3796 6022
153 319 213 386 931

528 317 752 383 APPENDIX
771 316 830 381 ΑΙ)
852 313 1046 382 HUGONIS
1069 314 1214 380 OPERA
1235 315 1453 382 MYSTICA..

156 522 206 598 qai
217 520 326 578 arande
337 519 482 590 laborant,
493 501 1029 592 sensuscorporales,qui,propterA
1046 517 1148 575 tribuit
1159 532 1227 593 esse
1239 518 1312 575 dees
1325 517 1523 592 pergratiam.
1539 517 1637 575 Fertis
1651 518 1803 590 petentia,
1815 518 1877 592 quia

156 616 312 684 utrumque
332 625 438 665 sexum
449 607 599 680 duplicati,
618 610 721 665 decem
741 609 822 664 fiunt.
835 609 889 674 Qui
908 608 985 664 bene

158 703 296 758 dicuntur
311 714 380 754 esse
391 699 486 754 beves
496 715 549 771 per
560 701 765 768 maturitatem,
778 715 837 754 nen
848 699 923 754 tauri
934 714 988 769 per

156 789 400 859 dissolutionem;
424 788 519 844 boves
534 804 588 859 per
602 788 821 858 continentiam,
838 804 897 843 non
912 787 988 842 tauri

155 894 209 952 per
222 877 386 933 lasciviam.
403 877 556 948 Stimulus,
582 893 639 948 que
662 879 843 949 punguntur,
867 875 987 931 atiiietio

156 967 292 1039 corperis
303 970 349 1023 est
360 967 389 1021 in
397 967 521 1039 vigitiis,
534 969 562 1021 et
569 963 706 1038 jejuniis,
720 968 748 1021 el
759 965 876 1021 caeteris
885 964 989 1038 huJ'us·

154 1057 246 1113 medi.
274 1057 405 1128 Terram,
431 1070 519 1127 quam
542 1055 685 1111 debemus
700 1071 794 1125 arare,
812 1052 988 1124 nosmetipsi

158 1162 273 1219 sumus,
296 1162 371 1218 quos
386 1144 529 1202 debemus
545 1161 630 1200 arcere
644 1159 698 1215 per
713 1145 982 1215 compunctionem,

156 1249 224 1309 quoe
235 1237 368 1291 nascitur
376 1235 411 1289 de
419 1233 598 1289 scrutatione
607 1238 794 1306 peccaterum
806 1236 986 1303 nestrorum;

154 1325 257 1380 binare
268 1341 323 1396 per
334 1323 600 1395 compunctionem,
613 1339 680 1395 quae
692 1323 785 1378 oritur
795 1322 830 1376 de
848 1321 987 1377 censide-

153 1414 267 1471 ratione
284 1412 447 1468 caelestium
461 1412 606 1468 denorum
621 1413 709 1468 nobis
725 1411 913 1481 collatorum;
929 1413 987 1465 ler-

152 1503 227 1558 tiare
252 1517 370 1574 quoque
394 1517 448 1572 per
472 1501 737 1572 compunctionem,
759 1517 825 1573 quae
843 1500 936 1556 oritur
950 1515 988 1555 ex

154 1591 561 1665 praegustatieneiulurerum
573 1590 729 1646 bonerum.
745 1591 893 1645 Debemus
901 1590 988 1646 etiam

153 1681 256 1737 limare
272 1682 381 1735 terram
404 1681 490 1735 istam
505 1696 558 1752 per
573 1680 743 1736 memoriam
758 1680 944 1751 antiquarum
960 1680 988 1734 et

154 1769 323 1842 iniquarum
339 1770 600 1825 conversationum
616 1771 793 1824 nostrarum.
806 1766 896 1833 Quasi
907 1784 988 1822 nam·

1046 609 1211 680 principem
1225 608 1317 681 hujus
1326 609 1427 663 mundi
1438 608 1651 665 custodientem
1661 608 1773 663 atrium
1783 623 1876 679 suum,

1046 698 1132 754 idest
1144 699 1295 769 mundum,
1308 697 1476 767 debellavit,
1498 699 1527 753 ει
1536 713 1608 752 vasa
1619 697 1698 769 ejus,
1711 697 1742 751 id
1760 703 1809 752 εει
1819 696 1877 753 erai-

1045 803 1120 857 mas,
1131 787 1276 859 inquibus
1288 787 1472 858 iniquitatem
1482 785 1777 858 posuerat,advitam
1785 789 1877 841 tamea

1044 876 1255 948 praedestinata
1270 876 1400 948 diripuit,
1417 879 1445 932 et
1459 876 1556 948 ipsum
1573 875 1693 948 dejecit,
1710 878 1738 931 et
1749 875 1877 948 alligavit

1046 967 1128 1035 (Lae.
1145 965 1187 1037 ιι),
1209 982 1246 1022 ne
1261 981 1343 1022 merc
1358 966 1477 1038 antiquo
1498 967 1528 1020 in
1552 965 1672 1022 homine
1694 964 1874 1034 dominetur,

1046 1054 1140 1110 donee
1164 1055 1195 1110 ia
1218 1057 1350 1127 tempere
1365 1054 1540 1110 Antichristi
1564 1055 1600 1109 ad
1617 1053 1771 1110 modicum
1786 1053 1875 1125 ipsius

1045 1144 1243 1215 permissione
1260 1144 1402 1215 solvatur,
1419 1147 1447 1199 et
1457 1147 1560 1216 postea
1575 1159 1643 1199 cum
1657 1145 1725 1199 suis
1735 1143 1768 1198 in
1779 1141 1876 1215 dieju·

1046 1233 1116 1287 dicii
1130 1233 1161 1287 in
1184 1232 1334 1288 internum
1354 1233 1515 1306 redigatur.
1541 1232 1629 1288 Pater
1651 1232 1872 1302 misericordia,

1046 1322 1114 1392 quia
1128 1324 1249 1392 paterna
1264 1323 1370 1393 pietate
1386 1322 1422 1377 ad
1439 1338 1495 1377 nes
1513 1322 1603 1391 venit,
1620 1324 1649 1378 et
1661 1336 1721 1378 nos
1736 1321 1872 1392 redemit,

1046 1414 1073 1464 ει
1081 1410 1257 1482 justificavit
1267 1415 1295 1466 ει
1303 1411 1491 1467 beatificavit.
1503 1411 1590 1466 Venit
1598 1411 1871 1483 perhumanitatem3

1045 1499 1170 1555 redemit
1193 1515 1247 1571 per
1270 1506 1459 1572 passionem,
1473 1499 1647 1572 justificavit
1661 1516 1718 1572 ρει
1745 1501 1870 1573 gratiam,

1044 1587 1222 1643 beatificavit
1230 1605 1284 1660 per
1294 1589 1430 1662 gloriam.
1444 1589 1588 1661 Princeps
1597 1588 1725 1661 justitia,
1736 1588 1808 1661 quia
1817 1586 1872 1644 red·

1044 1676 1093 1732 det
1108 1677 1267 1749 unicuique
1293 1678 1372 1750 qued
1387 1694 1474 1733 suum
1490 1681 1555 1749 est,
1581 1678 1658 1733 bena
1684 1678 1795 1750 benis,
1808 1678 1871 1733 mala

1044 1766 1140 1837 malis,
1156 1767 1244 1822 bonis
1259 1766 1399 1840 gloriam,
1417 1768 1503 1822 malis
1526 1783 1653 1838 poenam.
1679 1766 1867 1823 Admirabilis

154 1874 211 1932 que
220 1858 255 1913 de
265 1859 394 1931 singulis
406 1857 621 1914 mansiunculis
632 1857 801 1912 animalium
818 1861 988 1913 nestrorum
1001 1866 1028 1930 Β
1045 1871 1117 1928 erge
1133 1859 1180 1910 est
1189 1855 1296 1928 gloria,
1309 1857 1499 1913 consiliarius
1508 1856 1660 1927 sapientia,
1675 1855 1758 1912 Deus
1767 1859 1869 1925 natura,

154 1948 254 2003 timum
270 1964 362 2019 super
383 1950 492 2003 terram
511 1949 643 2002 nestram
659 1947 805 2016 ducimus,
823 1947 892 2001 dum
907 1962 988 2017 quae-

155 2052 272 2109 cunque
287 2053 354 2108 quae
369 2037 399 2091 in
420 2036 669 2092 conversionibus
684 2035 844 2107 praeteritis
860 2034 987 2090 carnali-

153 2127 199 2180 ter
214 2128 242 2180 et
256 2124 420 2180 bestialiter
434 2126 561 2198 egimus,
579 2125 615 2179 ad
631 2125 803 2181 memoriam
819 2125 987 2197 plangendo

156 2230 344 2270 revocamus.
354 2214 388 2269 Et
397 2216 482 2286 quasi
491 2218 649 2286 perpartes
659 2214 840 2286 spargimus,
852 2214 921 2268 dum
930 2213 989 2269 sin·

154 2303 225 2376 gula
248 2304 324 2358 male
339 2307 402 2358 acta
419 2319 472 2374 pro
488 2303 554 2358 leco
577 2307 605 2359 et
621 2305 762 2373 tempere,
779 2319 833 2374 pre
849 2303 987 2373 qualitate

154 2395 183 2447 et
197 2393 355 2464 quantitate
371 2392 558 2447 discutimus

189 2480 341 2535 Habemus
352 2481 463 2552 itaque,
477 2479 596 2550 tratres,
609 2480 758 2552 perfidem
769 2481 874 2552 pedem
886 2480 985 2551 aratri,

153 2567 272 2640 hagiam
287 2583 340 2638 ρει
350 2583 446 2639 spem,
458 2569 645 2624 manubrium
653 2586 707 2641 per
721 2569 903 2640 charitatem,
920 2569 988 2623 dex-

154 2658 250 2711 terum
259 2672 351 2711 cornu
363 2654 430 2727 ejus
442 2672 503 2728 per
520 2656 708 2712 dilectionem
722 2658 895 2728 amicerum,
912 2657 987 2713 sini-

153 2747 249 2800 strum
264 2762 317 2817 per
328 2745 516 2800 dilectionem
525 2745 723 2812 inimicorum,
736 2763 824 2803 aures
835 2748 924 2802 aratri
935 2763 989 2818 per

153 2833 991 2907 obedientiam,rotellas‘perutriusqueTestamcntiscien·

1045 1945 1130 2000 tertis
1137 1945 1277 2016 petentia,
1285 1948 1368 2016 pater
1379 1945 1743 2016 misericordia,princeps
1752 1945 1870 2018 ,iustitia

1044 2032 1131 2088 Vivet
1146 2036 1174 2088 et
1189 2033 1305 2088 dabitur
1318 2035 1355 2089 ei.
1373 2033 1448 2101 Quid
1463 2035 1581 2090 dabitur
1593 2034 1641 2089 ei?
1656 2034 1699 2088 De
1714 2049 1790 2090 auro
1806 2037 1871 2089 Αιε-

1044 2121 1121 2192 biae,
1148 2138 1208 2177 nen
1232 2121 1330 2178 selum
1346 2122 1381 2177 de
1397 2139 1489 2194 aure,
1512 2123 1566 2178 sed
1582 2125 1609 2178 et
1626 2123 1662 2177 de
1677 2123 1785 2194 thure,
1802 2125 1830 2179 et
1842 2123 1872 2178 de

1045 2210 1174 2283 myrrha.
1187 2210 1310 2281 Aurum,
1323 2211 1598 2284 preptcrtulgerem
1611 2211 1721 2267 diviaoe
1731 2210 1872 2284 cognitio·

1045 2300 1103 2371 nis,
1114 2300 1264 2373 signitieat
1275 2300 1445 2370 claritatem,
1458 2300 1487 2355 id
1499 2303 1545 2355 est
1555 2300 1749 2371 tidem3tbus,
1762 2302 1875 2372 propter

1046 2405 1130 2444 suam
1154 2389 1361 2460 redolentiam,
1388 2389 1538 2462 significat
1560 2389 1668 2444 bonam
1696 2389 1874 2461 opinionem,

1045 2478 1176 2549 myrrha,
1197 2495 1263 2550 quae
1285 2494 1409 2550 corpora
1425 2480 1526 2534 servat
1539 2478 1727 2550 incorrupta,
1743 2479 1875 2552 designat

1046 2567 1145 2622 carnis
1152 2567 1414 2639 incorruptionem.
1424 2568 1590 2623 Possumus
1597 2571 1695 2623 autem
1704 2567 1740 2623 de
1751 2567 1875 2639 myrrha,

1045 2659 1165 2727 prepter
1180 2655 1247 2727 ejus
1259 2657 1493 2728 amaritudinem,
1509 2655 1690 2727 multiplices
1705 2656 1826 2713 trahere
1840 2657 1877 2712 si·

1046 2744 1262 2818 gnificatloaes
1273 2746 1440 2801 Estetenim
1448 2746 1567 2817 myrrha
1576 2746 1700 2817 doloris,
1714 2748 1875 2819 estetmyr·

1046 2833 1099 2888 rba
1109 2835 1233 2905 timoriS,
1246 2837 1293 2889 est
1303 2837 1332 2889 et
1341 2834 1461 2907 myrrha
1470 2835 1707 2907 compunctionis
1717 2838 1877 2908 estetmgr-

154 2923 235 2995 tiam,
252 2923 400 2979 culturum
411 2926 440 2978 et
454 2939 604 2979 vomerem
621 2940 674 2995 per
689 2941 792 2980 sanam
808 2925 951 2980 rationem
961 2929 990 2979 et
1046 2922 1100 2978 rba
1114 2923 1326 2996 confessionis,
1337 2928 1383 2979 est
1393 2924 1547 2996 etmyrrha
1556 2923 1785 2995 satisfactionis,
1797 2928 1843 2981 est
1851 2927 1876 2980 ει

153 3011 567 3086 sanamintcllectum,jugum
576 3014 771 3086 pertimerem
780 3014 989 3085 divinum,eer-
1046 3013 1166 3083 myrrha
1178 3013 1408 3082 exercitationis,
1426 3017 1511 3069 estet
1522 3014 1641 3085 myrrha
1654 3013 1780 3085 laberis,
1792 3018 1839 3070 εει
1852 3016 1876 3069 ει

103 3158 109 3169 ,
152 3102 246 3176 rigias
258 3103 466 3174 perpraecepta
477 3102 864 3175 legis,bevcsperquinque
877 3119 988 3158 sensus
1044 3101 1165 3174 myrrha
1180 3101 1388 3174 subjectionis,
1406 3107 1450 3158 est
1467 3105 1496 3158 et
1511 3103 1629 3174 myrrha
1646 3104 1873 3174 compassionis;

154 3193 301 3264 corporis,
314 3192 466 3246 stimulum
482 3207 536 3263 ρει
553 3191 744 3247 altiietienem
760 3193 870 3262 carnis,
887 3197 988 3247 aratu·
1003 3175 1029 3238 (ἶ
1046 3193 1091 3246 εει
1106 3191 1225 3262 myrrha
1241 3208 1359 3264 queque
1374 3192 1536 3263 passienis.
1554 3191 1673 3264 Myrrha
1688 3192 1804 3249 deteris
1818 3197 1871 3263 εει,

153 3297 216 3336 rnm
227 3280 371 3351 triplicem
380 3292 433 3351 per
441 3281 861 3352 tripliccmcompunctionem,
874 3282 988 3337 tlmutu·
1045 3281 1163 3353 quando
1179 3284 1326 3336 transacta
1342 3281 1417 3335 mala
1432 3282 1644 3354 recogitamus,
1661 3284 1691 3337 ει
1710 3282 1781 3339 inde
1797 3281 1871 3339 dele-

153 3385 217 3424 rem
232 3385 286 3439 per
295 3371 484 3439 peecatorum
494 3369 740 3425 recordationem.
757 3370 875 3426 Semina
890 3375 988 3427 autem
1045 3386 1122 3425 mus.
1144 3370 1263 3441 Myrrha
1288 3371 1402 3425 timoris
1417 3374 1473 3441 cst,
1489 3371 1607 3442 quando
1623 3387 1678 3441 pre
1693 3372 1799 3443 malis,
1814 3362 1870 3444 que

153 3458 255 3511 nestra
270 3460 339 3511 sunt
353 3457 429 3511 dena
443 3457 562 3529 divina3
579 3475 633 3513 vas
653 3458 684 3513 ia
705 3475 764 3530 quo
780 3476 815 3515 ea
831 3476 987 3520 servamus
1046 3458 1269 3530 commisimus,
1293 3459 1420 3515 suturam
1441 3476 1558 3531 poenam
1583 3461 1734 3517 timemus.
1761 3461 1869 3533 Myrrha

152 3543 320 3599 intellectus
331 3548 360 3599 et
370 3559 479 3601 sensus
491 3546 654 3617 spiritualis
666 3551 721 3604 est.
735 3548 794 3604 Ista
805 3551 919 3606 semina
929 3556 988 3608 ter·
1046 3549 1282 3619 compunctionis
1290 3552 1344 3618 εει,
1353 3550 1611 3622 quando,cegeate
1620 3550 1868 3617 delereettimere,

152 3649 195 3689 ree
205 3633 390 3705 mandamus,
403 3635 520 3706 quande
532 3651 566 3690 ea
575 3634 693 3692 affectui
704 3640 732 3692 et
743 3636 860 3695 eilectui
872 3643 987 3697 manci·
1045 3637 1081 3692 de
1093 3636 1178 3692 malis
1189 3639 1381 3708 perpetratus
1390 3639 1624 3711 compungimur.
1634 3638 1755 3711 Myrrha
1762 3641 1869 3698 contee-

151 3721 404 3795 pamuszaileetui
414 3740 467 3796 per
478 3724 675 3796 dilectionem,
688 3725 805 3783 effectui
816 3745 870 3800 per
879 3745 987 3802 epera—
1045 3726 1141 3781 sienis
1163 3729 1219 3797 est,
1241 3726 1358 3797 quande
1379 3726 1465 3797 mala,
1484 3741 1549 3799 quoe
1571 3728 1689 3800 egimus
1713 3729 1870 3786 confitendo

151 3813 272 3869 tionem.
283 3814 325 3867 lm
334 3812 711 3887 lacrymisseminamuS,in
720 3817 917 3875 exsultatione
926 3837 987 3876 me·
1045 3815 1264 3870 erubescimus.
1277 3814 1397 3887 Myrrha
1412 3814 1535 3886 laberis,
1547 3816 1776 3889 satisfactionis,
1789 3834 1871 3891 quaa-

151 3906 259 3958 ιειιιιιε.
272 3902 459 3959 Seminamus
471 3904 501 3958 in
512 3904 662 3978 lacrymis,
676 3906 744 3977 quia
756 3909 918 3980 omnesqui
936 3927 987 3965 ro·
1045 3904 1092 3974 de,
1100 3908 1168 3975 pest
1178 3903 1692 3976 contessionemdetransgressione
1703 3906 1781 3962 divae
1789 3906 1867 3980 legis,

151 3989 215 4045 tunt
223 3991 274 4062 pie
288 3992 391 4046 vivere
403 3993 434 4046 in
447 3993 569 4048 Christe
576 3997 818 4066 persecutionem
830 3999 986 4069 patientur
1043 3993 1105 4047 Deo
1114 3993 1365 4064 pooofssiotlossom
1379 3993 1560 4064 poenilooiioe
1578 4010 1632 4066 pro
1644 3994 1766 4053 modulo
1776 3999 1869 4052 nootlo

152 4076 196 4149 (II
205 4077 276 4133 Tim.
289 4080 347 4149 ιιι);
359 4083 504 4136 ιιιειειιιιιε
513 4083 758 4156 inexsultatiene,
769 4086 986 4160 quiagaudcbi-
1043 4082 1257 4139 satisfecimus
1266 4082 1386 4155 Myrrha
1394 4082 1506 4138 laberis
1518 4085 1573 4153 est,
1582 4084 1701 4155 quande
1709 4085 1869 4156 iasexepe·

151 4181 219 4220 mus
233 4166 264 4220 in
278 4168 481 4225 retributione.
501 4169 585 4236 Quod
602 4171 668 4242 ipse
688 4177 832 4244 praestare
848 4175 986 4249 dignetur
1042 4171 1127 4226 ribus
1138 4170 1352 4227 misericordiae
1365 4171 1501 4243 proximo
1512 4172 1867 4231 exhibendislaberamus.

152 4253 203 4327 qui
216 4253 289 4310 vivit
304 4258 332 4311 et
345 4261 460 4330 regnat,
476 4261 533 4314 cte.
1042 4259 1162 4332 Myrrha
1174 4261 1395 4317 exercitationis
1412 4263 1467 4332 εει,
1487 4262 1615 4334 quande,
1636 4261 1719 4319 vitiis
1742 4263 1868 4336 expulsis

448 4346 578 4404 sunnio
596 4349 691 4406 XVll.
1041 4349 1277 4420 perdiuturnum
1295 4351 1469 4406 exercitium
1479 4351 1516 4406 ad
1532 4351 1657 4407 virtutes
1674 4353 1867 4424 pervenimus.

380 4432 415 4490 ln
434 4432 602 4508 Epiphania
622 4439 749 4496 Domini.
1041 4437 1161 4510 Myrrha
1172 4439 1369 4512 subJ'ectienis
1384 4443 1440 4512 est,
1451 4440 1569 4512 quande
1579 4440 1750 4498 sublimiori
1756 4445 1867 4515 prepter

191 4518 287 4597 Vivet,
301 4528 330 4581 ot
341 4522 464 4580 dabitur·
474 4526 504 4581 ei
516 4525 554 4582 cle
564 4543 636 4583 aure
645 4529 770 4586 Arabiae
783 4530 982 4606 (Psal.1,xxr).
1041 4525 1304 4594 Doumsubdimur,
1313 4532 1341 4584 et
1352 4529 1419 4584 inde
1430 4544 1641 4602 nonnunquam
1651 4530 1866 4587 amaritudinem

148 4609 222 4680 Quis
237 4617 284 4670 est
299 4614 349 4686 qui
363 4613 454 4686 vivet,
468 4616 497 4669 et
508 4616 556 4670 cui
570 4616 688 4673 dabitur
702 4619 738 4674 de
754 4635 826 4676 aure
841 4623 959 4678 hrabiae
970 4624 984 4678 ι
996 4653 1025 4716 D
1041 4616 1211 4671 toleramus.
1222 4617 1341 4689 lligrrlm
1352 4620 1448 4673 autem
1457 4619 1676 4690 compassionis
1687 4623 1745 4693 est,
1759 4619 1866 4693 quande

150 4701 288 4776 Puerqui
297 4709 437 4759 natusest
446 4704 543 4775 nobis,
551 4711 580 4761 et
587 4704 668 4761 trtius
676 4709 726 4780 qai
733 4708 821 4785 datus
829 4720 875 4766 est
885 4712 981 4781 nobis,
1040 4704 1146 4760 olienis
1168 4706 1255 4760 molis
1271 4706 1475 4777 compotimur·
1503 4708 1624 4780 Myrrha
1638 4725 1711 4765 voro
1724 4708 1866 4784 passionis

150 4791 982 4870 cujusnemenrtdmirabitisConsiliaries,Deus.Fertis.
1041 4799 1098 4867 est,
1113 4794 1230 4867 quande
1247 4796 1323 4850 mala
1338 4799 1440 4851 nostra
1455 4795 1592 4868 patimur.
1646 4852 1650 4858 .

150 4877 467 4953 Patertoturismculi,
478 4883 628 4957 Princeps
639 4887 724 4958 pacis
732 4887 803 4957 (Isa.
815 4889 867 4959 rx).
879 4890 984 4944 Admi-
1076 4884 1228 4940 Habemus
1239 4885 1336 4957 itaque
1348 4885 1450 4942 decem
1461 4887 1579 4958 species
1588 4889 1719 4960 myrrhae
1730 4905 1737 4946 :
1749 4888 1863 4963 primam

150 4966 253 5022 rabilis
269 4968 374 5040 gloria,
392 4970 581 5027 consiliarius
593 4975 754 5048 sapientia,
771 4976 851 5032 Deus
868 4982 981 5048 natura,
1039 4989 1093 5044 por
1107 4973 1249 5043 dolorem,
1267 4975 1429 5031 secundam
1451 4976 1664 5050 pertimerem,
1683 4979 1803 5035 tertiam
1820 4990 1864 5051 ρει

148 5054 235 5112 tertis
246 5059 385 5129 petentia,
397 5062 980 5138 patermisericordia,princepsjustitia.
1039 5064 1307 5135 compunctionem,
1324 5067 1458 5136 quartum
1472 5082 1526 5137 por
1541 5066 1776 5139 confessionem,
1792 5083 1864 5142 quio

148 5143 341 5201 Admirabilis
349 5148 454 5220 gloria,
465 5151 687 5224 quiaetengeli,
695 5155 852 5225 praenimia
861 5155 984 5211 admira.
1037 5152 1096 5204 tam
1110 5167 1165 5222 per
1175 5152 1420 5226 satisfactionem,
1432 5159 1610 5227 sextamper
1629 5158 1862 5214 exercitationem

147 5234 227 5290 tiene
243 5234 348 5309 gleriae
364 5236 441 5309 ejus,
454 5237 484 5291 in
495 5239 593 5310 ipsum
605 5242 824 5312 prospicientes
836 5243 979 5316 dificiant,
1036 5240 1193 5312 virtutum,
1223 5243 1378 5313 septimani
1401 5260 1455 5315 per
1476 5244 1689 5303 exhibitionem
1725 5248 1862 5305 benorum

142 5323 177 5380 'et
191 5328 309 5380 cantant
323 5325 456 5381 dicentes
475 5342 481 5381 :
500 5326 591 5381 Pleni
605 5334 673 5383 εειιι
689 5330 757 5385 cmii
772 5336 801 5386 ct
818 5337 901 5387 terra
916 5350 979 5388 rna-
1037 5343 1175 5401 operum,
1202 5333 1336 5387 octavam
1359 5346 1413 5401 ρει
1437 5333 1673 5406 subiectionem,
1689 5352 1800 5401 aenam
1816 5349 1862 5408 per

141 5410 381 5489 testatispteriae
392 5420 458 5471 tum.
475 5412 671 5472 consiliarius
686 5419 840 5490 sapientia.
856 5421 923 5493 quia
935 5426 981 5478 est
1037 5419 1286 5490 compassionem,
1298 5420 1441 5476 decimam
1449 5438 1503 5493 per
1512 5424 1696 5494 passionem.
1705 5424 1862 5482 Offeramus

139 5494 283 5576 'angelus
309 5504 410 5577 magni
435 5503 569 5574 consilii,
596 5506 647 5577 qui
671 5506 821 5565 hominem
845 5512 876 5566 in
899 5512 980 5569 invio
1036 5507 1351 5581 etnos,tratres,nato
1370 5509 1505 5581 Domino,
1525 5512 1723 5585 aarumthus
1743 5519 1773 5572 ει
1790 5530 1861 5587 mar·

140 5584 328 5648 ¹infidelitatis
348 5597 376 5648 et
395 5591 558 5664 iniquitatis
579 5597 725 5651 errantem
748 5599 877 5656 reduxit.
899 5601 980 5658 Deus
1036 5602 1236 5660 homiliarum
1245 5606 1404 5678 persidem,
1417 5606 1487 5663 thus
1498 5623 1552 5681 ρει
1562 5609 1673 5666 bonam
1688 5611 1858 5684 opinionem,

144 5680 265 5756 maura,
281 5682 350 5756 quia
364 5680 502 5741 deitatem
515 5681 605 5741 hebet
617 5699 672 5759 ρει
685 5691 835 5764 naturam,
858 5693 888 5746 ει
914 5691 981 5747 aliis
1036 5695 1157 5769 myrrha
1182 5709 1237 5769 per
1272 5696 1372 5753 earnis
1398 5699 1509 5755 nestrae
1538 5696 1813 5779 incorruptionem,
1836 5700 1859 5756 ει
