<?xml version="1.0" encoding="UTF-8"?>
<!DOCTYPE html PUBLIC "-//W3C//DTD XHTML 1.0 Transitional//EN"
    "http://www.w3.org/TR/xhtml1/DTD/xhtml1-transitional.dtd">
<html xmlns="http://www.w3.org/1999/xhtml" xml:lang="en" lang="en">
 <head>
  <title>
</title>
<meta http-equiv="Content-Type" content="text/html;charset=utf-8" />
  <meta name='ocr-system' content='tesseract 3.04.00' />
  <meta name='ocr-capabilities' content='ocr_page ocr_carea ocr_par ocr_line ocrx_word'/>
</head>
<body>
  <div class='ocr_page' id='page_1' title='image "./patrologiaecurs28unkngoog_0177.png"; bbox 0 0 3796 6022; ppageno 0'>
   <div class='ocr_carea' id='block_1_1' title="bbox 108 239 1843 322">
    <p class='ocr_par' dir='ltr' id='par_1_1' title="bbox 108 239 1843 322">
     <span class='ocr_line' id='line_1_1' title="bbox 108 239 1843 322; baseline 0.009 -16"><span class='ocrx_word' id='word_1_1' title='bbox 108 239 173 315; x_wconf 68' lang='grc'><strong>343</strong></span> <span class='ocrx_word' id='word_1_2' title='bbox 469 245 691 312; x_wconf 79' lang='lat' dir='ltr'>APPENDIX</span> <span class='ocrx_word' id='word_1_3' title='bbox 719 245 778 310; x_wconf 87' lang='grc' dir='ltr'><strong>ΑΙ)</strong></span> <span class='ocrx_word' id='word_1_4' title='bbox 805 245 998 313; x_wconf 72' lang='lat' dir='ltr'><strong>HUGONIS</strong></span> <span class='ocrx_word' id='word_1_5' title='bbox 1026 247 1173 314; x_wconf 76' lang='lat' dir='ltr'><strong>OPERA</strong></span> <span class='ocrx_word' id='word_1_6' title='bbox 1197 246 1452 314; x_wconf 78' lang='lat' dir='ltr'><strong>noeMAmca</strong></span> <span class='ocrx_word' id='word_1_7' title='bbox 1785 251 1843 322; x_wconf 76' lang='lat' dir='ltr'><strong>tlt</strong></span> 
     </span>
    </p>
   </div>
   <div class='ocr_carea' id='block_1_2' title="bbox 94 448 1849 3034">
    <p class='ocr_par' dir='ltr' id='par_1_2' title="bbox 109 448 1849 2568">
     <span class='ocr_line' id='line_1_2' title="bbox 111 448 1844 555; baseline 0.005 -49"><span class='ocrx_word' id='word_1_8' title='bbox 111 448 316 522; x_wconf 79' lang='lat' dir='ltr'><strong>epithalamica</strong></span> <span class='ocrx_word' id='word_1_9' title='bbox 327 449 462 524; x_wconf 71' lang='lat' dir='ltr'><strong>gloriose</strong></span> <span class='ocrx_word' id='word_1_10' title='bbox 474 450 625 522; x_wconf 75' lang='lat' dir='ltr'><strong>regnaturi</strong></span> <span class='ocrx_word' id='word_1_11' title='bbox 650 448 868 523; x_wconf 79' lang='lat' dir='ltr'><strong>sigaitleaatar.</strong></span> <span class='ocrx_word' id='word_1_12' title='bbox 897 450 952 509; x_wconf 87' lang='lat' dir='ltr'><strong>Vel</strong></span> <span class='ocrx_word' id='word_1_13' title='bbox 967 492 995 555; x_wconf 70' lang='grc' dir='ltr'><strong>Α</strong></span> <span class='ocrx_word' id='word_1_14' title='bbox 1009 451 1259 522; x_wconf 80' lang='lat' dir='ltr'><strong>quiamulisribas</strong></span> <span class='ocrx_word' id='word_1_15' title='bbox 1268 454 1467 526; x_wconf 82' lang='lat' dir='ltr'><strong>venientibus,</strong></span> <span class='ocrx_word' id='word_1_16' title='bbox 1483 459 1547 513; x_wconf 90' lang='lat' dir='ltr'><strong>erto</strong></span> <span class='ocrx_word' id='word_1_17' title='bbox 1555 455 1617 530; x_wconf 78' lang='lat' dir='ltr'><strong>jam</strong></span> <span class='ocrx_word' id='word_1_18' title='bbox 1632 459 1707 529; x_wconf 90' lang='lat' dir='ltr'><strong>sole,</strong></span> <span class='ocrx_word' id='word_1_19' title='bbox 1728 460 1764 514; x_wconf 91' lang='lat' dir='ltr'><strong>ad</strong></span> <span class='ocrx_word' id='word_1_20' title='bbox 1781 476 1844 514; x_wconf 90' lang='lat' dir='ltr'><strong>mo·</strong></span> 
     </span>
     <span class='ocr_line' id='line_1_3' title="bbox 111 540 1843 616; baseline 0.005 -19"><span class='ocrx_word' id='word_1_21' title='bbox 111 545 179 599; x_wconf 83' lang='lat' dir='ltr'><strong>oete</strong></span> <span class='ocrx_word' id='word_1_22' title='bbox 194 540 299 612; x_wconf 79' lang='lat' dir='ltr'><strong>psaliru</strong></span> <span class='ocrx_word' id='word_1_23' title='bbox 320 541 489 611; x_wconf 76' lang='lat' dir='ltr'><strong>exprimunt</strong></span> <span class='ocrx_word' id='word_1_24' title='bbox 509 543 575 598; x_wconf 89' lang='lat' dir='ltr'><strong>ceto</strong></span> <span class='ocrx_word' id='word_1_25' title='bbox 605 540 725 596; x_wconf 79' lang='lat' dir='ltr'><strong>ordines</strong></span> <span class='ocrx_word' id='word_1_26' title='bbox 741 541 792 611; x_wconf 87' lang='lat' dir='ltr'><strong>qui</strong></span> <span class='ocrx_word' id='word_1_27' title='bbox 811 556 865 612; x_wconf 90' lang='lat' dir='ltr'><strong>per</strong></span> <span class='ocrx_word' id='word_1_28' title='bbox 879 540 951 611; x_wconf 90' lang='lat' dir='ltr'><strong>bap·</strong></span> <span class='ocrx_word' id='word_1_29' title='bbox 1008 544 1189 611; x_wconf 86' lang='lat' dir='ltr'><strong>numentum,</strong></span> <span class='ocrx_word' id='word_1_30' title='bbox 1207 544 1305 616; x_wconf 75' lang='lat' dir='ltr'><strong>angeli</strong></span> <span class='ocrx_word' id='word_1_31' title='bbox 1325 546 1843 606; x_wconf 84' lang='lat' dir='ltr'><strong>annuntiaveruntChristumsurre·</strong></span> 
     </span>
     <span class='ocr_line' id='line_1_4' title="bbox 109 629 1843 705; baseline 0.003 -18"><span class='ocrx_word' id='word_1_32' title='bbox 109 633 233 690; x_wconf 76' lang='lat' dir='ltr'><strong>tiemari</strong></span> <span class='ocrx_word' id='word_1_33' title='bbox 255 630 288 687; x_wconf 83' lang='lat' dir='ltr'><strong>ia</strong></span> <span class='ocrx_word' id='word_1_34' title='bbox 312 629 447 686; x_wconf 78' lang='lat' dir='ltr'><strong>Ecclesia</strong></span> <span class='ocrx_word' id='word_1_35' title='bbox 472 629 550 684; x_wconf 87' lang='lat' dir='ltr'><strong>sicut</strong></span> <span class='ocrx_word' id='word_1_36' title='bbox 572 633 639 689; x_wconf 79' lang='lat' dir='ltr'><strong>ocio</strong></span> <span class='ocrx_word' id='word_1_37' title='bbox 668 629 774 685; x_wconf 85' lang='lat' dir='ltr'><strong>animae</strong></span> <span class='ocrx_word' id='word_1_38' title='bbox 802 645 857 700; x_wconf 87' lang='lat' dir='ltr'><strong>per</strong></span> <span class='ocrx_word' id='word_1_39' title='bbox 877 630 951 685; x_wconf 90' lang='lat' dir='ltr'><strong>dilu-</strong></span> <span class='ocrx_word' id='word_1_40' title='bbox 1009 629 1103 685; x_wconf 88' lang='lat' dir='ltr'><strong>xisse.</strong></span> <span class='ocrx_word' id='word_1_41' title='bbox 1120 630 1155 685; x_wconf 85' lang='lat' dir='ltr'><strong>Et</strong></span> <span class='ocrx_word' id='word_1_42' title='bbox 1166 632 1234 704; x_wconf 91' lang='lat' dir='ltr'><strong>quia</strong></span> <span class='ocrx_word' id='word_1_43' title='bbox 1249 633 1315 688; x_wconf 80' lang='lat' dir='ltr'><strong>haec</strong></span> <span class='ocrx_word' id='word_1_44' title='bbox 1331 634 1403 690; x_wconf 88' lang='lat' dir='ltr'><strong>hera</strong></span> <span class='ocrx_word' id='word_1_45' title='bbox 1418 635 1668 705; x_wconf 88' lang='lat' dir='ltr'><strong>initiumestdiei,</strong></span> <span class='ocrx_word' id='word_1_46' title='bbox 1685 637 1716 691; x_wconf 91' lang='lat' dir='ltr'><strong>in</strong></span> <span class='ocrx_word' id='word_1_47' title='bbox 1733 654 1768 692; x_wconf 90' lang='lat' dir='ltr'><strong>ea</strong></span> <span class='ocrx_word' id='word_1_48' title='bbox 1784 639 1843 694; x_wconf 88' lang='lat' dir='ltr'><strong>lau·</strong></span> 
     </span>
     <span class='ocr_line' id='line_1_5' title="bbox 110 718 1841 792; baseline 0.003 -16"><span class='ocrx_word' id='word_1_49' title='bbox 110 722 195 779; x_wconf 85' lang='lat' dir='ltr'><strong>vium</strong></span> <span class='ocrx_word' id='word_1_50' title='bbox 207 721 237 777; x_wconf 83' lang='lat' dir='ltr'><strong>ia</strong></span> <span class='ocrx_word' id='word_1_51' title='bbox 252 719 491 777; x_wconf 82' lang='lat' dir='ltr'><strong>arcasalveatur.</strong></span> <span class='ocrx_word' id='word_1_52' title='bbox 504 718 621 773; x_wconf 81' lang='lat' dir='ltr'>Primus</span> <span class='ocrx_word' id='word_1_53' title='bbox 640 719 951 790; x_wconf 84' lang='lat' dir='ltr'><strong>noteturperprirnum</strong></span> <span class='ocrx_word' id='word_1_54' title='bbox 1010 718 1114 774; x_wconf 87' lang='lat' dir='ltr'><strong>demus</strong></span> <span class='ocrx_word' id='word_1_55' title='bbox 1125 719 1227 790; x_wconf 88' lang='lat' dir='ltr'><strong>Deum,</strong></span> <span class='ocrx_word' id='word_1_56' title='bbox 1246 722 1313 792; x_wconf 89' lang='lat' dir='ltr'><strong>quia</strong></span> <span class='ocrx_word' id='word_1_57' title='bbox 1328 722 1408 778; x_wconf 88' lang='lat' dir='ltr'><strong>dedit</strong></span> <span class='ocrx_word' id='word_1_58' title='bbox 1426 725 1513 779; x_wconf 89' lang='lat' dir='ltr'><strong>nobis</strong></span> <span class='ocrx_word' id='word_1_59' title='bbox 1533 729 1649 781; x_wconf 87' lang='lat' dir='ltr'><strong>nectem</strong></span> <span class='ocrx_word' id='word_1_60' title='bbox 1665 743 1732 781; x_wconf 83' lang='lat' dir='ltr'><strong>cuin</strong></span> <span class='ocrx_word' id='word_1_61' title='bbox 1748 728 1841 782; x_wconf 90' lang='lat' dir='ltr'><strong>salute</strong></span> 
     </span>
     <span class='ocr_line' id='line_1_6' title="bbox 113 807 1841 887; baseline 0 -18"><span class='ocrx_word' id='word_1_62' title='bbox 113 812 271 884; x_wconf 73' lang='lat' dir='ltr'><strong>psalmam,</strong></span> <span class='ocrx_word' id='word_1_63' title='bbox 285 809 379 880; x_wconf 86' lang='lat' dir='ltr'><strong>prima</strong></span> <span class='ocrx_word' id='word_1_64' title='bbox 392 807 527 862; x_wconf 72' lang='lat' dir='ltr'><strong>Ecclesia</strong></span> <span class='ocrx_word' id='word_1_65' title='bbox 543 807 688 865; x_wconf 84' lang='lat' dir='ltr'><strong>aediilcata</strong></span> <span class='ocrx_word' id='word_1_66' title='bbox 717 824 771 879; x_wconf 89' lang='lat' dir='ltr'><strong>per</strong></span> <span class='ocrx_word' id='word_1_67' title='bbox 798 809 951 879; x_wconf 86' lang='lat' dir='ltr'><strong>apostolos</strong></span> <span class='ocrx_word' id='word_1_68' title='bbox 1009 808 1146 863; x_wconf 88' lang='lat' dir='ltr'><strong>transire.</strong></span> <span class='ocrx_word' id='word_1_69' title='bbox 1163 809 1301 866; x_wconf 87' lang='lat' dir='ltr'><strong>invocato</strong></span> <span class='ocrx_word' id='word_1_70' title='bbox 1313 828 1385 885; x_wconf 76' lang='lat' dir='ltr'><strong>ergo</strong></span> <span class='ocrx_word' id='word_1_71' title='bbox 1400 814 1500 870; x_wconf 90' lang='lat' dir='ltr'><strong>divino</strong></span> <span class='ocrx_word' id='word_1_72' title='bbox 1514 815 1634 885; x_wconf 87' lang='lat' dir='ltr'><strong>auxilio,</strong></span> <span class='ocrx_word' id='word_1_73' title='bbox 1644 815 1841 887; x_wconf 82' lang='lat' dir='ltr'><strong>etgloritirala</strong></span> 
     </span>
     <span class='ocr_line' id='line_1_7' title="bbox 116 896 1841 976; baseline 0.002 -18"><span class='ocrx_word' id='word_1_74' title='bbox 116 915 301 958; x_wconf 85' lang='lat' dir='ltr'><strong>conversans</strong></span> <span class='ocrx_word' id='word_1_75' title='bbox 316 898 459 953; x_wconf 81' lang='lat' dir='ltr'><strong>ialudoea</strong></span> <span class='ocrx_word' id='word_1_76' title='bbox 473 913 480 966; x_wconf 81' lang='lat'><em>3</em></span> <span class='ocrx_word' id='word_1_77' title='bbox 497 897 650 953; x_wconf 89' lang='lat' dir='ltr'><strong>secundus</strong></span> <span class='ocrx_word' id='word_1_78' title='bbox 666 914 720 969; x_wconf 88' lang='lat' dir='ltr'><strong>per</strong></span> <span class='ocrx_word' id='word_1_79' title='bbox 730 899 905 966; x_wconf 87' lang='lat' dir='ltr'><strong>secundum,</strong></span> <span class='ocrx_word' id='word_1_80' title='bbox 916 898 952 952; x_wconf 92' lang='lat' dir='ltr'><strong>de</strong></span> <span class='ocrx_word' id='word_1_81' title='bbox 1011 896 1151 953; x_wconf 89' lang='lat' dir='ltr'><strong>Trinitate</strong></span> <span class='ocrx_word' id='word_1_82' title='bbox 1162 915 1367 973; x_wconf 88' lang='lat' dir='ltr'><strong>personarum,</strong></span> <span class='ocrx_word' id='word_1_83' title='bbox 1380 906 1411 957; x_wconf 89' lang='lat' dir='ltr'><strong>ut</strong></span> <span class='ocrx_word' id='word_1_84' title='bbox 1424 902 1547 975; x_wconf 82' lang='lat' dir='ltr'><strong>dignam</strong></span> <span class='ocrx_word' id='word_1_85' title='bbox 1561 909 1617 974; x_wconf 89' lang='lat' dir='ltr'><strong>est,</strong></span> <span class='ocrx_word' id='word_1_86' title='bbox 1631 905 1769 976; x_wconf 78' lang='lat' dir='ltr'><strong>llpmnun</strong></span> <span class='ocrx_word' id='word_1_87' title='bbox 1781 906 1841 960; x_wconf 84' lang='lat' dir='ltr'><strong>lieo</strong></span> 
     </span>
     <span class='ocr_line' id='line_1_8' title="bbox 114 985 1842 1061; baseline 0.001 -15"><span class='ocrx_word' id='word_1_88' title='bbox 114 989 272 1046; x_wconf 78' lang='lat' dir='ltr'><strong>ludaismo</strong></span> <span class='ocrx_word' id='word_1_89' title='bbox 288 987 439 1043; x_wconf 87' lang='lat' dir='ltr'><strong>transiens</strong></span> <span class='ocrx_word' id='word_1_90' title='bbox 454 987 622 1058; x_wconf 77' lang='lat' dir='ltr'><strong>adgentes,</strong></span> <span class='ocrx_word' id='word_1_91' title='bbox 640 987 956 1057; x_wconf 85' lang='lat' dir='ltr'><strong>apostelispreedicna·</strong></span> <span class='ocrx_word' id='word_1_92' title='bbox 1005 985 1070 1058; x_wconf 80' lang='lat' dir='ltr'><strong>jam</strong></span> <span class='ocrx_word' id='word_1_93' title='bbox 1084 988 1161 1042; x_wconf 87' lang='lat' dir='ltr'><strong>lacis</strong></span> <span class='ocrx_word' id='word_1_94' title='bbox 1182 996 1248 1044; x_wconf 86' lang='lat' dir='ltr'><strong>orto</strong></span> <span class='ocrx_word' id='word_1_95' title='bbox 1269 991 1382 1061; x_wconf 80' lang='lat' dir='ltr'><strong><em>sidere,</em></strong></span> <span class='ocrx_word' id='word_1_96' title='bbox 1409 993 1571 1049; x_wconf 87' lang='lat' dir='ltr'><strong>reddimus.</strong></span> <span class='ocrx_word' id='word_1_97' title='bbox 1596 994 1708 1049; x_wconf 78' lang='lat' dir='ltr'><strong>Deinde</strong></span> <span class='ocrx_word' id='word_1_98' title='bbox 1737 995 1767 1048; x_wconf 92' lang='lat' dir='ltr'><strong>in</strong></span> <span class='ocrx_word' id='word_1_99' title='bbox 1789 995 1842 1048; x_wconf 90' lang='lat' dir='ltr'><strong>hae</strong></span> 
     </span>
     <span class='ocr_line' id='line_1_9' title="bbox 114 1074 1844 1153; baseline 0.002 -19"><span class='ocrx_word' id='word_1_100' title='bbox 114 1078 194 1138; x_wconf 77' lang='lat' dir='ltr'><strong>tibias</strong></span> <span class='ocrx_word' id='word_1_101' title='bbox 205 1077 315 1149; x_wconf 85' lang='lat' dir='ltr'><strong>ubique</strong></span> <span class='ocrx_word' id='word_1_102' title='bbox 333 1093 340 1145; x_wconf 78' lang='lat'>3</span> <span class='ocrx_word' id='word_1_103' title='bbox 357 1076 471 1131; x_wconf 80' lang='lat' dir='ltr'><strong>tertius.</strong></span> <span class='ocrx_word' id='word_1_104' title='bbox 488 1075 614 1131; x_wconf 87' lang='lat' dir='ltr'><strong>credens</strong></span> <span class='ocrx_word' id='word_1_105' title='bbox 635 1075 785 1146; x_wconf 72' lang='lat' dir='ltr'>gentilitas</span> <span class='ocrx_word' id='word_1_106' title='bbox 803 1092 810 1145; x_wconf 74' lang='grc' dir='ltr'><strong>ς</strong></span> <span class='ocrx_word' id='word_1_107' title='bbox 831 1080 954 1147; x_wconf 87' lang='lat' dir='ltr'><strong>quartus</strong></span> <span class='ocrx_word' id='word_1_108' title='bbox 1012 1074 1109 1130; x_wconf 90' lang='lat' dir='ltr'><strong>Prima</strong></span> <span class='ocrx_word' id='word_1_109' title='bbox 1124 1075 1204 1131; x_wconf 86' lang='lat' dir='ltr'><strong>liora</strong></span> <span class='ocrx_word' id='word_1_110' title='bbox 1218 1079 1348 1149; x_wconf 78' lang='lat' dir='ltr'><strong>quotidie</strong></span> <span class='ocrx_word' id='word_1_111' title='bbox 1364 1081 1495 1153; x_wconf 90' lang='lat' dir='ltr'><strong>quinque</strong></span> <span class='ocrx_word' id='word_1_112' title='bbox 1510 1082 1642 1153; x_wconf 88' lang='lat' dir='ltr'><strong>psalmos</strong></span> <span class='ocrx_word' id='word_1_113' title='bbox 1653 1083 1799 1152; x_wconf 87' lang='lat' dir='ltr'><strong>canimus,</strong></span> <span class='ocrx_word' id='word_1_114' title='bbox 1815 1088 1844 1137; x_wconf 90' lang='lat' dir='ltr'><strong>nt</strong></span> 
     </span>
     <span class='ocr_line' id='line_1_10' title="bbox 115 1164 1842 1242; baseline 0 -15"><span class='ocrx_word' id='word_1_115' title='bbox 115 1170 302 1240; x_wconf 72' lang='lat' dir='ltr'><strong>resipiscens</strong></span> <span class='ocrx_word' id='word_1_116' title='bbox 317 1166 475 1235; x_wconf 78' lang='lat' dir='ltr'><strong>inludere,</strong></span> <span class='ocrx_word' id='word_1_117' title='bbox 487 1164 545 1221; x_wconf 85' lang='lat' dir='ltr'><strong>Sed</strong></span> <span class='ocrx_word' id='word_1_118' title='bbox 570 1166 720 1221; x_wconf 84' lang='lat' dir='ltr'><strong>tertiaeet</strong></span> <span class='ocrx_word' id='word_1_119' title='bbox 739 1168 863 1237; x_wconf 87' lang='lat' dir='ltr'><strong>quartus</strong></span> <span class='ocrx_word' id='word_1_120' title='bbox 896 1166 953 1222; x_wconf 84' lang='lat' dir='ltr'><strong>sub</strong></span> <span class='ocrx_word' id='word_1_121' title='bbox 1012 1164 1142 1236; x_wconf 82' lang='lat' dir='ltr'><strong>quinque</strong></span> <span class='ocrx_word' id='word_1_122' title='bbox 1153 1181 1263 1223; x_wconf 84' lang='lat' dir='ltr'><strong>scasas</strong></span> <span class='ocrx_word' id='word_1_123' title='bbox 1283 1171 1378 1224; x_wconf 89' lang='lat' dir='ltr'><strong>nostri</strong></span> <span class='ocrx_word' id='word_1_124' title='bbox 1391 1170 1533 1226; x_wconf 85' lang='lat' dir='ltr'><strong>divinitus</strong></span> <span class='ocrx_word' id='word_1_125' title='bbox 1547 1188 1601 1242; x_wconf 91' lang='lat' dir='ltr'><strong>per</strong></span> <span class='ocrx_word' id='word_1_126' title='bbox 1614 1172 1691 1228; x_wconf 91' lang='lat' dir='ltr'><strong>diem</strong></span> <span class='ocrx_word' id='word_1_127' title='bbox 1706 1172 1842 1227; x_wconf 87' lang='lat' dir='ltr'><strong>manian·</strong></span> 
     </span>
     <span class='ocr_line' id='line_1_11' title="bbox 115 1253 1843 1331; baseline 0.001 -16"><span class='ocrx_word' id='word_1_128' title='bbox 115 1276 173 1316; x_wconf 84' lang='lat' dir='ltr'><strong>una</strong></span> <span class='ocrx_word' id='word_1_129' title='bbox 198 1257 293 1331; x_wconf 75' lang='lat' dir='ltr'><strong>gloria</strong></span> <span class='ocrx_word' id='word_1_130' title='bbox 314 1255 483 1329; x_wconf 78' lang='lat' dir='ltr'><strong>junguntur</strong></span> <span class='ocrx_word' id='word_1_131' title='bbox 498 1254 583 1327; x_wconf 77' lang='lat' dir='ltr'><strong>3quia</strong></span> <span class='ocrx_word' id='word_1_132' title='bbox 608 1253 736 1327; x_wconf 78' lang='lat' dir='ltr'><strong>gentiles</strong></span> <span class='ocrx_word' id='word_1_133' title='bbox 764 1257 792 1309; x_wconf 91' lang='lat' dir='ltr'><strong>et</strong></span> <span class='ocrx_word' id='word_1_134' title='bbox 807 1255 904 1311; x_wconf 78' lang='lat' dir='ltr'><strong>ludaei</strong></span> <span class='ocrx_word' id='word_1_135' title='bbox 923 1254 953 1309; x_wconf 87' lang='lat' dir='ltr'><strong>in</strong></span> <span class='ocrx_word' id='word_1_136' title='bbox 1010 1255 1067 1309; x_wconf 89' lang='lat' dir='ltr'><strong>tur.</strong></span> <span class='ocrx_word' id='word_1_137' title='bbox 1081 1253 1135 1310; x_wconf 86' lang='lat' dir='ltr'><strong>llis</strong></span> <span class='ocrx_word' id='word_1_138' title='bbox 1150 1255 1332 1329; x_wconf 81' lang='lat' dir='ltr'><strong>adjingimus</strong></span> <span class='ocrx_word' id='word_1_139' title='bbox 1340 1259 1555 1329; x_wconf 84' lang='lat' dir='ltr'><strong>expositionem</strong></span> <span class='ocrx_word' id='word_1_140' title='bbox 1566 1261 1719 1316; x_wconf 87' lang='lat' dir='ltr'><strong>catholicae</strong></span> <span class='ocrx_word' id='word_1_141' title='bbox 1730 1262 1798 1316; x_wconf 86' lang='lat' dir='ltr'><strong>ttdei</strong></span> <span class='ocrx_word' id='word_1_142' title='bbox 1807 1277 1843 1316; x_wconf 87' lang='lat' dir='ltr'><strong>ex</strong></span> 
     </span>
     <span class='ocr_line' id='line_1_12' title="bbox 115 1344 1843 1421; baseline 0.001 -17"><span class='ocrx_word' id='word_1_143' title='bbox 115 1350 257 1410; x_wconf 64' lang='lat' dir='ltr'><strong>uniatur</strong></span> <span class='ocrx_word' id='word_1_144' title='bbox 272 1345 341 1405; x_wconf 84' lang='lat' dir='ltr'><strong>ildei</strong></span> <span class='ocrx_word' id='word_1_145' title='bbox 350 1344 573 1417; x_wconf 76' lang='lat' dir='ltr'><strong>conjungantur</strong></span> <span class='ocrx_word' id='word_1_146' title='bbox 588 1348 656 1402; x_wconf 83' lang='lat' dir='ltr'><strong>ante</strong></span> <span class='ocrx_word' id='word_1_147' title='bbox 670 1360 758 1419; x_wconf 90' lang='lat' dir='ltr'><strong>quam</strong></span> <span class='ocrx_word' id='word_1_148' title='bbox 773 1344 872 1400; x_wconf 86' lang='lat' dir='ltr'><strong>veniat</strong></span> <span class='ocrx_word' id='word_1_149' title='bbox 886 1360 952 1415; x_wconf 89' lang='lat' dir='ltr'><strong>per·</strong></span> <span class='ocrx_word' id='word_1_150' title='bbox 1011 1358 1046 1398; x_wconf 90' lang='lat' dir='ltr'><strong>eo</strong></span> <span class='ocrx_word' id='word_1_151' title='bbox 1061 1344 1140 1415; x_wconf 88' lang='lat' dir='ltr'><strong>quod</strong></span> <span class='ocrx_word' id='word_1_152' title='bbox 1150 1345 1213 1400; x_wconf 87' lang='lat' dir='ltr'><strong>laec</strong></span> <span class='ocrx_word' id='word_1_153' title='bbox 1228 1351 1275 1401; x_wconf 89' lang='lat' dir='ltr'><strong>est</strong></span> <span class='ocrx_word' id='word_1_154' title='bbox 1288 1348 1413 1403; x_wconf 87' lang='lat' dir='ltr'><strong>victorie</strong></span> <span class='ocrx_word' id='word_1_155' title='bbox 1425 1366 1488 1421; x_wconf 75' lang='lat' dir='ltr'><strong>quae</strong></span> <span class='ocrx_word' id='word_1_156' title='bbox 1501 1350 1593 1405; x_wconf 85' lang='lat' dir='ltr'><strong>vincit</strong></span> <span class='ocrx_word' id='word_1_157' title='bbox 1604 1351 1750 1416; x_wconf 86' lang='lat' dir='ltr'><strong>mundum,</strong></span> <span class='ocrx_word' id='word_1_158' title='bbox 1768 1351 1843 1406; x_wconf 78' lang='lat' dir='ltr'><strong>ddes</strong></span> 
     </span>
     <span class='ocr_line' id='line_1_13' title="bbox 116 1433 1832 1512; baseline 0.001 -19"><span class='ocrx_word' id='word_1_159' title='bbox 116 1437 234 1496; x_wconf 76' lang='lat' dir='ltr'><strong>secutio</strong></span> <span class='ocrx_word' id='word_1_160' title='bbox 246 1433 432 1490; x_wconf 70' lang='lat' dir='ltr'><strong>antichristi.</strong></span> <span class='ocrx_word' id='word_1_161' title='bbox 449 1433 512 1488; x_wconf 86' lang='lat' dir='ltr'><strong>Sub</strong></span> <span class='ocrx_word' id='word_1_162' title='bbox 536 1450 594 1505; x_wconf 91' lang='lat' dir='ltr'><strong>quo</strong></span> <span class='ocrx_word' id='word_1_163' title='bbox 610 1434 731 1506; x_wconf 82' lang='lat' dir='ltr'><strong>quintus</strong></span> <span class='ocrx_word' id='word_1_164' title='bbox 760 1435 834 1490; x_wconf 88' lang='lat' dir='ltr'><strong>ordo</strong></span> <span class='ocrx_word' id='word_1_165' title='bbox 858 1433 952 1489; x_wconf 90' lang='lat' dir='ltr'><strong>bene·</strong></span> <span class='ocrx_word' id='word_1_166' title='bbox 1012 1438 1114 1487; x_wconf 84' lang='lat' dir='ltr'><strong>nostre</strong></span> <span class='ocrx_word' id='word_1_167' title='bbox 1129 1433 1158 1504; x_wconf 87' lang='grc' dir='ltr'><strong>(Ι</strong></span> <span class='ocrx_word' id='word_1_168' title='bbox 1169 1434 1252 1490; x_wconf 75' lang='lat' dir='ltr'><strong>dean.</strong></span> <span class='ocrx_word' id='word_1_169' title='bbox 1270 1435 1310 1505; x_wconf 80' lang='lat' dir='ltr'><strong>v),</strong></span> <span class='ocrx_word' id='word_1_170' title='bbox 1329 1441 1358 1491; x_wconf 91' lang='lat' dir='ltr'><strong>et</strong></span> <span class='ocrx_word' id='word_1_171' title='bbox 1374 1438 1496 1509; x_wconf 73' lang='lat' dir='ltr'><strong>clypeus</strong></span> <span class='ocrx_word' id='word_1_172' title='bbox 1511 1439 1754 1512; x_wconf 77' lang='lat' dir='ltr'><strong>inexpugnabilis</strong></span> <span class='ocrx_word' id='word_1_173' title='bbox 1763 1456 1832 1495; x_wconf 90' lang='lat' dir='ltr'><strong>con·</strong></span> 
     </span>
     <span class='ocr_line' id='line_1_14' title="bbox 116 1522 1844 1600; baseline 0.001 -18"><span class='ocrx_word' id='word_1_174' title='bbox 116 1526 187 1590; x_wconf 83' lang='lat' dir='ltr'><strong>dicit</strong></span> <span class='ocrx_word' id='word_1_175' title='bbox 197 1527 290 1583; x_wconf 59' lang='lat' dir='ltr'><strong>mum</strong></span> <span class='ocrx_word' id='word_1_176' title='bbox 301 1525 379 1582; x_wconf 88' lang='lat' dir='ltr'><strong>sicut</strong></span> <span class='ocrx_word' id='word_1_177' title='bbox 393 1523 477 1594; x_wconf 91' lang='lat' dir='ltr'><strong>pueri</strong></span> <span class='ocrx_word' id='word_1_178' title='bbox 493 1523 523 1578; x_wconf 90' lang='lat' dir='ltr'><strong>iu</strong></span> <span class='ocrx_word' id='word_1_179' title='bbox 538 1523 669 1579; x_wconf 82' lang='lat' dir='ltr'><strong>tornaco.</strong></span> <span class='ocrx_word' id='word_1_180' title='bbox 685 1523 796 1581; x_wconf 85' lang='lat' dir='ltr'><strong>Sextus</strong></span> <span class='ocrx_word' id='word_1_181' title='bbox 810 1525 840 1578; x_wconf 93' lang='lat' dir='ltr'><strong>et</strong></span> <span class='ocrx_word' id='word_1_182' title='bbox 858 1523 952 1594; x_wconf 89' lang='lat' dir='ltr'><strong>septi·</strong></span> <span class='ocrx_word' id='word_1_183' title='bbox 1010 1524 1054 1575; x_wconf 87' lang='lat' dir='ltr'><strong>tra</strong></span> <span class='ocrx_word' id='word_1_184' title='bbox 1067 1522 1220 1594; x_wconf 86' lang='lat' dir='ltr'><strong>antiquum</strong></span> <span class='ocrx_word' id='word_1_185' title='bbox 1235 1525 1360 1595; x_wconf 78' lang='lat' dir='ltr'><strong>hostem,</strong></span> <span class='ocrx_word' id='word_1_186' title='bbox 1383 1528 1461 1582; x_wconf 90' lang='lat' dir='ltr'><strong>unde</strong></span> <span class='ocrx_word' id='word_1_187' title='bbox 1477 1528 1582 1583; x_wconf 90' lang='lat' dir='ltr'><strong>Petrus</strong></span> <span class='ocrx_word' id='word_1_188' title='bbox 1599 1529 1663 1584; x_wconf 88' lang='lat' dir='ltr'><strong>Cui.</strong></span> <span class='ocrx_word' id='word_1_189' title='bbox 1679 1529 1775 1600; x_wconf 88' lang='lat' dir='ltr'><strong>inquit</strong></span> <span class='ocrx_word' id='word_1_190' title='bbox 1797 1546 1844 1584; x_wconf 90' lang='lat' dir='ltr'><strong>re-</strong></span> 
     </span>
     <span class='ocr_line' id='line_1_15' title="bbox 115 1611 1845 1689; baseline 0 -17"><span class='ocrx_word' id='word_1_191' title='bbox 115 1633 183 1672; x_wconf 86' lang='lat' dir='ltr'><strong>mus</strong></span> <span class='ocrx_word' id='word_1_192' title='bbox 198 1619 227 1671; x_wconf 89' lang='lat' dir='ltr'><strong>et</strong></span> <span class='ocrx_word' id='word_1_193' title='bbox 241 1617 365 1672; x_wconf 86' lang='lat' dir='ltr'><strong>octavus</strong></span> <span class='ocrx_word' id='word_1_194' title='bbox 381 1612 496 1669; x_wconf 84' lang='lat' dir='ltr'><strong>collecti</strong></span> <span class='ocrx_word' id='word_1_195' title='bbox 508 1629 546 1668; x_wconf 83' lang='lat' dir='ltr'><strong>cx</strong></span> <span class='ocrx_word' id='word_1_196' title='bbox 560 1612 660 1668; x_wconf 73' lang='lat' dir='ltr'><strong>Africa</strong></span> <span class='ocrx_word' id='word_1_197' title='bbox 669 1612 775 1669; x_wconf 81' lang='lat' dir='ltr'><strong>ethsia</strong></span> <span class='ocrx_word' id='word_1_198' title='bbox 785 1612 949 1682; x_wconf 83' lang='lat' dir='ltr'><strong>etEurope,</strong></span> <span class='ocrx_word' id='word_1_199' title='bbox 1010 1611 1150 1667; x_wconf 84' lang='lat' dir='ltr'><strong>resistite</strong></span> <span class='ocrx_word' id='word_1_200' title='bbox 1158 1617 1255 1668; x_wconf 84' lang='lat' dir='ltr'><strong>tertes</strong></span> <span class='ocrx_word' id='word_1_201' title='bbox 1261 1614 1292 1668; x_wconf 89' lang='lat' dir='ltr'><strong>in</strong></span> <span class='ocrx_word' id='word_1_202' title='bbox 1299 1614 1357 1670; x_wconf 78' lang='lat' dir='ltr'><strong>dde</strong></span> <span class='ocrx_word' id='word_1_203' title='bbox 1364 1615 1393 1686; x_wconf 76' lang='lat' dir='ltr'><strong>tl</strong></span> <span class='ocrx_word' id='word_1_204' title='bbox 1395 1616 1481 1671; x_wconf 83' lang='lat' dir='ltr'><strong>Petr.</strong></span> <span class='ocrx_word' id='word_1_205' title='bbox 1491 1616 1531 1689; x_wconf 78' lang='lat' dir='ltr'><strong>v).</strong></span> <span class='ocrx_word' id='word_1_206' title='bbox 1545 1617 1639 1672; x_wconf 87' lang='lat' dir='ltr'><strong>labec</strong></span> <span class='ocrx_word' id='word_1_207' title='bbox 1649 1618 1728 1673; x_wconf 87' lang='lat' dir='ltr'><strong>Hora</strong></span> <span class='ocrx_word' id='word_1_208' title='bbox 1739 1618 1845 1673; x_wconf 88' lang='lat' dir='ltr'><strong>dicitur</strong></span> 
     </span>
     <span class='ocr_line' id='line_1_16' title="bbox 115 1699 1843 1778; baseline -0.001 -16"><span class='ocrx_word' id='word_1_209' title='bbox 115 1709 184 1777; x_wconf 88' lang='lat' dir='ltr'><strong>post</strong></span> <span class='ocrx_word' id='word_1_210' title='bbox 197 1704 413 1767; x_wconf 67' lang='lat' dir='ltr'><strong>antichristum</strong></span> <span class='ocrx_word' id='word_1_211' title='bbox 428 1718 500 1773; x_wconf 87' lang='lat' dir='ltr'><strong>pace</strong></span> <span class='ocrx_word' id='word_1_212' title='bbox 517 1703 660 1757; x_wconf 82' lang='lat' dir='ltr'><strong>truantur.</strong></span> <span class='ocrx_word' id='word_1_213' title='bbox 680 1701 765 1757; x_wconf 89' lang='lat' dir='ltr'><strong>Unde</strong></span> <span class='ocrx_word' id='word_1_214' title='bbox 780 1703 842 1757; x_wconf 88' lang='lat' dir='ltr'><strong>tres</strong></span> <span class='ocrx_word' id='word_1_215' title='bbox 857 1701 951 1756; x_wconf 81' lang='lat' dir='ltr'><strong>iiltimi</strong></span> <span class='ocrx_word' id='word_1_216' title='bbox 1010 1699 1163 1759; x_wconf 88' lang='lat' dir='ltr'><strong>Dominice</strong></span> <span class='ocrx_word' id='word_1_217' title='bbox 1176 1701 1285 1773; x_wconf 78' lang='lat' dir='ltr'><strong>Oratio,</strong></span> <span class='ocrx_word' id='word_1_218' title='bbox 1302 1704 1332 1759; x_wconf 90' lang='lat' dir='ltr'><strong>in</strong></span> <span class='ocrx_word' id='word_1_219' title='bbox 1347 1721 1405 1776; x_wconf 89' lang='lat' dir='ltr'><strong>que</strong></span> <span class='ocrx_word' id='word_1_220' title='bbox 1416 1708 1529 1777; x_wconf 88' lang='lat' dir='ltr'><strong>septem</strong></span> <span class='ocrx_word' id='word_1_221' title='bbox 1545 1707 1702 1778; x_wconf 80' lang='lat' dir='ltr'><strong>petitiones</strong></span> <span class='ocrx_word' id='word_1_222' title='bbox 1714 1711 1785 1762; x_wconf 88' lang='lat' dir='ltr'><strong>suat</strong></span> <span class='ocrx_word' id='word_1_223' title='bbox 1808 1708 1843 1761; x_wconf 92' lang='lat' dir='ltr'><strong>ad</strong></span> 
     </span>
     <span class='ocr_line' id='line_1_17' title="bbox 115 1788 1843 1868; baseline -0.001 -15"><span class='ocrx_word' id='word_1_224' title='bbox 115 1794 223 1866; x_wconf 78' lang='lat' dir='ltr'><strong>psalmi</strong></span> <span class='ocrx_word' id='word_1_225' title='bbox 234 1792 329 1850; x_wconf 87' lang='lat' dir='ltr'><strong>ituunt</strong></span> <span class='ocrx_word' id='word_1_226' title='bbox 343 1791 559 1862; x_wconf 78' lang='lat' dir='ltr'><strong>laudibus,qui</strong></span> <span class='ocrx_word' id='word_1_227' title='bbox 573 1791 630 1848; x_wconf 90' lang='lat' dir='ltr'><strong>sub</strong></span> <span class='ocrx_word' id='word_1_228' title='bbox 639 1806 697 1845; x_wconf 88' lang='lat' dir='ltr'><strong>una</strong></span> <span class='ocrx_word' id='word_1_229' title='bbox 708 1790 952 1848; x_wconf 85' lang='lat' dir='ltr'><strong>dicantarGleria</strong></span> <span class='ocrx_word' id='word_1_230' title='bbox 968 1791 996 1854; x_wconf 84' lang='grc' dir='ltr'>Β</span> <span class='ocrx_word' id='word_1_231' title='bbox 1010 1788 1144 1844; x_wconf 83' lang='lat' dir='ltr'><strong>habende</strong></span> <span class='ocrx_word' id='word_1_232' title='bbox 1160 1795 1273 1862; x_wconf 89' lang='lat' dir='ltr'><strong>septem</strong></span> <span class='ocrx_word' id='word_1_233' title='bbox 1288 1794 1364 1849; x_wconf 88' lang='lat' dir='ltr'><strong>done</strong></span> <span class='ocrx_word' id='word_1_234' title='bbox 1380 1793 1507 1865; x_wconf 86' lang='lat' dir='ltr'><strong>Spiritus</strong></span> <span class='ocrx_word' id='word_1_235' title='bbox 1522 1797 1627 1866; x_wconf 90' lang='lat' dir='ltr'><strong>sancti,</strong></span> <span class='ocrx_word' id='word_1_236' title='bbox 1637 1811 1690 1867; x_wconf 91' lang='lat' dir='ltr'><strong>per</strong></span> <span class='ocrx_word' id='word_1_237' title='bbox 1700 1813 1767 1868; x_wconf 82' lang='lat' dir='ltr'><strong>quae</strong></span> <span class='ocrx_word' id='word_1_238' title='bbox 1782 1813 1843 1851; x_wconf 89' lang='lat' dir='ltr'><strong>me·</strong></span> 
     </span>
     <span class='ocr_line' id='line_1_18' title="bbox 116 1880 1847 1957; baseline 0 -17"><span class='ocrx_word' id='word_1_239' title='bbox 116 1888 146 1940; x_wconf 92' lang='lat' dir='ltr'><strong>et</strong></span> <span class='ocrx_word' id='word_1_240' title='bbox 159 1883 393 1956; x_wconf 65' lang='lat' dir='ltr'><strong>conjungantur,</strong></span> <span class='ocrx_word' id='word_1_241' title='bbox 409 1882 480 1953; x_wconf 89' lang='lat' dir='ltr'><strong>qaia</strong></span> <span class='ocrx_word' id='word_1_242' title='bbox 493 1881 536 1937; x_wconf 88' lang='lat' dir='ltr'><strong>illi</strong></span> <span class='ocrx_word' id='word_1_243' title='bbox 550 1883 613 1936; x_wconf 89' lang='lat' dir='ltr'><strong>tres</strong></span> <span class='ocrx_word' id='word_1_244' title='bbox 627 1881 749 1937; x_wconf 82' lang='lat' dir='ltr'><strong>ordines</strong></span> <span class='ocrx_word' id='word_1_245' title='bbox 764 1880 853 1937; x_wconf 89' lang='lat' dir='ltr'><strong>simul</strong></span> <span class='ocrx_word' id='word_1_246' title='bbox 868 1881 955 1935; x_wconf 90' lang='lat' dir='ltr'><strong>erunt</strong></span> <span class='ocrx_word' id='word_1_247' title='bbox 1010 1894 1129 1934; x_wconf 86' lang='lat' dir='ltr'><strong>reamur</strong></span> <span class='ocrx_word' id='word_1_248' title='bbox 1144 1883 1257 1950; x_wconf 86' lang='lat' dir='ltr'><strong>septem</strong></span> <span class='ocrx_word' id='word_1_249' title='bbox 1272 1883 1397 1938; x_wconf 89' lang='lat' dir='ltr'><strong>virtutes</strong></span> <span class='ocrx_word' id='word_1_250' title='bbox 1408 1885 1519 1956; x_wconf 88' lang='lat' dir='ltr'><strong>quibus</strong></span> <span class='ocrx_word' id='word_1_251' title='bbox 1534 1888 1676 1957; x_wconf 88' lang='lat' dir='ltr'><strong>aseptem</strong></span> <span class='ocrx_word' id='word_1_252' title='bbox 1686 1886 1768 1940; x_wconf 89' lang='lat' dir='ltr'><strong>vitiis</strong></span> <span class='ocrx_word' id='word_1_253' title='bbox 1779 1885 1847 1940; x_wconf 91' lang='lat' dir='ltr'><strong>libe·</strong></span> 
     </span>
     <span class='ocr_line' id='line_1_19' title="bbox 116 1967 1846 2045; baseline -0.001 -16"><span class='ocrx_word' id='word_1_254' title='bbox 116 1973 263 2044; x_wconf 82' lang='lat' dir='ltr'><strong>elperitsr</strong></span> <span class='ocrx_word' id='word_1_255' title='bbox 278 1972 532 2045; x_wconf 81' lang='lat' dir='ltr'><strong>gleritlesbuntar,</strong></span> <span class='ocrx_word' id='word_1_256' title='bbox 549 1970 621 2027; x_wconf 86' lang='lat' dir='ltr'><strong>Post</strong></span> <span class='ocrx_word' id='word_1_257' title='bbox 634 1970 767 2040; x_wconf 85' lang='lat' dir='ltr'><strong>psalmes</strong></span> <span class='ocrx_word' id='word_1_258' title='bbox 789 1970 821 2023; x_wconf 86' lang='lat' dir='ltr'><strong>tlt</strong></span> <span class='ocrx_word' id='word_1_259' title='bbox 844 1969 955 2025; x_wconf 82' lang='lat' dir='ltr'><strong>exhor·</strong></span> <span class='ocrx_word' id='word_1_260' title='bbox 1011 1967 1066 2024; x_wconf 89' lang='lat' dir='ltr'><strong>rati</strong></span> <span class='ocrx_word' id='word_1_261' title='bbox 1081 1968 1117 2022; x_wconf 90' lang='lat' dir='ltr'><strong>ad</strong></span> <span class='ocrx_word' id='word_1_262' title='bbox 1138 1972 1250 2040; x_wconf 86' lang='lat' dir='ltr'><strong>septem</strong></span> <span class='ocrx_word' id='word_1_263' title='bbox 1270 1972 1477 2041; x_wconf 89' lang='lat' dir='ltr'><strong>perveniamus</strong></span> <span class='ocrx_word' id='word_1_264' title='bbox 1502 1974 1709 2031; x_wconf 76' lang='lat' dir='ltr'><strong>beatitudines.</strong></span> <span class='ocrx_word' id='word_1_265' title='bbox 1736 1974 1846 2030; x_wconf 90' lang='lat' dir='ltr'><strong>Deinde</strong></span> 
     </span>
     <span class='ocr_line' id='line_1_20' title="bbox 115 2057 1845 2133; baseline 0 -15"><span class='ocrx_word' id='word_1_266' title='bbox 115 2064 196 2132; x_wconf 86' lang='lat' dir='ltr'><strong>telio,</strong></span> <span class='ocrx_word' id='word_1_267' title='bbox 222 2077 275 2133; x_wconf 85' lang='lat' dir='ltr'><strong>per</strong></span> <span class='ocrx_word' id='word_1_268' title='bbox 294 2060 470 2132; x_wconf 80' lang='lat' dir='ltr'><strong>Capitulum,</strong></span> <span class='ocrx_word' id='word_1_269' title='bbox 489 2077 526 2116; x_wconf 90' lang='lat' dir='ltr'><strong>ae</strong></span> <span class='ocrx_word' id='word_1_270' title='bbox 547 2060 721 2116; x_wconf 80' lang='lat' dir='ltr'><strong>deficiamus</strong></span> <span class='ocrx_word' id='word_1_271' title='bbox 751 2060 781 2114; x_wconf 88' lang='lat' dir='ltr'><strong>ia</strong></span> <span class='ocrx_word' id='word_1_272' title='bbox 820 2059 876 2114; x_wconf 88' lang='lat' dir='ltr'><strong>via.</strong></span> <span class='ocrx_word' id='word_1_273' title='bbox 907 2058 956 2114; x_wconf 90' lang='lat' dir='ltr'><strong>cai</strong></span> <span class='ocrx_word' id='word_1_274' title='bbox 1013 2073 1067 2127; x_wconf 89' lang='lat' dir='ltr'><strong>per</strong></span> <span class='ocrx_word' id='word_1_275' title='bbox 1081 2057 1253 2128; x_wconf 70' lang='lat' dir='ltr'><strong>Symbolum</strong></span> <span class='ocrx_word' id='word_1_276' title='bbox 1264 2060 1330 2115; x_wconf 87' lang='lat' dir='ltr'><strong>tidei</strong></span> <span class='ocrx_word' id='word_1_277' title='bbox 1348 2065 1451 2117; x_wconf 86' lang='lat' dir='ltr'><strong>contra</strong></span> <span class='ocrx_word' id='word_1_278' title='bbox 1465 2064 1563 2118; x_wconf 89' lang='lat' dir='ltr'><strong>omnia</strong></span> <span class='ocrx_word' id='word_1_279' title='bbox 1578 2065 1704 2119; x_wconf 86' lang='lat' dir='ltr'><strong>adversa</strong></span> <span class='ocrx_word' id='word_1_280' title='bbox 1729 2080 1845 2118; x_wconf 87' lang='lat' dir='ltr'><strong>arman-</strong></span> 
     </span>
     <span class='ocr_line' id='line_1_21' title="bbox 116 2147 1847 2221; baseline 0 -14"><span class='ocrx_word' id='word_1_281' title='bbox 116 2152 227 2209; x_wconf 82' lang='lat' dir='ltr'><strong>charas</strong></span> <span class='ocrx_word' id='word_1_282' title='bbox 237 2150 407 2208; x_wconf 81' lang='lat' dir='ltr'><strong>assentiens</strong></span> <span class='ocrx_word' id='word_1_283' title='bbox 418 2150 565 2221; x_wconf 76' lang='lat' dir='ltr'><strong>lipianum</strong></span> <span class='ocrx_word' id='word_1_284' title='bbox 573 2153 703 2205; x_wconf 88' lang='lat' dir='ltr'><strong>resonet.</strong></span> <span class='ocrx_word' id='word_1_285' title='bbox 716 2149 957 2219; x_wconf 83' lang='lat' dir='ltr'><strong>ltuisasquoque</strong></span> <span class='ocrx_word' id='word_1_286' title='bbox 1012 2148 1069 2218; x_wconf 88' lang='lat' dir='ltr'><strong>tur,</strong></span> <span class='ocrx_word' id='word_1_287' title='bbox 1081 2147 1132 2218; x_wconf 86' lang='lat' dir='ltr'><strong>qui</strong></span> <span class='ocrx_word' id='word_1_288' title='bbox 1141 2163 1195 2218; x_wconf 85' lang='lat' dir='ltr'><strong>per</strong></span> <span class='ocrx_word' id='word_1_289' title='bbox 1203 2148 1383 2206; x_wconf 86' lang='lat' dir='ltr'><strong>Dominicam</strong></span> <span class='ocrx_word' id='word_1_290' title='bbox 1394 2151 1560 2208; x_wconf 76' lang='lat' dir='ltr'><strong>Orationem</strong></span> <span class='ocrx_word' id='word_1_291' title='bbox 1570 2154 1736 2209; x_wconf 87' lang='lat' dir='ltr'><strong>mundatur.</strong></span> <span class='ocrx_word' id='word_1_292' title='bbox 1749 2155 1782 2207; x_wconf 94' lang='lat' dir='ltr'><strong>ln</strong></span> <span class='ocrx_word' id='word_1_293' title='bbox 1794 2154 1847 2207; x_wconf 91' lang='lat' dir='ltr'><strong>hec</strong></span> 
     </span>
     <span class='ocr_line' id='line_1_22' title="bbox 116 2237 1848 2313; baseline -0.001 -15"><span class='ocrx_word' id='word_1_294' title='bbox 116 2239 482 2312; x_wconf 82' lang='lat' dir='ltr'><strong>excitatiperprophetiam</strong></span> <span class='ocrx_word' id='word_1_295' title='bbox 493 2239 736 2295; x_wconf 79' lang='lat' dir='ltr'><strong>ZachariaeDeum</strong></span> <span class='ocrx_word' id='word_1_296' title='bbox 742 2237 957 2304; x_wconf 80' lang='lat' dir='ltr'><strong>benedicimus,</strong></span> <span class='ocrx_word' id='word_1_297' title='bbox 1014 2238 1100 2293; x_wconf 88' lang='lat' dir='ltr'><strong>etiem</strong></span> <span class='ocrx_word' id='word_1_298' title='bbox 1112 2239 1185 2294; x_wconf 90' lang='lat' dir='ltr'><strong>hora</strong></span> <span class='ocrx_word' id='word_1_299' title='bbox 1200 2241 1232 2295; x_wconf 87' lang='lat' dir='ltr'><strong>ht</strong></span> <span class='ocrx_word' id='word_1_300' title='bbox 1247 2241 1412 2297; x_wconf 85' lang='lat' dir='ltr'><strong>commanis</strong></span> <span class='ocrx_word' id='word_1_301' title='bbox 1424 2242 1588 2313; x_wconf 78' lang='lat' dir='ltr'><strong>confessio,</strong></span> <span class='ocrx_word' id='word_1_302' title='bbox 1601 2246 1632 2298; x_wconf 90' lang='lat' dir='ltr'><strong>ut</strong></span> <span class='ocrx_word' id='word_1_303' title='bbox 1646 2244 1848 2299; x_wconf 89' lang='lat' dir='ltr'><strong>mundemura</strong></span> 
     </span>
     <span class='ocr_line' id='line_1_23' title="bbox 118 2326 1847 2406; baseline 0.002 -22"><span class='ocrx_word' id='word_1_304' title='bbox 118 2330 285 2388; x_wconf 81' lang='lat' dir='ltr'><strong>recolentes</strong></span> <span class='ocrx_word' id='word_1_305' title='bbox 310 2329 390 2400; x_wconf 89' lang='lat' dir='ltr'><strong>quod</strong></span> <span class='ocrx_word' id='word_1_306' title='bbox 404 2328 474 2384; x_wconf 84' lang='lat' dir='ltr'><strong>iecit</strong></span> <span class='ocrx_word' id='word_1_307' title='bbox 489 2328 723 2398; x_wconf 86' lang='lat' dir='ltr'><strong>redemptionem</strong></span> <span class='ocrx_word' id='word_1_308' title='bbox 737 2328 816 2382; x_wconf 91' lang='lat' dir='ltr'><strong>sicut</strong></span> <span class='ocrx_word' id='word_1_309' title='bbox 838 2326 956 2382; x_wconf 89' lang='lat' dir='ltr'><strong>locutus</strong></span> <span class='ocrx_word' id='word_1_310' title='bbox 1015 2332 1146 2398; x_wconf 85' lang='lat' dir='ltr'><strong>peccatis</strong></span> <span class='ocrx_word' id='word_1_311' title='bbox 1162 2331 1339 2401; x_wconf 89' lang='lat' dir='ltr'><strong>venialibus,</strong></span> <span class='ocrx_word' id='word_1_312' title='bbox 1353 2332 1419 2387; x_wconf 91' lang='lat' dir='ltr'><strong>sine</strong></span> <span class='ocrx_word' id='word_1_313' title='bbox 1429 2332 1539 2404; x_wconf 86' lang='lat' dir='ltr'><strong>quibus</strong></span> <span class='ocrx_word' id='word_1_314' title='bbox 1549 2333 1779 2389; x_wconf 89' lang='lat' dir='ltr'><strong>communisvita</strong></span> <span class='ocrx_word' id='word_1_315' title='bbox 1789 2348 1847 2406; x_wconf 86' lang='lat' dir='ltr'><strong>non</strong></span> 
     </span>
     <span class='ocr_line' id='line_1_24' title="bbox 117 2416 1849 2494; baseline 0.001 -20"><span class='ocrx_word' id='word_1_316' title='bbox 117 2422 166 2476; x_wconf 91' lang='lat' dir='ltr'><strong>est</strong></span> <span class='ocrx_word' id='word_1_317' title='bbox 177 2434 232 2489; x_wconf 87' lang='lat' dir='ltr'><strong>per</strong></span> <span class='ocrx_word' id='word_1_318' title='bbox 245 2433 280 2474; x_wconf 90' lang='lat' dir='ltr'><strong>os</strong></span> <span class='ocrx_word' id='word_1_319' title='bbox 296 2421 478 2487; x_wconf 86' lang='lat' dir='ltr'><strong>sanctorum,</strong></span> <span class='ocrx_word' id='word_1_320' title='bbox 499 2420 528 2473; x_wconf 91' lang='lat' dir='ltr'><strong>et</strong></span> <span class='ocrx_word' id='word_1_321' title='bbox 549 2417 662 2489; x_wconf 81' lang='lat' dir='ltr'><strong>juravit</strong></span> <span class='ocrx_word' id='word_1_322' title='bbox 681 2417 717 2472; x_wconf 90' lang='lat' dir='ltr'><strong>ad</strong></span> <span class='ocrx_word' id='word_1_323' title='bbox 733 2416 883 2472; x_wconf 81' lang='lat' dir='ltr'><strong>Abraham</strong></span> <span class='ocrx_word' id='word_1_324' title='bbox 904 2432 957 2486; x_wconf 88' lang='lat' dir='ltr'><strong>pa-</strong></span> <span class='ocrx_word' id='word_1_325' title='bbox 1014 2419 1100 2474; x_wconf 88' lang='lat' dir='ltr'><strong>iacile</strong></span> <span class='ocrx_word' id='word_1_326' title='bbox 1122 2420 1260 2476; x_wconf 90' lang='lat' dir='ltr'><strong>ducitur:</strong></span> <span class='ocrx_word' id='word_1_327' title='bbox 1287 2421 1323 2476; x_wconf 83' lang='lat' dir='ltr'><strong>Et</strong></span> <span class='ocrx_word' id='word_1_328' title='bbox 1343 2438 1449 2492; x_wconf 78' lang='lat' dir='ltr'><strong>preces</strong></span> <span class='ocrx_word' id='word_1_329' title='bbox 1477 2422 1717 2494; x_wconf 87' lang='lat' dir='ltr'><strong>multiplicantur,</strong></span> <span class='ocrx_word' id='word_1_330' title='bbox 1741 2424 1774 2479; x_wconf 90' lang='lat' dir='ltr'><strong>ut</strong></span> <span class='ocrx_word' id='word_1_331' title='bbox 1797 2438 1849 2493; x_wconf 91' lang='lat' dir='ltr'><strong>per</strong></span> 
     </span>
     <span class='ocr_line' id='line_1_25' title="bbox 116 2506 1669 2568; baseline 0.005 -8"><span class='ocrx_word' id='word_1_332' title='bbox 116 2509 192 2563; x_wconf 79' lang='lat' dir='ltr'><strong>treva</strong></span> <span class='ocrx_word' id='word_1_333' title='bbox 203 2511 350 2565; x_wconf 84' lang='lat' dir='ltr'><strong>nestram.</strong></span> <span class='ocrx_word' id='word_1_334' title='bbox 1012 2506 1090 2563; x_wconf 91' lang='lat' dir='ltr'><strong>diem</strong></span> <span class='ocrx_word' id='word_1_335' title='bbox 1100 2525 1116 2563; x_wconf 90' lang='lat' dir='ltr'><strong>a</strong></span> <span class='ocrx_word' id='word_1_336' title='bbox 1128 2510 1213 2564; x_wconf 89' lang='lat' dir='ltr'><strong>malis</strong></span> <span class='ocrx_word' id='word_1_337' title='bbox 1229 2510 1451 2567; x_wconf 87' lang='lat' dir='ltr'><strong>imminentibus</strong></span> <span class='ocrx_word' id='word_1_338' title='bbox 1465 2510 1669 2568; x_wconf 76' lang='lat' dir='ltr'><strong>defendamur.</strong></span> 
     </span>
    </p>

    <p class='ocr_par' dir='ltr' id='par_1_3' title="bbox 94 2595 1848 3034">
     <span class='ocr_line' id='line_1_26' title="bbox 94 2595 1848 2675; baseline 0.006 -29"><span class='ocrx_word' id='word_1_339' title='bbox 94 2638 99 2646; x_wconf 85' lang='lat'><em>.</em></span> <span class='ocrx_word' id='word_1_340' title='bbox 154 2597 274 2655; x_wconf 89' lang='lat' dir='ltr'><strong>laterim</strong></span> <span class='ocrx_word' id='word_1_341' title='bbox 289 2595 432 2653; x_wconf 74' lang='lat' dir='ltr'><strong>sacerdos</strong></span> <span class='ocrx_word' id='word_1_342' title='bbox 448 2611 515 2656; x_wconf 79' lang='lat' dir='ltr'><strong>cum</strong></span> <span class='ocrx_word' id='word_1_343' title='bbox 530 2596 681 2651; x_wconf 82' lang='lat' dir='ltr'><strong>thuribulo</strong></span> <span class='ocrx_word' id='word_1_344' title='bbox 702 2595 837 2652; x_wconf 88' lang='lat' dir='ltr'><strong>incensat</strong></span> <span class='ocrx_word' id='word_1_345' title='bbox 852 2596 954 2653; x_wconf 80' lang='lat' dir='ltr'><strong>altare.</strong></span> <span class='ocrx_word' id='word_1_346' title='bbox 1049 2599 1138 2654; x_wconf 86' lang='lat' dir='ltr'><strong>Horae</strong></span> <span class='ocrx_word' id='word_1_347' title='bbox 1152 2601 1250 2655; x_wconf 89' lang='lat' dir='ltr'><strong>autem</strong></span> <span class='ocrx_word' id='word_1_348' title='bbox 1266 2600 1373 2656; x_wconf 77' lang='lat' dir='ltr'><strong>Tertiae</strong></span> <span class='ocrx_word' id='word_1_349' title='bbox 1389 2601 1520 2657; x_wconf 84' lang='lat' dir='ltr'><strong>cilicium</strong></span> <span class='ocrx_word' id='word_1_350' title='bbox 1542 2602 1709 2658; x_wconf 85' lang='lat' dir='ltr'><strong>celebretur</strong></span> <span class='ocrx_word' id='word_1_351' title='bbox 1730 2604 1800 2675; x_wconf 87' lang='lat' dir='ltr'><strong>quie</strong></span> <span class='ocrx_word' id='word_1_352' title='bbox 1817 2605 1848 2658; x_wconf 90' lang='lat' dir='ltr'><strong>ia</strong></span> 
     </span>
     <span class='ocr_line' id='line_1_27' title="bbox 117 2685 1799 2761; baseline 0.005 -20"><span class='ocrx_word' id='word_1_353' title='bbox 117 2687 314 2747; x_wconf 67' lang='lat' dir='ltr'><strong>thuribulum</strong></span> <span class='ocrx_word' id='word_1_354' title='bbox 330 2690 376 2743; x_wconf 90' lang='lat' dir='ltr'><strong>est</strong></span> <span class='ocrx_word' id='word_1_355' title='bbox 391 2701 443 2741; x_wconf 86' lang='lat' dir='ltr'><strong>cer</strong></span> <span class='ocrx_word' id='word_1_356' title='bbox 453 2687 592 2743; x_wconf 89' lang='lat' dir='ltr'><strong>hominis.</strong></span> <span class='ocrx_word' id='word_1_357' title='bbox 604 2685 687 2758; x_wconf 77' lang='lat' dir='ltr'><strong>ignis</strong></span> <span class='ocrx_word' id='word_1_358' title='bbox 697 2688 839 2755; x_wconf 82' lang='lat' dir='ltr'><strong>charitas,</strong></span> <span class='ocrx_word' id='word_1_359' title='bbox 855 2686 956 2743; x_wconf 90' lang='lat' dir='ltr'><strong>incsn·</strong></span> <span class='ocrx_word' id='word_1_360' title='bbox 1009 2689 1060 2744; x_wconf 86' lang='lat' dir='ltr'><strong>teli</strong></span> <span class='ocrx_word' id='word_1_361' title='bbox 1074 2689 1147 2744; x_wconf 90' lang='lat' dir='ltr'><strong>hora</strong></span> <span class='ocrx_word' id='word_1_362' title='bbox 1156 2688 1283 2761; x_wconf 84' lang='lat' dir='ltr'><strong>Spiritus</strong></span> <span class='ocrx_word' id='word_1_363' title='bbox 1300 2693 1422 2746; x_wconf 91' lang='lat' dir='ltr'><strong>sanctus</strong></span> <span class='ocrx_word' id='word_1_364' title='bbox 1436 2692 1799 2760; x_wconf 78' lang='lat' dir='ltr'><strong>apostolocintlsmmavit.</strong></span> 
     </span>
     <span class='ocr_line' id='line_1_28' title="bbox 118 2777 1847 2852; baseline 0.001 -17"><span class='ocrx_word' id='word_1_365' title='bbox 118 2779 303 2849; x_wconf 83' lang='lat' dir='ltr'><strong>sumeretis,</strong></span> <span class='ocrx_word' id='word_1_366' title='bbox 333 2796 400 2851; x_wconf 78' lang='lat' dir='ltr'><strong>quae</strong></span> <span class='ocrx_word' id='word_1_367' title='bbox 415 2779 547 2836; x_wconf 78' lang='lat' dir='ltr'><strong>suaviter</strong></span> <span class='ocrx_word' id='word_1_368' title='bbox 569 2781 631 2836; x_wconf 89' lang='lat' dir='ltr'><strong>Deo</strong></span> <span class='ocrx_word' id='word_1_369' title='bbox 658 2781 773 2837; x_wconf 87' lang='lat' dir='ltr'><strong>redolet</strong></span> <span class='ocrx_word' id='word_1_370' title='bbox 799 2797 866 2837; x_wconf 86' lang='lat' dir='ltr'><strong>cum</strong></span> <span class='ocrx_word' id='word_1_371' title='bbox 902 2798 956 2852; x_wconf 92' lang='lat' dir='ltr'><strong>par</strong></span> <span class='ocrx_word' id='word_1_372' title='bbox 1045 2779 1078 2834; x_wconf 92' lang='lat' dir='ltr'><strong>ln</strong></span> <span class='ocrx_word' id='word_1_373' title='bbox 1103 2777 1191 2834; x_wconf 87' lang='lat' dir='ltr'><strong>Sexte</strong></span> <span class='ocrx_word' id='word_1_374' title='bbox 1208 2779 1375 2835; x_wconf 87' lang='lat' dir='ltr'><strong>celebretur</strong></span> <span class='ocrx_word' id='word_1_375' title='bbox 1390 2780 1521 2836; x_wconf 82' lang='lat' dir='ltr'><strong>cilicium</strong></span> <span class='ocrx_word' id='word_1_376' title='bbox 1541 2783 1571 2835; x_wconf 89' lang='lat' dir='ltr'><strong>in</strong></span> <span class='ocrx_word' id='word_1_377' title='bbox 1592 2784 1847 2839; x_wconf 88' lang='lat' dir='ltr'><strong>commemoratio-</strong></span> 
     </span>
     <span class='ocr_line' id='line_1_29' title="bbox 117 2867 1847 2946; baseline 0.002 -23"><span class='ocrx_word' id='word_1_378' title='bbox 117 2869 219 2942; x_wconf 73' lang='lat' dir='ltr'><strong>ipnem</strong></span> <span class='ocrx_word' id='word_1_379' title='bbox 248 2871 340 2928; x_wconf 85' lang='lat' dir='ltr'><strong>divini</strong></span> <span class='ocrx_word' id='word_1_380' title='bbox 369 2872 522 2944; x_wconf 79' lang='lat' dir='ltr'><strong>tlagrescit</strong></span> <span class='ocrx_word' id='word_1_381' title='bbox 536 2871 657 2928; x_wconf 84' lang='lat' dir='ltr'><strong>ameris.</strong></span> <span class='ocrx_word' id='word_1_382' title='bbox 674 2872 758 2928; x_wconf 90' lang='lat' dir='ltr'><strong>Unde</strong></span> <span class='ocrx_word' id='word_1_383' title='bbox 786 2872 951 2943; x_wconf 82' lang='lat' dir='ltr'><strong>prophete:</strong></span> <span class='ocrx_word' id='word_1_384' title='bbox 1009 2867 1164 2923; x_wconf 85' lang='lat' dir='ltr'><strong>nemillius</strong></span> <span class='ocrx_word' id='word_1_385' title='bbox 1179 2869 1312 2941; x_wconf 90' lang='lat' dir='ltr'><strong>reiquod</strong></span> <span class='ocrx_word' id='word_1_386' title='bbox 1327 2870 1356 2924; x_wconf 92' lang='lat' dir='ltr'><strong>in</strong></span> <span class='ocrx_word' id='word_1_387' title='bbox 1371 2885 1406 2924; x_wconf 90' lang='lat' dir='ltr'><strong>ea</strong></span> <span class='ocrx_word' id='word_1_388' title='bbox 1423 2870 1584 2927; x_wconf 81' lang='lat' dir='ltr'><strong>crucifixus</strong></span> <span class='ocrx_word' id='word_1_389' title='bbox 1602 2875 1649 2927; x_wconf 91' lang='lat' dir='ltr'><strong>est</strong></span> <span class='ocrx_word' id='word_1_390' title='bbox 1667 2872 1847 2946; x_wconf 82' lang='lat' dir='ltr'><strong>Redemptor</strong></span> 
     </span>
     <span class='ocr_line' id='line_1_30' title="bbox 117 2957 1122 3034; baseline -0.003 -18"><span class='ocrx_word' id='word_1_391' title='bbox 117 2960 954 3034; x_wconf 78' lang='lat' dir='ltr'><strong>Diripeturoratioineasicatincensiuninconspectutuo</strong></span> <span class='ocrx_word' id='word_1_392' title='bbox 978 2978 984 2994; x_wconf 53' lang='lat' dir='ltr'><strong>i</strong></span> <span class='ocrx_word' id='word_1_393' title='bbox 1008 2957 1122 3013; x_wconf 90' lang='lat' dir='ltr'><strong>mundi.</strong></span> 
     </span>
    </p>
   </div>
   <div class='ocr_carea' id='block_1_3' title="bbox 118 3046 1848 3215">
    <p class='ocr_par' dir='ltr' id='par_1_4' title="bbox 118 3046 1848 3215">
     <span class='ocr_line' id='line_1_31' title="bbox 118 3046 1847 3123; baseline 0.001 -18"><span class='ocrx_word' id='word_1_394' title='bbox 118 3049 290 3122; x_wconf 79' lang='lat' dir='ltr'><strong>(Psalcxu).</strong></span> <span class='ocrx_word' id='word_1_395' title='bbox 307 3051 452 3118; x_wconf 89' lang='lat' dir='ltr'><strong>Queelibet</strong></span> <span class='ocrx_word' id='word_1_396' title='bbox 474 3053 634 3123; x_wconf 90' lang='lat' dir='ltr'><strong>antiphona</strong></span> <span class='ocrx_word' id='word_1_397' title='bbox 649 3053 821 3108; x_wconf 86' lang='lat' dir='ltr'><strong>charitatem</strong></span> <span class='ocrx_word' id='word_1_398' title='bbox 850 3053 951 3123; x_wconf 83' lang='lat' dir='ltr'><strong>expri-</strong></span> <span class='ocrx_word' id='word_1_399' title='bbox 1044 3047 1078 3101; x_wconf 90' lang='lat' dir='ltr'><strong>ln</strong></span> <span class='ocrx_word' id='word_1_400' title='bbox 1092 3046 1187 3115; x_wconf 89' lang='lat' dir='ltr'><strong>Nona,</strong></span> <span class='ocrx_word' id='word_1_401' title='bbox 1207 3047 1608 3123; x_wconf 86' lang='lat' dir='ltr'><strong>quietaacemisitspiritum.</strong></span> <span class='ocrx_word' id='word_1_402' title='bbox 1621 3053 1847 3109; x_wconf 86' lang='lat' dir='ltr'><strong>lneadcmenini</strong></span> 
     </span>
     <span class='ocr_line' id='line_1_32' title="bbox 119 3108 1848 3215; baseline -0.001 -17"><span class='ocrx_word' id='word_1_403' title='bbox 119 3141 181 3210; x_wconf 87' lang='lat' dir='ltr'><strong>mit,</strong></span> <span class='ocrx_word' id='word_1_404' title='bbox 196 3141 262 3198; x_wconf 87' lang='lat' dir='ltr'><strong>sius</strong></span> <span class='ocrx_word' id='word_1_405' title='bbox 273 3159 331 3214; x_wconf 89' lang='lat' dir='ltr'><strong>qua</strong></span> <span class='ocrx_word' id='word_1_406' title='bbox 345 3158 433 3212; x_wconf 90' lang='lat' dir='ltr'><strong>opera</strong></span> <span class='ocrx_word' id='word_1_407' title='bbox 443 3159 509 3214; x_wconf 87' lang='lat' dir='ltr'><strong>quae</strong></span> <span class='ocrx_word' id='word_1_408' title='bbox 524 3158 578 3214; x_wconf 93' lang='lat' dir='ltr'><strong>per</strong></span> <span class='ocrx_word' id='word_1_409' title='bbox 592 3143 950 3215; x_wconf 79' lang='lat' dir='ltr'><strong>pselmcssigniilcantur,</strong></span> <span class='ocrx_word' id='word_1_410' title='bbox 970 3108 1080 3192; x_wconf 78' lang='lat' dir='ltr'><strong>chore</strong></span> <span class='ocrx_word' id='word_1_411' title='bbox 1096 3138 1169 3192; x_wconf 88' lang='lat' dir='ltr'><strong>mori</strong></span> <span class='ocrx_word' id='word_1_412' title='bbox 1181 3138 1273 3193; x_wconf 90' lang='lat' dir='ltr'><strong>voluit</strong></span> <span class='ocrx_word' id='word_1_413' title='bbox 1287 3155 1340 3209; x_wconf 84' lang='lat' dir='ltr'><strong>pio</strong></span> <span class='ocrx_word' id='word_1_414' title='bbox 1355 3134 1474 3197; x_wconf 79' lang='lat' dir='ltr'><strong>homine</strong></span> <span class='ocrx_word' id='word_1_415' title='bbox 1486 3142 1515 3196; x_wconf 92' lang='lat' dir='ltr'><strong>in</strong></span> <span class='ocrx_word' id='word_1_416' title='bbox 1526 3158 1583 3214; x_wconf 87' lang='lat' dir='ltr'><strong>qun</strong></span> <span class='ocrx_word' id='word_1_417' title='bbox 1599 3142 1687 3198; x_wconf 89' lang='lat' dir='ltr'><strong>homo</strong></span> <span class='ocrx_word' id='word_1_418' title='bbox 1703 3143 1848 3214; x_wconf 87' lang='lat' dir='ltr'><strong>expulsus</strong></span> 
     </span>
    </p>
   </div>
   <div class='ocr_carea' id='block_1_4' title="bbox 50 3226 1855 5707">
    <p class='ocr_par' dir='ltr' id='par_1_5' title="bbox 50 3226 1855 5707">
     <span class='ocr_line' id='line_1_33' title="bbox 118 3226 1849 3304; baseline 0.001 -18"><span class='ocrx_word' id='word_1_419' title='bbox 118 3247 178 3288; x_wconf 89' lang='lat' dir='ltr'><strong>noa</strong></span> <span class='ocrx_word' id='word_1_420' title='bbox 188 3236 324 3302; x_wconf 83' lang='lat' dir='ltr'><strong>presunt.</strong></span> <span class='ocrx_word' id='word_1_421' title='bbox 340 3232 425 3298; x_wconf 88' lang='lat' dir='ltr'><strong>Quod</strong></span> <span class='ocrx_word' id='word_1_422' title='bbox 438 3235 536 3290; x_wconf 90' lang='lat' dir='ltr'><strong>autem</strong></span> <span class='ocrx_word' id='word_1_423' title='bbox 551 3232 711 3304; x_wconf 72' lang='lat' dir='ltr'><strong>antiphone</strong></span> <span class='ocrx_word' id='word_1_424' title='bbox 726 3236 793 3288; x_wconf 89' lang='lat' dir='ltr'><strong>ente</strong></span> <span class='ocrx_word' id='word_1_425' title='bbox 807 3232 954 3304; x_wconf 85' lang='lat' dir='ltr'><strong>psalmam</strong></span> <span class='ocrx_word' id='word_1_426' title='bbox 1012 3230 1059 3282; x_wconf 88' lang='lat' dir='ltr'><strong>est</strong></span> <span class='ocrx_word' id='word_1_427' title='bbox 1072 3226 1109 3281; x_wconf 88' lang='lat' dir='ltr'><strong>de</strong></span> <span class='ocrx_word' id='word_1_428' title='bbox 1122 3226 1272 3297; x_wconf 89' lang='lat' dir='ltr'><strong>paradiso,</strong></span> <span class='ocrx_word' id='word_1_429' title='bbox 1285 3232 1314 3282; x_wconf 92' lang='lat' dir='ltr'><strong>et</strong></span> <span class='ocrx_word' id='word_1_430' title='bbox 1327 3229 1357 3282; x_wconf 91' lang='lat' dir='ltr'><strong>in</strong></span> <span class='ocrx_word' id='word_1_431' title='bbox 1372 3230 1474 3286; x_wconf 90' lang='lat' dir='ltr'><strong>eadem</strong></span> <span class='ocrx_word' id='word_1_432' title='bbox 1496 3232 1544 3287; x_wconf 93' lang='lat' dir='ltr'><strong>die</strong></span> <span class='ocrx_word' id='word_1_433' title='bbox 1565 3232 1714 3287; x_wconf 87' lang='lat' dir='ltr'><strong>hominem</strong></span> <span class='ocrx_word' id='word_1_434' title='bbox 1743 3249 1797 3303; x_wconf 92' lang='lat' dir='ltr'><strong>per</strong></span> <span class='ocrx_word' id='word_1_435' title='bbox 1816 3233 1849 3288; x_wconf 93' lang='lat' dir='ltr'><strong>li·</strong></span> 
     </span>
     <span class='ocr_line' id='line_1_34' title="bbox 116 3316 1848 3394; baseline 0.003 -24"><span class='ocrx_word' id='word_1_436' title='bbox 116 3319 255 3391; x_wconf 73' lang='lat' dir='ltr'><strong>iaooeptr‚</strong></span> <span class='ocrx_word' id='word_1_437' title='bbox 267 3323 336 3391; x_wconf 80' lang='lat' dir='ltr'><strong>post</strong></span> <span class='ocrx_word' id='word_1_438' title='bbox 354 3322 502 3391; x_wconf 80' lang='lat' dir='ltr'><strong>psalmum</strong></span> <span class='ocrx_word' id='word_1_439' title='bbox 518 3322 690 3377; x_wconf 57' lang='lat' dir='ltr'><strong>mennaha·</strong></span> <span class='ocrx_word' id='word_1_440' title='bbox 714 3321 838 3394; x_wconf 68' lang='lat' dir='ltr'><strong>integra,</strong></span> <span class='ocrx_word' id='word_1_441' title='bbox 856 3322 955 3394; x_wconf 74' lang='lat' dir='ltr'><strong>signi.</strong></span> <span class='ocrx_word' id='word_1_442' title='bbox 1010 3331 1103 3388; x_wconf 76' lang='lat' dir='ltr'><strong>gnum</strong></span> <span class='ocrx_word' id='word_1_443' title='bbox 1123 3316 1848 3393; x_wconf 83' lang='lat' dir='ltr'><strong>relimereplacueratquaesumperligaumhostis</strong></span> 
     </span>
     <span class='ocr_line' id='line_1_35' title="bbox 117 3405 1848 3482; baseline 0.001 -19"><span class='ocrx_word' id='word_1_444' title='bbox 117 3408 186 3466; x_wconf 84' lang='lat' dir='ltr'><strong>ticet</strong></span> <span class='ocrx_word' id='word_1_445' title='bbox 200 3409 279 3480; x_wconf 85' lang='lat' dir='ltr'><strong>quod</strong></span> <span class='ocrx_word' id='word_1_446' title='bbox 290 3410 420 3464; x_wconf 88' lang='lat' dir='ltr'><strong>charitas</strong></span> <span class='ocrx_word' id='word_1_447' title='bbox 435 3410 485 3466; x_wconf 91' lang='lat' dir='ltr'><strong>hic</strong></span> <span class='ocrx_word' id='word_1_448' title='bbox 495 3411 606 3466; x_wconf 89' lang='lat' dir='ltr'><strong>initiata</strong></span> <span class='ocrx_word' id='word_1_449' title='bbox 621 3413 688 3482; x_wconf 90' lang='lat' dir='ltr'><strong>post</strong></span> <span class='ocrx_word' id='word_1_450' title='bbox 697 3412 773 3467; x_wconf 86' lang='lat' dir='ltr'><strong>hanc</strong></span> <span class='ocrx_word' id='word_1_451' title='bbox 784 3411 874 3466; x_wconf 86' lang='lat' dir='ltr'><strong>vitain</strong></span> <span class='ocrx_word' id='word_1_452' title='bbox 885 3428 954 3467; x_wconf 89' lang='lat' dir='ltr'><strong>con-</strong></span> <span class='ocrx_word' id='word_1_453' title='bbox 1010 3406 1175 3476; x_wconf 88' lang='lat' dir='ltr'><strong>deceperat:</strong></span> <span class='ocrx_word' id='word_1_454' title='bbox 1187 3405 1250 3460; x_wconf 84' lang='lat' dir='ltr'><strong>Ars</strong></span> <span class='ocrx_word' id='word_1_455' title='bbox 1259 3412 1288 3461; x_wconf 90' lang='lat' dir='ltr'><strong>ut</strong></span> <span class='ocrx_word' id='word_1_456' title='bbox 1294 3413 1391 3462; x_wconf 87' lang='lat' dir='ltr'><strong>artem</strong></span> <span class='ocrx_word' id='word_1_457' title='bbox 1398 3408 1577 3476; x_wconf 69' lang='lat' dir='ltr'><strong>falleretEt</strong></span> <span class='ocrx_word' id='word_1_458' title='bbox 1589 3410 1734 3466; x_wconf 88' lang='lat' dir='ltr'><strong>medelam</strong></span> <span class='ocrx_word' id='word_1_459' title='bbox 1748 3410 1848 3466; x_wconf 70' lang='lat' dir='ltr'><strong>ferret</strong></span> 
     </span>
     <span class='ocr_line' id='line_1_36' title="bbox 117 3494 1848 3569; baseline 0.007 -23"><span class='ocrx_word' id='word_1_460' title='bbox 117 3497 314 3553; x_wconf 74' lang='lat' dir='ltr'><strong>summabitur</strong></span> <span class='ocrx_word' id='word_1_461' title='bbox 328 3499 516 3569; x_wconf 71' lang='lat' dir='ltr'><strong>aeternaliter,</strong></span> <span class='ocrx_word' id='word_1_462' title='bbox 534 3503 563 3555; x_wconf 77' lang='lat' dir='ltr'><strong>et</strong></span> <span class='ocrx_word' id='word_1_463' title='bbox 577 3501 634 3555; x_wconf 79' lang='lat' dir='ltr'><strong>hoc</strong></span> <span class='ocrx_word' id='word_1_464' title='bbox 650 3501 705 3555; x_wconf 75' lang='lat' dir='ltr'><strong>erit</strong></span> <span class='ocrx_word' id='word_1_465' title='bbox 720 3501 750 3555; x_wconf 86' lang='lat' dir='ltr'><strong>in</strong></span> <span class='ocrx_word' id='word_1_466' title='bbox 765 3500 866 3556; x_wconf 75' lang='lat' dir='ltr'><strong>laetitia</strong></span> <span class='ocrx_word' id='word_1_467' title='bbox 889 3501 955 3556; x_wconf 74' lang='lat' dir='ltr'><strong>ino.</strong></span> <span class='ocrx_word' id='word_1_468' title='bbox 1010 3494 1089 3557; x_wconf 79' lang='lat' dir='ltr'><strong>inde,</strong></span> <span class='ocrx_word' id='word_1_469' title='bbox 1112 3494 1299 3551; x_wconf 68' lang='lat' dir='ltr'><strong>Hestiaimde</strong></span> <span class='ocrx_word' id='word_1_470' title='bbox 1315 3495 1449 3566; x_wconf 74' lang='lat' dir='ltr'><strong>laeserat,</strong></span> <span class='ocrx_word' id='word_1_471' title='bbox 1478 3499 1511 3554; x_wconf 80' lang='lat' dir='ltr'><strong>ln</strong></span> <span class='ocrx_word' id='word_1_472' title='bbox 1526 3498 1848 3558; x_wconf 87' lang='lat' dir='ltr'><strong>histribashcrisetin</strong></span> 
     </span>
     <span class='ocr_line' id='line_1_37' title="bbox 117 3583 1848 3661; baseline 0.005 -25"><span class='ocrx_word' id='word_1_473' title='bbox 117 3585 711 3661; x_wconf 65' lang='lat' dir='ltr'><strong>nutabili.Undeffleumasuhjanpilur:</strong></span> <span class='ocrx_word' id='word_1_474' title='bbox 723 3588 956 3661; x_wconf 67' lang='lat' dir='ltr'><strong>quodinafihbile</strong></span> <span class='ocrx_word' id='word_1_475' title='bbox 1012 3583 1131 3639; x_wconf 87' lang='lat' dir='ltr'><strong>caeteris</strong></span> <span class='ocrx_word' id='word_1_476' title='bbox 1141 3583 1263 3654; x_wconf 88' lang='lat' dir='ltr'><strong>p.imum</strong></span> <span class='ocrx_word' id='word_1_477' title='bbox 1277 3584 1451 3643; x_wconf 82' lang='lat' dir='ltr'><strong>invocemus</strong></span> <span class='ocrx_word' id='word_1_478' title='bbox 1467 3590 1598 3645; x_wconf 89' lang='lat' dir='ltr'><strong>divinum</strong></span> <span class='ocrx_word' id='word_1_479' title='bbox 1613 3589 1755 3645; x_wconf 89' lang='lat' dir='ltr'><strong>auxilium</strong></span> <span class='ocrx_word' id='word_1_480' title='bbox 1770 3590 1848 3659; x_wconf 79' lang='lat' dir='ltr'><strong>(utin</strong></span> 
     </span>
     <span class='ocr_line' id='line_1_38' title="bbox 117 3672 1848 3750; baseline -0.001 -17"><span class='ocrx_word' id='word_1_481' title='bbox 117 3675 260 3747; x_wconf 70' lang='lat' dir='ltr'><strong>gaudem</strong></span> <span class='ocrx_word' id='word_1_482' title='bbox 280 3678 400 3733; x_wconf 76' lang='lat' dir='ltr'><strong>aterna</strong></span> <span class='ocrx_word' id='word_1_483' title='bbox 415 3678 485 3732; x_wconf 87' lang='lat' dir='ltr'><strong>vitae</strong></span> <span class='ocrx_word' id='word_1_484' title='bbox 509 3677 627 3733; x_wconf 87' lang='lat' dir='ltr'><strong>indicat.</strong></span> <span class='ocrx_word' id='word_1_485' title='bbox 656 3678 740 3744; x_wconf 91' lang='lat' dir='ltr'><strong>Quod</strong></span> <span class='ocrx_word' id='word_1_486' title='bbox 770 3681 881 3734; x_wconf 85' lang='lat' dir='ltr'><strong>tantuin</strong></span> <span class='ocrx_word' id='word_1_487' title='bbox 910 3682 957 3735; x_wconf 89' lang='lat' dir='ltr'><strong>est</strong></span> <span class='ocrx_word' id='word_1_488' title='bbox 1011 3673 1089 3728; x_wconf 87' lang='lat' dir='ltr'><strong>omni</strong></span> <span class='ocrx_word' id='word_1_489' title='bbox 1100 3672 1179 3727; x_wconf 90' lang='lat' dir='ltr'><strong>bone</strong></span> <span class='ocrx_word' id='word_1_490' title='bbox 1191 3689 1279 3742; x_wconf 91' lang='lat' dir='ltr'><strong>opere</strong></span> <span class='ocrx_word' id='word_1_491' title='bbox 1295 3674 1537 3748; x_wconf 82' lang='lat' dir='ltr'><strong>iaciendumest),</strong></span> <span class='ocrx_word' id='word_1_492' title='bbox 1546 3681 1737 3749; x_wconf 80' lang='lat' dir='ltr'><strong>sanctamque</strong></span> <span class='ocrx_word' id='word_1_493' title='bbox 1754 3678 1848 3750; x_wconf 79' lang='lat' dir='ltr'><strong>glori-</strong></span> 
     </span>
     <span class='ocr_line' id='line_1_39' title="bbox 117 3760 1837 3839; baseline 0.001 -19"><span class='ocrx_word' id='word_1_494' title='bbox 117 3764 285 3837; x_wconf 75' lang='lat' dir='ltr'><strong>quoddam</strong></span> <span class='ocrx_word' id='word_1_495' title='bbox 306 3766 355 3821; x_wconf 93' lang='lat' dir='ltr'><strong>hic</strong></span> <span class='ocrx_word' id='word_1_496' title='bbox 370 3770 579 3839; x_wconf 74' lang='lat' dir='ltr'><strong>praegustetur,</strong></span> <span class='ocrx_word' id='word_1_497' title='bbox 602 3783 657 3823; x_wconf 91' lang='lat' dir='ltr'><strong>nec</strong></span> <span class='ocrx_word' id='word_1_498' title='bbox 684 3767 803 3838; x_wconf 86' lang='lat' dir='ltr'><strong>penitus</strong></span> <span class='ocrx_word' id='word_1_499' title='bbox 829 3768 955 3839; x_wconf 84' lang='lat' dir='ltr'><strong>exprimi</strong></span> <span class='ocrx_word' id='word_1_500' title='bbox 1013 3763 1136 3817; x_wconf 86' lang='lat' dir='ltr'><strong>fleamus</strong></span> <span class='ocrx_word' id='word_1_501' title='bbox 1151 3760 1506 3836; x_wconf 78' lang='lat' dir='ltr'><strong>Trinitatemethpmnam</strong></span> <span class='ocrx_word' id='word_1_502' title='bbox 1514 3767 1837 3836; x_wconf 78' lang='lat' dir='ltr'><strong>Deoreddimus,l’sal-</strong></span> 
     </span>
     <span class='ocr_line' id='line_1_40' title="bbox 115 3849 1852 3928; baseline 0.002 -19"><span class='ocrx_word' id='word_1_503' title='bbox 115 3869 171 3916; x_wconf 88' lang='lat' dir='ltr'><strong>nec</strong></span> <span class='ocrx_word' id='word_1_504' title='bbox 184 3855 302 3925; x_wconf 90' lang='lat' dir='ltr'><strong>penitus</strong></span> <span class='ocrx_word' id='word_1_505' title='bbox 315 3856 406 3911; x_wconf 91' lang='lat' dir='ltr'><strong>taceri</strong></span> <span class='ocrx_word' id='word_1_506' title='bbox 423 3859 530 3928; x_wconf 81' lang='lat' dir='ltr'><strong>potest.</strong></span> <span class='ocrx_word' id='word_1_507' title='bbox 539 3857 624 3912; x_wconf 89' lang='lat' dir='ltr'><strong>Unde</strong></span> <span class='ocrx_word' id='word_1_508' title='bbox 640 3857 774 3912; x_wconf 75' lang='lat' dir='ltr'><strong>Ecclesia</strong></span> <span class='ocrx_word' id='word_1_509' title='bbox 788 3857 890 3912; x_wconf 90' lang='lat' dir='ltr'><strong>verbis</strong></span> <span class='ocrx_word' id='word_1_510' title='bbox 905 3857 956 3912; x_wconf 91' lang='lat' dir='ltr'><strong>de·</strong></span> <span class='ocrx_word' id='word_1_511' title='bbox 1014 3867 1081 3906; x_wconf 86' lang='lat' dir='ltr'><strong>mos</strong></span> <span class='ocrx_word' id='word_1_512' title='bbox 1098 3849 1148 3921; x_wconf 89' lang='lat' dir='ltr'><strong>qui</strong></span> <span class='ocrx_word' id='word_1_513' title='bbox 1165 3865 1253 3920; x_wconf 77' lang='lat' dir='ltr'><strong>opera</strong></span> <span class='ocrx_word' id='word_1_514' title='bbox 1269 3851 1449 3925; x_wconf 71' lang='lat' dir='ltr'><strong>signiticaret,</strong></span> <span class='ocrx_word' id='word_1_515' title='bbox 1462 3871 1529 3911; x_wconf 92' lang='lat' dir='ltr'><strong>cum</strong></span> <span class='ocrx_word' id='word_1_516' title='bbox 1544 3857 1621 3912; x_wconf 91' lang='lat' dir='ltr'><strong>trina</strong></span> <span class='ocrx_word' id='word_1_517' title='bbox 1637 3856 1852 3928; x_wconf 73' lang='lat' dir='ltr'><strong>glorificatione</strong></span> 
     </span>
     <span class='ocr_line' id='line_1_41' title="bbox 116 3939 1853 4017; baseline -0.003 -13"><span class='ocrx_word' id='word_1_518' title='bbox 116 3943 220 4004; x_wconf 73' lang='lat' dir='ltr'><strong>raian</strong></span> <span class='ocrx_word' id='word_1_519' title='bbox 232 3943 389 4017; x_wconf 66' lang='lat' dir='ltr'><strong>jubilando</strong></span> <span class='ocrx_word' id='word_1_520' title='bbox 415 3962 481 4001; x_wconf 87' lang='lat' dir='ltr'><strong>cuin</strong></span> <span class='ocrx_word' id='word_1_521' title='bbox 499 3945 657 4002; x_wconf 74' lang='lat' dir='ltr'><strong>pneumate</strong></span> <span class='ocrx_word' id='word_1_522' title='bbox 680 3947 709 4001; x_wconf 91' lang='lat' dir='ltr'><strong>in</strong></span> <span class='ocrx_word' id='word_1_523' title='bbox 733 3947 956 4001; x_wconf 88' lang='lat' dir='ltr'><strong>admirationem</strong></span> <span class='ocrx_word' id='word_1_524' title='bbox 1022 3939 1174 3995; x_wconf 77' lang='lat' dir='ltr'><strong>Trinitatis</strong></span> <span class='ocrx_word' id='word_1_525' title='bbox 1191 3939 1417 4013; x_wconf 62' lang='lat' dir='ltr'><strong>venimusque</strong></span> <span class='ocrx_word' id='word_1_526' title='bbox 1433 3945 1462 4001; x_wconf 92' lang='lat' dir='ltr'><strong>in</strong></span> <span class='ocrx_word' id='word_1_527' title='bbox 1477 3945 1534 4000; x_wconf 90' lang='lat' dir='ltr'><strong>ilde</strong></span> <span class='ocrx_word' id='word_1_528' title='bbox 1558 3945 1708 4000; x_wconf 87' lang='lat' dir='ltr'><strong>Trinitatis</strong></span> <span class='ocrx_word' id='word_1_529' title='bbox 1737 3946 1853 4015; x_wconf 90' lang='lat' dir='ltr'><strong>operari</strong></span> 
     </span>
     <span class='ocr_line' id='line_1_42' title="bbox 116 4027 1853 4107; baseline 0 -18"><span class='ocrx_word' id='word_1_530' title='bbox 116 4033 244 4104; x_wconf 86' lang='lat' dir='ltr'><strong>prosilit.</strong></span> <span class='ocrx_word' id='word_1_531' title='bbox 259 4050 294 4089; x_wconf 90' lang='lat' dir='ltr'><strong>ac</strong></span> <span class='ocrx_word' id='word_1_532' title='bbox 309 4035 451 4090; x_wconf 89' lang='lat' dir='ltr'><strong>sidicat:</strong></span> <span class='ocrx_word' id='word_1_533' title='bbox 472 4034 544 4100; x_wconf 82' lang='lat' dir='ltr'><strong>Quae</strong></span> <span class='ocrx_word' id='word_1_534' title='bbox 558 4051 628 4104; x_wconf 86' lang='lat' dir='ltr'><strong>vox,</strong></span> <span class='ocrx_word' id='word_1_535' title='bbox 648 4051 715 4106; x_wconf 74' lang='lat' dir='ltr'><strong>quae</strong></span> <span class='ocrx_word' id='word_1_536' title='bbox 732 4035 838 4106; x_wconf 88' lang='lat' dir='ltr'><strong>poterit</strong></span> <span class='ocrx_word' id='word_1_537' title='bbox 853 4035 956 4107; x_wconf 76' lang='lat' dir='ltr'><strong>lingua</strong></span> <span class='ocrx_word' id='word_1_538' title='bbox 1019 4031 1143 4100; x_wconf 89' lang='lat' dir='ltr'><strong>oportet.</strong></span> <span class='ocrx_word' id='word_1_539' title='bbox 1159 4027 1218 4083; x_wconf 82' lang='lat' dir='ltr'><strong>Per</strong></span> <span class='ocrx_word' id='word_1_540' title='bbox 1233 4029 1419 4101; x_wconf 88' lang='lat' dir='ltr'><strong>antiphonas,</strong></span> <span class='ocrx_word' id='word_1_541' title='bbox 1429 4034 1674 4104; x_wconf 80' lang='lat' dir='ltr'><strong>queeeharitatem</strong></span> <span class='ocrx_word' id='word_1_542' title='bbox 1686 4035 1853 4105; x_wconf 84' lang='lat' dir='ltr'><strong>exprimunt</strong></span> 
     </span>
     <span class='ocr_line' id='line_1_43' title="bbox 115 4116 1852 4194; baseline 0.001 -18"><span class='ocrx_word' id='word_1_543' title='bbox 115 4124 279 4178; x_wconf 79' lang='lat' dir='ltr'><strong>retexere?</strong></span> <span class='ocrx_word' id='word_1_544' title='bbox 295 4123 350 4180; x_wconf 85' lang='lat' dir='ltr'><strong>llic</strong></span> <span class='ocrx_word' id='word_1_545' title='bbox 363 4125 444 4180; x_wconf 89' lang='lat' dir='ltr'><strong>enim</strong></span> <span class='ocrx_word' id='word_1_546' title='bbox 455 4124 546 4179; x_wconf 91' lang='lat' dir='ltr'><strong>verba</strong></span> <span class='ocrx_word' id='word_1_547' title='bbox 563 4140 622 4178; x_wconf 90' lang='lat' dir='ltr'><strong>non</strong></span> <span class='ocrx_word' id='word_1_548' title='bbox 635 4124 798 4192; x_wconf 74' lang='lat' dir='ltr'><strong>sufiiciunt,</strong></span> <span class='ocrx_word' id='word_1_549' title='bbox 816 4124 959 4179; x_wconf 89' lang='lat' dir='ltr'><strong>nseintel-</strong></span> <span class='ocrx_word' id='word_1_550' title='bbox 1014 4119 1146 4191; x_wconf 88' lang='lat' dir='ltr'><strong>psalmes</strong></span> <span class='ocrx_word' id='word_1_551' title='bbox 1167 4116 1389 4191; x_wconf 80' lang='lat' dir='ltr'><strong>conjungimus,</strong></span> <span class='ocrx_word' id='word_1_552' title='bbox 1405 4124 1473 4194; x_wconf 84' lang='lat' dir='ltr'><strong>quia</strong></span> <span class='ocrx_word' id='word_1_553' title='bbox 1496 4139 1549 4194; x_wconf 91' lang='lat' dir='ltr'><strong>per</strong></span> <span class='ocrx_word' id='word_1_554' title='bbox 1563 4123 1734 4180; x_wconf 86' lang='lat' dir='ltr'><strong>charitatem</strong></span> <span class='ocrx_word' id='word_1_555' title='bbox 1763 4139 1852 4194; x_wconf 89' lang='lat' dir='ltr'><strong>opera</strong></span> 
     </span>
     <span class='ocr_line' id='line_1_44' title="bbox 117 4207 1853 4284; baseline -0.001 -18"><span class='ocrx_word' id='word_1_556' title='bbox 117 4211 224 4282; x_wconf 78' lang='lat' dir='ltr'><strong>lectus,</strong></span> <span class='ocrx_word' id='word_1_557' title='bbox 240 4215 495 4269; x_wconf 87' lang='lat' dir='ltr'><strong>nectaraenamor</strong></span> <span class='ocrx_word' id='word_1_558' title='bbox 510 4213 698 4269; x_wconf 89' lang='lat' dir='ltr'><strong>sinittacere.</strong></span> <span class='ocrx_word' id='word_1_559' title='bbox 716 4213 765 4267; x_wconf 90' lang='lat' dir='ltr'><strong>Sic</strong></span> <span class='ocrx_word' id='word_1_560' title='bbox 781 4213 879 4284; x_wconf 88' lang='lat' dir='ltr'><strong>itaque</strong></span> <span class='ocrx_word' id='word_1_561' title='bbox 900 4213 958 4268; x_wconf 79' lang='lat' dir='ltr'><strong>Ec·</strong></span> <span class='ocrx_word' id='word_1_562' title='bbox 1016 4211 1118 4263; x_wconf 89' lang='lat' dir='ltr'><strong>nestra</strong></span> <span class='ocrx_word' id='word_1_563' title='bbox 1137 4207 1310 4262; x_wconf 83' lang='lat' dir='ltr'><strong>rentiamere</strong></span> <span class='ocrx_word' id='word_1_564' title='bbox 1326 4210 1479 4278; x_wconf 90' lang='lat' dir='ltr'><strong>dehemus,</strong></span> <span class='ocrx_word' id='word_1_565' title='bbox 1497 4213 1560 4267; x_wconf 89' lang='lat' dir='ltr'><strong>etin</strong></span> <span class='ocrx_word' id='word_1_566' title='bbox 1573 4228 1607 4267; x_wconf 92' lang='lat' dir='ltr'><strong>ca</strong></span> <span class='ocrx_word' id='word_1_567' title='bbox 1622 4228 1751 4282; x_wconf 90' lang='lat' dir='ltr'><strong>manere,</strong></span> <span class='ocrx_word' id='word_1_568' title='bbox 1776 4214 1853 4267; x_wconf 89' lang='lat' dir='ltr'><strong>sicut</strong></span> 
     </span>
     <span class='ocr_line' id='line_1_45' title="bbox 118 4297 1853 4374; baseline 0 -18"><span class='ocrx_word' id='word_1_569' title='bbox 118 4301 461 4373; x_wconf 82' lang='lat' dir='ltr'><strong>clesinpneumatizendc</strong></span> <span class='ocrx_word' id='word_1_570' title='bbox 472 4301 648 4373; x_wconf 79' lang='lat' dir='ltr'><strong>expressius</strong></span> <span class='ocrx_word' id='word_1_571' title='bbox 660 4301 875 4372; x_wconf 88' lang='lat' dir='ltr'><strong>quadammodo</strong></span> <span class='ocrx_word' id='word_1_572' title='bbox 890 4301 958 4372; x_wconf 89' lang='lat' dir='ltr'><strong>(mi-</strong></span> <span class='ocrx_word' id='word_1_573' title='bbox 1017 4298 1180 4370; x_wconf 81' lang='lat' dir='ltr'><strong>Apostolus</strong></span> <span class='ocrx_word' id='word_1_574' title='bbox 1190 4305 1238 4359; x_wconf 88' lang='lat' dir='ltr'><strong>ait:</strong></span> <span class='ocrx_word' id='word_1_575' title='bbox 1249 4297 1437 4355; x_wconf 80' lang='lat' dir='ltr'><strong>tricliaritatc</strong></span> <span class='ocrx_word' id='word_1_576' title='bbox 1446 4303 1577 4357; x_wconf 81' lang='lat' dir='ltr'><strong>radicati</strong></span> <span class='ocrx_word' id='word_1_577' title='bbox 1586 4307 1615 4358; x_wconf 84' lang='lat' dir='ltr'><strong>et</strong></span> <span class='ocrx_word' id='word_1_578' title='bbox 1625 4301 1744 4357; x_wconf 72' lang='lat' dir='ltr'><strong>tundali</strong></span> <span class='ocrx_word' id='word_1_579' title='bbox 1750 4303 1853 4374; x_wconf 71' lang='lat' dir='ltr'><strong>Epiros</strong></span> 
     </span>
     <span class='ocr_line' id='line_1_46' title="bbox 118 4371 1853 4463; baseline 0.001 -17"><span class='ocrx_word' id='word_1_580' title='bbox 118 4405 186 4447; x_wconf 77' lang='lat' dir='ltr'><strong>ruas</strong></span> <span class='ocrx_word' id='word_1_581' title='bbox 199 4391 390 4463; x_wconf 72' lang='lat' dir='ltr'><strong>loquorlsiae</strong></span> <span class='ocrx_word' id='word_1_582' title='bbox 398 4391 501 4446; x_wconf 91' lang='lat' dir='ltr'><strong>verbis</strong></span> <span class='ocrx_word' id='word_1_583' title='bbox 509 4407 597 4462; x_wconf 85' lang='lat' dir='ltr'><strong>quam</strong></span> <span class='ocrx_word' id='word_1_584' title='bbox 606 4389 755 4460; x_wconf 90' lang='lat' dir='ltr'><strong>perverba</strong></span> <span class='ocrx_word' id='word_1_585' title='bbox 766 4390 861 4444; x_wconf 91' lang='lat' dir='ltr'><strong>innuit</strong></span> <span class='ocrx_word' id='word_1_586' title='bbox 871 4371 1068 4461; x_wconf 74' lang='lat' dir='ltr'><strong>quan-nait).</strong></span> <span class='ocrx_word' id='word_1_587' title='bbox 1096 4390 1131 4446; x_wconf 83' lang='lat' dir='ltr'><strong>Et</strong></span> <span class='ocrx_word' id='word_1_588' title='bbox 1159 4393 1264 4447; x_wconf 89' lang='lat' dir='ltr'><strong>lteram</strong></span> <span class='ocrx_word' id='word_1_589' title='bbox 1286 4392 1401 4448; x_wconf 85' lang='lat' dir='ltr'><strong>:Omnia</strong></span> <span class='ocrx_word' id='word_1_590' title='bbox 1417 4408 1506 4463; x_wconf 85' lang='lat' dir='ltr'><strong>opera</strong></span> <span class='ocrx_word' id='word_1_591' title='bbox 1524 4397 1625 4446; x_wconf 84' lang='lat' dir='ltr'><strong>restra</strong></span> <span class='ocrx_word' id='word_1_592' title='bbox 1650 4391 1681 4444; x_wconf 88' lang='lat' dir='ltr'><strong>in</strong></span> <span class='ocrx_word' id='word_1_593' title='bbox 1704 4391 1853 4448; x_wconf 84' lang='lat' dir='ltr'><strong>charitate</strong></span> 
     </span>
     <span class='ocr_line' id='line_1_47' title="bbox 118 4475 1851 4554; baseline 0 -20"><span class='ocrx_word' id='word_1_594' title='bbox 118 4480 181 4535; x_wconf 88' lang='lat' dir='ltr'><strong>tum</strong></span> <span class='ocrx_word' id='word_1_595' title='bbox 194 4479 234 4539; x_wconf 84' lang='lat' dir='ltr'><strong>sit</strong></span> <span class='ocrx_word' id='word_1_596' title='bbox 248 4481 389 4554; x_wconf 77' lang='lat' dir='ltr'><strong>gaudium</strong></span> <span class='ocrx_word' id='word_1_597' title='bbox 417 4481 495 4549; x_wconf 89' lang='lat' dir='ltr'><strong>coeli,</strong></span> <span class='ocrx_word' id='word_1_598' title='bbox 511 4481 562 4536; x_wconf 89' lang='lat' dir='ltr'><strong>uhi</strong></span> <span class='ocrx_word' id='word_1_599' title='bbox 581 4479 672 4533; x_wconf 82' lang='lat' dir='ltr'><strong>verba</strong></span> <span class='ocrx_word' id='word_1_600' title='bbox 697 4478 869 4548; x_wconf 89' lang='lat' dir='ltr'><strong>cessabunt,</strong></span> <span class='ocrx_word' id='word_1_601' title='bbox 891 4494 960 4534; x_wconf 87' lang='lat' dir='ltr'><strong>cam</strong></span> <span class='ocrx_word' id='word_1_602' title='bbox 1020 4475 1093 4532; x_wconf 77' lang='lat' dir='ltr'><strong>dani</strong></span> <span class='ocrx_word' id='word_1_603' title='bbox 1114 4479 1143 4550; x_wconf 82' lang='grc' dir='ltr'><strong>(Ι</strong></span> <span class='ocrx_word' id='word_1_604' title='bbox 1161 4481 1227 4547; x_wconf 81' lang='lat' dir='ltr'><strong>Gor,</strong></span> <span class='ocrx_word' id='word_1_605' title='bbox 1246 4481 1379 4550; x_wconf 83' lang='lat' dir='ltr'><strong>xvi).Per</strong></span> <span class='ocrx_word' id='word_1_606' title='bbox 1393 4480 1526 4551; x_wconf 87' lang='lat' dir='ltr'><strong>Capitale</strong></span> <span class='ocrx_word' id='word_1_607' title='bbox 1541 4480 1727 4552; x_wconf 82' lang='lat' dir='ltr'><strong>significatur</strong></span> <span class='ocrx_word' id='word_1_608' title='bbox 1740 4480 1851 4534; x_wconf 86' lang='lat' dir='ltr'><strong>exhor·</strong></span> 
     </span>
     <span class='ocr_line' id='line_1_48' title="bbox 119 4566 1855 4642; baseline 0 -18"><span class='ocrx_word' id='word_1_609' title='bbox 119 4585 224 4626; x_wconf 86' lang='lat' dir='ltr'><strong>omnes</strong></span> <span class='ocrx_word' id='word_1_610' title='bbox 235 4570 333 4627; x_wconf 83' lang='lat' dir='ltr'><strong>omnia</strong></span> <span class='ocrx_word' id='word_1_611' title='bbox 348 4569 454 4626; x_wconf 88' lang='lat' dir='ltr'><strong>scient.</strong></span> <span class='ocrx_word' id='word_1_612' title='bbox 472 4569 545 4624; x_wconf 86' lang='lat' dir='ltr'><strong>Post</strong></span> <span class='ocrx_word' id='word_1_613' title='bbox 559 4568 691 4623; x_wconf 84' lang='lat' dir='ltr'><strong>Pneuraa</strong></span> <span class='ocrx_word' id='word_1_614' title='bbox 702 4567 838 4639; x_wconf 85' lang='lat' dir='ltr'><strong>sequitur</strong></span> <span class='ocrx_word' id='word_1_615' title='bbox 847 4566 957 4637; x_wconf 88' lang='lat' dir='ltr'><strong>Oratio,</strong></span> <span class='ocrx_word' id='word_1_616' title='bbox 1015 4567 1157 4625; x_wconf 83' lang='lat' dir='ltr'><strong>latichen</strong></span> <span class='ocrx_word' id='word_1_617' title='bbox 1172 4571 1282 4642; x_wconf 90' lang='lat' dir='ltr'><strong>operis,</strong></span> <span class='ocrx_word' id='word_1_618' title='bbox 1296 4587 1349 4642; x_wconf 89' lang='lat' dir='ltr'><strong>per</strong></span> <span class='ocrx_word' id='word_1_619' title='bbox 1367 4571 1571 4640; x_wconf 82' lang='lat' dir='ltr'><strong>Responsoria</strong></span> <span class='ocrx_word' id='word_1_620' title='bbox 1582 4569 1692 4625; x_wconf 90' lang='lat' dir='ltr'><strong>bonum</strong></span> <span class='ocrx_word' id='word_1_621' title='bbox 1703 4585 1789 4640; x_wconf 90' lang='lat' dir='ltr'><strong>opus,</strong></span> <span class='ocrx_word' id='word_1_622' title='bbox 1800 4586 1855 4640; x_wconf 88' lang='lat' dir='ltr'><strong>per</strong></span> 
     </span>
     <span class='ocr_line' id='line_1_49' title="bbox 118 4655 1851 4730; baseline -0.001 -17"><span class='ocrx_word' id='word_1_623' title='bbox 118 4661 152 4714; x_wconf 89' lang='lat' dir='ltr'><strong>nt</strong></span> <span class='ocrx_word' id='word_1_624' title='bbox 166 4659 243 4717; x_wconf 90' lang='lat' dir='ltr'><strong>actio</strong></span> <span class='ocrx_word' id='word_1_625' title='bbox 255 4662 359 4717; x_wconf 83' lang='lat' dir='ltr'><strong>nostra</strong></span> <span class='ocrx_word' id='word_1_626' title='bbox 377 4673 508 4730; x_wconf 83' lang='lat' dir='ltr'><strong>queeper</strong></span> <span class='ocrx_word' id='word_1_627' title='bbox 530 4658 623 4713; x_wconf 86' lang='lat' dir='ltr'><strong>Deum</strong></span> <span class='ocrx_word' id='word_1_628' title='bbox 650 4656 763 4727; x_wconf 77' lang='lat' dir='ltr'><strong>incipit,</strong></span> <span class='ocrx_word' id='word_1_629' title='bbox 783 4671 837 4727; x_wconf 89' lang='lat' dir='ltr'><strong>per</strong></span> <span class='ocrx_word' id='word_1_630' title='bbox 860 4655 958 4726; x_wconf 84' lang='lat' dir='ltr'><strong>ipsam</strong></span> <span class='ocrx_word' id='word_1_631' title='bbox 1018 4655 1132 4712; x_wconf 87' lang='lat' dir='ltr'><strong>Versus</strong></span> <span class='ocrx_word' id='word_1_632' title='bbox 1148 4658 1263 4714; x_wconf 82' lang='lat' dir='ltr'><strong>fructas</strong></span> <span class='ocrx_word' id='word_1_633' title='bbox 1279 4660 1348 4714; x_wconf 91' lang='lat' dir='ltr'><strong>boni</strong></span> <span class='ocrx_word' id='word_1_634' title='bbox 1358 4659 1468 4730; x_wconf 88' lang='lat' dir='ltr'><strong>operis.</strong></span> <span class='ocrx_word' id='word_1_635' title='bbox 1487 4658 1740 4714; x_wconf 89' lang='lat' dir='ltr'><strong>UadeetPneume</strong></span> <span class='ocrx_word' id='word_1_636' title='bbox 1753 4658 1851 4712; x_wconf 90' lang='lat' dir='ltr'><strong>hahet.</strong></span> 
     </span>
     <span class='ocr_line' id='line_1_50' title="bbox 121 4744 1852 4818; baseline -0.002 -16"><span class='ocrx_word' id='word_1_637' title='bbox 121 4747 252 4804; x_wconf 68' lang='lat' dir='ltr'><strong>liniatis.</strong></span> <span class='ocrx_word' id='word_1_638' title='bbox 267 4747 351 4814; x_wconf 83' lang='lat' dir='ltr'><strong>Qaiod</strong></span> <span class='ocrx_word' id='word_1_639' title='bbox 367 4752 464 4803; x_wconf 63' lang='lat' dir='ltr'><strong>auum</strong></span> <span class='ocrx_word' id='word_1_640' title='bbox 488 4747 518 4802; x_wconf 92' lang='lat' dir='ltr'><strong>in</strong></span> <span class='ocrx_word' id='word_1_641' title='bbox 529 4748 587 4802; x_wconf 87' lang='lat' dir='ltr'><strong>tlne</strong></span> <span class='ocrx_word' id='word_1_642' title='bbox 601 4761 675 4802; x_wconf 88' lang='lat' dir='ltr'><strong>voce</strong></span> <span class='ocrx_word' id='word_1_643' title='bbox 690 4745 795 4816; x_wconf 89' lang='lat' dir='ltr'><strong>puerili</strong></span> <span class='ocrx_word' id='word_1_644' title='bbox 825 4745 933 4800; x_wconf 89' lang='lat' dir='ltr'><strong>dicitur</strong></span> <span class='ocrx_word' id='word_1_645' title='bbox 950 4761 956 4800; x_wconf 92' lang='lat'>:</span> <span class='ocrx_word' id='word_1_646' title='bbox 1016 4745 1049 4799; x_wconf 91' lang='lat' dir='ltr'><strong>la</strong></span> <span class='ocrx_word' id='word_1_647' title='bbox 1064 4744 1201 4803; x_wconf 82' lang='lat' dir='ltr'><strong>Oratione</strong></span> <span class='ocrx_word' id='word_1_648' title='bbox 1217 4747 1403 4802; x_wconf 88' lang='lat' dir='ltr'><strong>concluditur</strong></span> <span class='ocrx_word' id='word_1_649' title='bbox 1418 4748 1582 4813; x_wconf 89' lang='lat' dir='ltr'><strong>servitium,</strong></span> <span class='ocrx_word' id='word_1_650' title='bbox 1594 4751 1625 4801; x_wconf 89' lang='lat' dir='ltr'><strong>ut</strong></span> <span class='ocrx_word' id='word_1_651' title='bbox 1639 4745 1737 4800; x_wconf 87' lang='lat' dir='ltr'><strong>divina</strong></span> <span class='ocrx_word' id='word_1_652' title='bbox 1758 4747 1852 4818; x_wconf 73' lang='lat' dir='ltr'><strong>gratia</strong></span> 
     </span>
     <span class='ocr_line' id='line_1_51' title="bbox 119 4833 1850 4909; baseline -0.001 -19"><span class='ocrx_word' id='word_1_653' title='bbox 119 4835 338 4891; x_wconf 84' lang='lat' dir='ltr'><strong>Benedicsnrus</strong></span> <span class='ocrx_word' id='word_1_654' title='bbox 353 4836 486 4905; x_wconf 70' lang='lat' dir='ltr'><strong>liciniae,</strong></span> <span class='ocrx_word' id='word_1_655' title='bbox 504 4835 656 4909; x_wconf 73' lang='lat' dir='ltr'><strong>signitlest</strong></span> <span class='ocrx_word' id='word_1_656' title='bbox 674 4833 753 4906; x_wconf 90' lang='lat' dir='ltr'><strong>quod</strong></span> <span class='ocrx_word' id='word_1_657' title='bbox 775 4833 872 4888; x_wconf 87' lang='lat' dir='ltr'><strong>omnis</strong></span> <span class='ocrx_word' id='word_1_658' title='bbox 892 4833 958 4888; x_wconf 86' lang='lat' dir='ltr'><strong>laus</strong></span> <span class='ocrx_word' id='word_1_659' title='bbox 1016 4849 1083 4904; x_wconf 86' lang='lat' dir='ltr'><strong>qnae</strong></span> <span class='ocrx_word' id='word_1_660' title='bbox 1098 4837 1230 4891; x_wconf 88' lang='lat' dir='ltr'><strong>actiones</strong></span> <span class='ocrx_word' id='word_1_661' title='bbox 1250 4840 1370 4891; x_wconf 89' lang='lat' dir='ltr'><strong>nostras</strong></span> <span class='ocrx_word' id='word_1_662' title='bbox 1394 4837 1536 4907; x_wconf 83' lang='lat' dir='ltr'><strong>praecedit</strong></span> <span class='ocrx_word' id='word_1_663' title='bbox 1551 4837 1615 4906; x_wconf 90' lang='lat' dir='ltr'><strong>ipse</strong></span> <span class='ocrx_word' id='word_1_664' title='bbox 1640 4837 1850 4907; x_wconf 87' lang='lat' dir='ltr'><strong>subsequatur.</strong></span> 
     </span>
     <span class='ocr_line' id='line_1_52' title="bbox 119 4921 1852 4996; baseline 0 -18"><span class='ocrx_word' id='word_1_665' title='bbox 119 4921 960 4995; x_wconf 79' lang='lat' dir='ltr'><strong>nestrapuerilisestadcomparationemlleiquemlaude·</strong></span> <span class='ocrx_word' id='word_1_666' title='bbox 1052 4924 1221 4980; x_wconf 87' lang='lat' dir='ltr'><strong>Succedunt</strong></span> <span class='ocrx_word' id='word_1_667' title='bbox 1236 4924 1387 4995; x_wconf 72' lang='lat' dir='ltr'><strong>vesperae,</strong></span> <span class='ocrx_word' id='word_1_668' title='bbox 1406 4925 1436 4978; x_wconf 93' lang='lat' dir='ltr'><strong>in</strong></span> <span class='ocrx_word' id='word_1_669' title='bbox 1460 4925 1569 4996; x_wconf 88' lang='lat' dir='ltr'><strong>quibus</strong></span> <span class='ocrx_word' id='word_1_670' title='bbox 1585 4940 1852 4980; x_wconf 87' lang='lat' dir='ltr'><strong>commemoremus</strong></span> 
     </span>
     <span class='ocr_line' id='line_1_53' title="bbox 118 5007 1853 5087; baseline -0.002 -18"><span class='ocrx_word' id='word_1_671' title='bbox 118 5029 197 5083; x_wconf 86' lang='lat' dir='ltr'><strong>mus,</strong></span> <span class='ocrx_word' id='word_1_672' title='bbox 214 5013 337 5085; x_wconf 80' lang='lat' dir='ltr'><strong>etquod</strong></span> <span class='ocrx_word' id='word_1_673' title='bbox 351 5013 495 5087; x_wconf 78' lang='lat' dir='ltr'><strong>quidquid</strong></span> <span class='ocrx_word' id='word_1_674' title='bbox 510 5013 560 5069; x_wconf 87' lang='lat' dir='ltr'><strong>hle</strong></span> <span class='ocrx_word' id='word_1_675' title='bbox 578 5013 637 5068; x_wconf 90' lang='lat' dir='ltr'><strong>diei</strong></span> <span class='ocrx_word' id='word_1_676' title='bbox 661 5015 759 5083; x_wconf 88' lang='lat' dir='ltr'><strong>potest</strong></span> <span class='ocrx_word' id='word_1_677' title='bbox 780 5011 880 5066; x_wconf 89' lang='lat' dir='ltr'><strong>minas</strong></span> <span class='ocrx_word' id='word_1_678' title='bbox 912 5007 961 5066; x_wconf 85' lang='lat' dir='ltr'><strong>est</strong></span> <span class='ocrx_word' id='word_1_679' title='bbox 1016 5013 1174 5075; x_wconf 79' lang='lat' dir='ltr'><strong>advectam</strong></span> <span class='ocrx_word' id='word_1_680' title='bbox 1184 5013 1311 5083; x_wconf 85' lang='lat' dir='ltr'><strong>Domini,</strong></span> <span class='ocrx_word' id='word_1_681' title='bbox 1335 5013 1853 5086; x_wconf 74' lang='lat' dir='ltr'><strong>Verpenteniandivespere.lnhac</strong></span> 
     </span>
     <span class='ocr_line' id='line_1_54' title="bbox 118 5101 1853 5174; baseline 0 -17"><span class='ocrx_word' id='word_1_682' title='bbox 118 5102 236 5158; x_wconf 81' lang='lat' dir='ltr'><strong>alaude</strong></span> <span class='ocrx_word' id='word_1_683' title='bbox 253 5102 317 5158; x_wconf 82' lang='lat' dir='ltr'><strong>liei.</strong></span> <span class='ocrx_word' id='word_1_684' title='bbox 330 5105 373 5158; x_wconf 80' lang='lat' dir='ltr'><strong>hc</strong></span> <span class='ocrx_word' id='word_1_685' title='bbox 384 5103 412 5158; x_wconf 87' lang='lat' dir='ltr'><strong>si</strong></span> <span class='ocrx_word' id='word_1_686' title='bbox 431 5102 509 5158; x_wconf 91' lang='lat' dir='ltr'><strong>dicet</strong></span> <span class='ocrx_word' id='word_1_687' title='bbox 524 5101 658 5158; x_wconf 72' lang='lat' dir='ltr'><strong>Ecclesia</strong></span> <span class='ocrx_word' id='word_1_688' title='bbox 671 5117 679 5172; x_wconf 73' lang='grc' dir='ltr'><strong>ς</strong></span> <span class='ocrx_word' id='word_1_689' title='bbox 703 5101 882 5170; x_wconf 75' lang='lat' dir='ltr'><strong>laudamus,</strong></span> <span class='ocrx_word' id='word_1_690' title='bbox 904 5101 961 5160; x_wconf 82' lang='lat' dir='ltr'><strong>sea</strong></span> <span class='ocrx_word' id='word_1_691' title='bbox 1017 5101 1107 5170; x_wconf 88' lang='lat' dir='ltr'><strong>Hora,</strong></span> <span class='ocrx_word' id='word_1_692' title='bbox 1123 5103 1192 5172; x_wconf 88' lang='lat' dir='ltr'><strong>quia</strong></span> <span class='ocrx_word' id='word_1_693' title='bbox 1208 5102 1276 5157; x_wconf 88' lang='lat' dir='ltr'><strong>llais</strong></span> <span class='ocrx_word' id='word_1_694' title='bbox 1291 5106 1338 5158; x_wconf 89' lang='lat' dir='ltr'><strong>est</strong></span> <span class='ocrx_word' id='word_1_695' title='bbox 1352 5102 1709 5173; x_wconf 88' lang='lat' dir='ltr'><strong>dieietprcpinquanocti,</strong></span> <span class='ocrx_word' id='word_1_696' title='bbox 1721 5102 1853 5174; x_wconf 84' lang='lat' dir='ltr'><strong>quinque</strong></span> 
     </span>
     <span class='ocr_line' id='line_1_55' title="bbox 118 5189 1853 5263; baseline -0.001 -18"><span class='ocrx_word' id='word_1_697' title='bbox 118 5190 267 5246; x_wconf 78' lang='lat' dir='ltr'><strong>laudando</strong></span> <span class='ocrx_word' id='word_1_698' title='bbox 286 5207 346 5247; x_wconf 87' lang='lat' dir='ltr'><strong>nou</strong></span> <span class='ocrx_word' id='word_1_699' title='bbox 361 5192 540 5262; x_wconf 73' lang='lat' dir='ltr'><strong>sufficimus,</strong></span> <span class='ocrx_word' id='word_1_700' title='bbox 557 5191 626 5263; x_wconf 87' lang='lat' dir='ltr'><strong>quia</strong></span> <span class='ocrx_word' id='word_1_701' title='bbox 641 5189 893 5261; x_wconf 84' lang='lat' dir='ltr'><strong>supereminentia</strong></span> <span class='ocrx_word' id='word_1_702' title='bbox 904 5189 957 5245; x_wconf 86' lang='lat' dir='ltr'><strong>Dei</strong></span> <span class='ocrx_word' id='word_1_703' title='bbox 1015 5189 1148 5260; x_wconf 87' lang='lat' dir='ltr'><strong>psalinos</strong></span> <span class='ocrx_word' id='word_1_704' title='bbox 1165 5191 1308 5260; x_wconf 89' lang='lat' dir='ltr'><strong>canimus,</strong></span> <span class='ocrx_word' id='word_1_705' title='bbox 1325 5195 1357 5246; x_wconf 91' lang='lat' dir='ltr'><strong>ut</strong></span> <span class='ocrx_word' id='word_1_706' title='bbox 1367 5192 1509 5263; x_wconf 87' lang='lat' dir='ltr'><strong>quidquid</strong></span> <span class='ocrx_word' id='word_1_707' title='bbox 1525 5191 1555 5246; x_wconf 91' lang='lat' dir='ltr'><strong>in</strong></span> <span class='ocrx_word' id='word_1_708' title='bbox 1574 5192 1621 5245; x_wconf 90' lang='lat' dir='ltr'><strong>die</strong></span> <span class='ocrx_word' id='word_1_709' title='bbox 1646 5206 1699 5262; x_wconf 90' lang='lat' dir='ltr'><strong>per</strong></span> <span class='ocrx_word' id='word_1_710' title='bbox 1721 5191 1853 5261; x_wconf 85' lang='lat' dir='ltr'><strong>quinque</strong></span> 
     </span>
     <span class='ocr_line' id='line_1_56' title="bbox 118 5279 1853 5353; baseline -0.003 -16"><span class='ocrx_word' id='word_1_711' title='bbox 118 5280 268 5353; x_wconf 68' lang='lat' dir='ltr'><strong>eloquium</strong></span> <span class='ocrx_word' id='word_1_712' title='bbox 278 5284 420 5341; x_wconf 78' lang='lat' dir='ltr'><strong>nestrum</strong></span> <span class='ocrx_word' id='word_1_713' title='bbox 435 5283 557 5352; x_wconf 90' lang='lat' dir='ltr'><strong>superat</strong></span> <span class='ocrx_word' id='word_1_714' title='bbox 571 5283 599 5335; x_wconf 86' lang='lat' dir='ltr'><strong>et</strong></span> <span class='ocrx_word' id='word_1_715' title='bbox 612 5279 803 5350; x_wconf 91' lang='lat' dir='ltr'><strong>intellectum,</strong></span> <span class='ocrx_word' id='word_1_716' title='bbox 819 5279 888 5351; x_wconf 89' lang='lat' dir='ltr'><strong>quia</strong></span> <span class='ocrx_word' id='word_1_717' title='bbox 906 5295 956 5334; x_wconf 87' lang='lat' dir='ltr'><strong>ec-</strong></span> <span class='ocrx_word' id='word_1_718' title='bbox 1016 5293 1126 5333; x_wconf 89' lang='lat' dir='ltr'><strong>sensus</strong></span> <span class='ocrx_word' id='word_1_719' title='bbox 1142 5279 1297 5335; x_wconf 88' lang='lat' dir='ltr'><strong>venialiter</strong></span> <span class='ocrx_word' id='word_1_720' title='bbox 1310 5279 1498 5349; x_wconf 83' lang='lat' dir='ltr'><strong>attendimus,</strong></span> <span class='ocrx_word' id='word_1_721' title='bbox 1515 5279 1741 5350; x_wconf 84' lang='lat' dir='ltr'><strong>hacpsalrnodie</strong></span> <span class='ocrx_word' id='word_1_722' title='bbox 1756 5279 1853 5333; x_wconf 87' lang='lat' dir='ltr'><strong>dimit-</strong></span> 
     </span>
     <span class='ocr_line' id='line_1_57' title="bbox 116 5366 1852 5440; baseline -0.002 -14"><span class='ocrx_word' id='word_1_723' title='bbox 116 5371 202 5428; x_wconf 82' lang='lat' dir='ltr'><strong>cedet</strong></span> <span class='ocrx_word' id='word_1_724' title='bbox 217 5370 303 5427; x_wconf 75' lang='lat' dir='ltr'><strong>temo</strong></span> <span class='ocrx_word' id='word_1_725' title='bbox 317 5370 356 5427; x_wconf 85' lang='lat' dir='ltr'><strong>ad</strong></span> <span class='ocrx_word' id='word_1_726' title='bbox 369 5369 527 5436; x_wconf 73' lang='lat' dir='ltr'><strong>cerritum</strong></span> <span class='ocrx_word' id='word_1_727' title='bbox 541 5366 953 5440; x_wconf 66' lang='lat' dir='ltr'><strong>etereltabitarDeusfflsei.</strong></span> <span class='ocrx_word' id='word_1_728' title='bbox 1013 5370 1095 5423; x_wconf 86' lang='lat' dir='ltr'><strong>tatur</strong></span> <span class='ocrx_word' id='word_1_729' title='bbox 1107 5369 1330 5440; x_wconf 70' lang='lat' dir='ltr'><strong>paenitentibus,</strong></span> <span class='ocrx_word' id='word_1_730' title='bbox 1346 5373 1374 5425; x_wconf 91' lang='lat' dir='ltr'><strong>et</strong></span> <span class='ocrx_word' id='word_1_731' title='bbox 1389 5369 1458 5425; x_wconf 90' lang='lat' dir='ltr'><strong>inde</strong></span> <span class='ocrx_word' id='word_1_732' title='bbox 1483 5384 1593 5423; x_wconf 90' lang='lat' dir='ltr'><strong>sensas</strong></span> <span class='ocrx_word' id='word_1_733' title='bbox 1609 5368 1705 5422; x_wconf 90' lang='lat' dir='ltr'><strong>nostri</strong></span> <span class='ocrx_word' id='word_1_734' title='bbox 1719 5384 1773 5437; x_wconf 91' lang='lat' dir='ltr'><strong>per</strong></span> <span class='ocrx_word' id='word_1_735' title='bbox 1796 5383 1852 5422; x_wconf 92' lang='lat' dir='ltr'><strong>no-</strong></span> 
     </span>
     <span class='ocr_line' id='line_1_58' title="bbox 115 5456 1851 5532; baseline -0.003 -17"><span class='ocrx_word' id='word_1_736' title='bbox 115 5459 208 5532; x_wconf 81' lang='lat' dir='ltr'><strong>nxin).</strong></span> <span class='ocrx_word' id='word_1_737' title='bbox 224 5458 510 5516; x_wconf 79' lang='lat' dir='ltr'><strong>Oudeaboaiaibas</strong></span> <span class='ocrx_word' id='word_1_738' title='bbox 526 5460 745 5529; x_wconf 69' lang='lat' dir='ltr'><strong>conmanenter</strong></span> <span class='ocrx_word' id='word_1_739' title='bbox 760 5457 823 5512; x_wconf 86' lang='lat' dir='ltr'><strong>Dee</strong></span> <span class='ocrx_word' id='word_1_740' title='bbox 836 5458 954 5530; x_wconf 78' lang='lat' dir='ltr'><strong>pretias</strong></span> <span class='ocrx_word' id='word_1_741' title='bbox 1011 5458 1087 5512; x_wconf 90' lang='lat' dir='ltr'><strong>ctcm</strong></span> <span class='ocrx_word' id='word_1_742' title='bbox 1109 5458 1140 5512; x_wconf 89' lang='lat' dir='ltr'><strong>in</strong></span> <span class='ocrx_word' id='word_1_743' title='bbox 1153 5457 1339 5529; x_wconf 86' lang='lat' dir='ltr'><strong>heneplacito</strong></span> <span class='ocrx_word' id='word_1_744' title='bbox 1356 5458 1410 5512; x_wconf 85' lang='lat' dir='ltr'><strong>Dei</strong></span> <span class='ocrx_word' id='word_1_745' title='bbox 1444 5457 1659 5513; x_wconf 89' lang='lat' dir='ltr'><strong>custodientur.</strong></span> <span class='ocrx_word' id='word_1_746' title='bbox 1689 5456 1851 5512; x_wconf 81' lang='lat' dir='ltr'><strong>hlternatic</strong></span> 
     </span>
     <span class='ocr_line' id='line_1_59' title="bbox 50 5545 1851 5623; baseline -0.002 -19"><span class='ocrx_word' id='word_1_747' title='bbox 50 5576 53 5580; x_wconf 45' lang='lat'><strong>⁴</strong></span> <span class='ocrx_word' id='word_1_748' title='bbox 115 5548 549 5623; x_wconf 76' lang='lat' dir='ltr'><strong>dicitsr,qaiapleeet,utpiem</strong></span> <span class='ocrx_word' id='word_1_749' title='bbox 557 5550 614 5616; x_wconf 82' lang='lat' dir='ltr'><strong>eet,</strong></span> <span class='ocrx_word' id='word_1_750' title='bbox 626 5546 951 5617; x_wconf 80' lang='lat' dir='ltr'><strong>inlaudelleisaperari</strong></span> <span class='ocrx_word' id='word_1_751' title='bbox 1008 5545 1164 5616; x_wconf 88' lang='lat' dir='ltr'><strong>psallendi,</strong></span> <span class='ocrx_word' id='word_1_752' title='bbox 1180 5551 1227 5602; x_wconf 90' lang='lat' dir='ltr'><strong>est</strong></span> <span class='ocrx_word' id='word_1_753' title='bbox 1242 5549 1410 5601; x_wconf 84' lang='lat' dir='ltr'><strong>sanctorum</strong></span> <span class='ocrx_word' id='word_1_754' title='bbox 1419 5546 1590 5601; x_wconf 87' lang='lat' dir='ltr'><strong>admonitio.</strong></span> <span class='ocrx_word' id='word_1_755' title='bbox 1605 5545 1792 5616; x_wconf 74' lang='lat' dir='ltr'><strong>antiphonae,</strong></span> <span class='ocrx_word' id='word_1_756' title='bbox 1818 5548 1851 5600; x_wconf 90' lang='lat' dir='ltr'><strong>nt</strong></span> 
     </span>
     <span class='ocr_line' id='line_1_60' title="bbox 151 5633 1850 5707; baseline -0.004 -9"><span class='ocrx_word' id='word_1_757' title='bbox 151 5639 241 5698; x_wconf 77' lang='lat' dir='ltr'><strong>liciae</strong></span> <span class='ocrx_word' id='word_1_758' title='bbox 255 5641 354 5698; x_wconf 74' lang='lat' dir='ltr'><strong>sanem</strong></span> <span class='ocrx_word' id='word_1_759' title='bbox 366 5637 474 5696; x_wconf 75' lang='lat' dir='ltr'><strong>rnna</strong></span> <span class='ocrx_word' id='word_1_760' title='bbox 489 5636 621 5699; x_wconf 66' lang='lat' dir='ltr'><strong>atheim</strong></span> <span class='ocrx_word' id='word_1_761' title='bbox 633 5637 740 5694; x_wconf 80' lang='lat' dir='ltr'><strong>merite</strong></span> <span class='ocrx_word' id='word_1_762' title='bbox 750 5634 947 5705; x_wconf 75' lang='lat' dir='ltr'><strong>celebramus,</strong></span> <span class='ocrx_word' id='word_1_763' title='bbox 1006 5635 1122 5696; x_wconf 84' lang='lat' dir='ltr'><strong>dietum</strong></span> <span class='ocrx_word' id='word_1_764' title='bbox 1134 5638 1190 5704; x_wconf 86' lang='lat' dir='ltr'><strong>est,</strong></span> <span class='ocrx_word' id='word_1_765' title='bbox 1214 5635 1385 5691; x_wconf 87' lang='lat' dir='ltr'><strong>charitatem</strong></span> <span class='ocrx_word' id='word_1_766' title='bbox 1408 5635 1588 5707; x_wconf 74' lang='lat' dir='ltr'><strong>signiticaret.</strong></span> <span class='ocrx_word' id='word_1_767' title='bbox 1612 5635 1670 5691; x_wconf 87' lang='lat' dir='ltr'><strong>Per</strong></span> <span class='ocrx_word' id='word_1_768' title='bbox 1689 5633 1850 5706; x_wconf 87' lang='lat' dir='ltr'><strong>capitulum</strong></span> 
     </span>
    </p>
   </div>
   <div class='ocr_carea' id='block_1_5' title="bbox 0 0 1906 6022">
    <p class='ocr_par' dir='ltr' id='par_1_6' title="bbox 0 0 1906 6022">
     <span class='ocr_line' id='line_1_61' title="bbox 0 0 1906 6022; baseline 0 0"><span class='ocrx_word' id='word_1_769' title='bbox 0 0 1906 6022; x_wconf 95' lang='lat' dir='ltr'><strong> </strong></span> 
     </span>
    </p>
   </div>
  </div>
 </body>
</html>
