3796 6022
41 221 123 288 1037

703 213 931 287 SERMONES
947 216 1136 288 CENTUM.

1698 221 1777 295 1038

52 422 887 499 moniisotnonDeo,diisquosiqnorantNorirecentes·
901 403 932 465 Α
946 425 1005 477 tam
1015 423 1076 493 isti,
1089 423 1158 478 olim
1168 422 1199 477 in
1218 423 1318 479 cinere
1327 425 1356 479 et
1374 424 1471 481 cilicio
1481 426 1682 496 poenitentiam
1697 429 1778 502 egis·

50 511 886 588 prevenerunt,quosnoneolaorantpatroseorum(Dent.

49 605 156 674 xxxn).
168 601 250 656 Talia
270 605 340 656 sunt
351 601 496 673 praeputia
514 601 646 656 virorum
667 601 769 670 lsrael,
786 601 886 673 longa,

51 691 193 762 enormia,
204 689 479 762 deformia,absque
490 690 549 759 bis,
567 705 634 761 quae
650 689 830 744 intrinsecus
847 688 888 742 la-

54 782 127 836 tent.
140 780 215 835 Nam
226 795 288 852 quae
300 779 412 835 occulto
421 778 493 834 dunt
511 779 548 834 ab
564 779 619 849 eis,
637 783 721 850 turpe
737 783 783 833 est
799 777 888 831 etiam

52 869 288 941 dicereOEplres,
305 868 345 938 v).
367 868 425 923 Sed
441 883 532 941 quare
549 870 619 922 sunt
632 867 726 922 talia?
749 866 888 921 Forsitan

58 957 274 1031 quiacaligavit
284 957 390 1013 oculus
402 957 478 1026 Hcli,
491 973 551 1013 non
563 959 661 1028 potest
675 955 777 1011 videre
787 955 887 1010 lucer-

56 1064 126 1103 nam
135 1047 205 1117 Dei,
215 1048 339 1119 peccant
347 1046 400 1101 tilii
411 1045 489 1117 eine,
500 1050 528 1101 et
538 1062 598 1101 non
608 1042 739 1116 corripit,
747 1047 887 1101 mortem-

53 1152 112 1208 que
134 1139 285 1192 merentur
309 1135 334 1205 (l
340 1135 414 1208 llep.
425 1135 478 1208 ιιι),
500 1135 550 1207 rv).
568 1134 675 1191 'lurdat
690 1149 807 1207 quoque
836 1133 888 1189 Se·

947 515 1014 566 sent
1028 511 1140 583 (ibid).
1164 511 1251 567 Nunc
1274 516 1371 567 autem
1395 514 1534 585 nequitiae
1549 515 1580 571 in
1601 516 1778 573 habitaculis

945 615 1048 655 eorum
1059 601 1088 654 in
1104 600 1202 655 medio
1217 615 1330 656 eorum.
1342 600 1438 667 Quare
1453 619 1512 658 noa
1527 605 1624 677 magis
1640 604 1778 679 injuriam

944 688 1102 758 accipiunt,
1113 705 1173 744 non
1182 691 1277 762 magis
1289 690 1421 746 fraudem
1432 693 1605 762 patiuntur?
1619 694 1678 749 Sed
1693 709 1779 750 exer·

946 777 1143 848 centjudicia,
1158 794 1216 833 non
1227 782 1339 834 tantum
1354 780 1431 835 inter
1445 797 1490 852 se,
1505 783 1553 838 vel
1567 783 1646 854 apud
1658 782 1779 856 religio-

947 880 1010 935 sos,
1020 867 1072 920 sed
1082 866 1310 923 sicuttlorinthii
1327 869 1405 941 apud
1415 869 1534 942 iniquos
1550 871 1664 943 lldeles,
1674 872 1714 927 ita
1728 871 1780 927 isti

944 955 1775 1031 npudpotestatcssareulares.Necistadicimus,lratree,

944 1044 1049 1099 utillos
1059 1044 1321 1117 reprehendamus,
1329 1047 1380 1119 qui
1385 1064 1439 1118 pro
1450 1049 1511 1105 Deo
1517 1051 1546 1105 et
1552 1065 1619 1106 cum
1626 1049 1779 1106 Deoultio·

944 1148 1012 1188 nem
1022 1133 1084 1189 zelo
1092 1132 1218 1205 justitiae
1229 1134 1259 1188 in
1270 1137 1554 1209 congregationibus
1568 1138 1662 1194 libere
1670 1141 1775 1211 agunt,

54 1226 150 1298 phora
160 1227 253 1280 mater
264 1224 476 1281 circumcidere
488 1224 716 1297 primogenitum
729 1238 832 1294 suum,
848 1221 887 1276 ti-
943 1222 1127 1293 rcdduntque
1136 1223 1519 1297 retributionemsuperbis3
1531 1227 1777 1300 quiconsurgunt

56 1314 255 1386 mendumque
270 1329 308 1368 ne
324 1313 468 1369 Dominus
482 1313 591 1384 veniat,
607 1315 717 1368 etcum
732 1312 889 1367 interficiat
944 1312 1090 1367 adversus
1102 1312 1309 1385 malignantes,
1326 1317 1355 1369 et
1368 1318 1447 1369 etam
1456 1316 1604 1372 adversus
1620 1318 1778 1388 operantes

57 1403 168 1472 (Exod.
192 1402 244 1474 av),
261 1401 394 1474 Sephora
417 1401 563 1473 Ecclesia,
578 1402 795 1475 primogenitus
821 1400 888 1473 ejus
943 1400 1127 1471 iniquitatem
1142 1401 1237 1472 (Psal.
1250 1404 1371 1471 xcxnr);
1396 1402 1577 1475 quijubenta
1591 1405 1694 1476 Moyse
1706 1405 1779 1460 ami·

57 1492 168 1564 clerus,
180 1491 331 1547 secundus
341 1494 410 1547 natu
421 1491 560 1562 populus,
571 1494 653 1563 petra
668 1491 840 1546 acutissima
853 1490 888 1543 ll-
944 1489 989 1544 cis
1004 1505 1063 1545 non
1078 1492 1202 1561 parcunt
1227 1490 1257 1545 in
1272 1506 1323 1546 ore
1349 1491 1450 1563 gladii,
1467 1492 1688 1559 ¹abscindentes
1711 1493 1779 1549 ido-

58 1581 113 1636 des
128 1581 305 1651 Christiano,
323 1597 455 1652 sponsus
470 1581 650 1652 sanguinum
673 1579 821 1648 Christus,
838 1578 888 1651 qui
944 1577 1099 1647 lolatriam,
1116 1578 1165 1650 qui
1188 1595 1256 1634 cum
1270 1579 1398 1635 Phineas
1424 1580 1607 1636 fornicantes
1628 1582 1778 1638 trucidant

58 1669 323 1741 nonvenitpacem
344 1671 459 1725 mittere
481 1670 511 1724 in
535 1673 654 1740 terram,
681 1667 734 1724 sed
758 1667 889 1740 gladium
903 1714 930 1778 Β
946 1667 1046 1737 (Num.
1068 1669 1150 1738 xxv),
1169 1668 1267 1723 carnis
1292 1669 1449 1739 punientes
1474 1669 1632 1743 luxuriam,
1647 1669 1782 1743 quicum

58 1759 179 1830 (Mattlr.
191 1760 232 1826 x).
243 1759 301 1816 Sed
310 1760 448 1832 quoniam
458 1759 524 1814 baec
537 1758 574 1813 ad
588 1757 747 1829 episcopos
764 1756 889 1827 presby·
946 1755 1081 1811 Samuele
1092 1772 1194 1829 regem
1205 1756 1325 1812 Amalec
1335 1757 1366 1813 in
1374 1757 1485 1813 frustra
1496 1759 1656 1815 concidunt
1670 1759 1696 1831 (l
1702 1759 1779 1833 fleg.

62 1850 204 1921 terosque
219 1849 269 1920 qui
294 1866 394 1904 curam
409 1849 518 1903 habent
542 1849 715 1916 animarum,
732 1847 888 1918 pertinent,
946 1844 1782 1919 xv)‚omnemterrenamnecantesconcupiscentiam.Sed

62 1937 99 1991 ad
110 1936 312 2009 nosmetipsos
322 1939 414 1993 verba
432 1940 592 2006 vertamus,
608 1934 658 2008 qui
675 1934 892 2006 comparatione
945 1933 1159 1988 suntcaruales
1170 1934 1289 2005 quidam
1300 1934 1329 1990 in
1348 1935 1493 2008 Ecclesia,
1506 1937 1616 2009 quibus
1630 1937 1688 1993 ista
1703 1953 1777 1993 con·

58 2026 314 2081 saeculariumviri
325 2027 411 2098 tuda,
421 2024 812 2082 athabitatoreslerusalem
823 2038 893 2079 esse
943 2022 1086 2094 veniunt;
1102 2022 1132 2077 in
1148 2023 1257 2095 quibus
1274 2023 1342 2079 dnm
1358 2040 1413 2080 sua
1428 2025 1576 2081 desideria
1589 2026 1781 2097 pertinaciter

55 2114 211 2185 debemus,
240 2115 270 2170 id
294 2118 339 2170 est
363 2115 550 2171 devotissimi
574 2114 628 2169 Dei
650 2113 832 2183 laudatores,
855 2127 891 2166 aa
943 2111 1087 2183 perlicere
1102 2112 1214 2182 volunt,
1231 2111 1300 2168 talia
1314 2114 1457 2185 praeputia
1472 2113 1558 2170 iacile
1569 2117 1776 2173 succrescunt.

55 2203 270 2275 perfectissimi
286 2220 410 2260 summae
426 2205 509 2276 pacis
524 2204 724 2275 inspectores.
944 2201 1052 2256 Absint
1066 2217 1082 2254 a
1097 2201 1195 2272 nobis,
1213 2201 1393 2274 charissimi,
1414 2203 1482 2258 talia
1495 2204 1650 2275 praeputia,
1673 2203 1772 2276 qualia

93 2293 271 2349 Hominibus
282 2294 382 2365 itaque
392 2290 894 2348 saecularibusetcarnaliterviven-
944 2288 1254 2346 commemoravimus!
1266 2291 1353 2347 absit
1362 2306 1380 2347 a
1390 2291 1488 2364 nobis,
1496 2294 1527 2347 ut
1542 2293 1637 2349 simus
1651 2293 1683 2349 in
1698 2308 1779 2349 eom·

56 2382 138 2437 tibus
147 2381 292 2453 dimissis,
302 2386 470 2438 nostrorum
480 2381 670 2436 enormitates
680 2379 894 2451 praeputiorum
948 2379 1151 2435 assationibus
1166 2385 1196 2435 et
1211 2379 1421 2451 ebrietatibus,
1437 2381 1469 2436 in
1484 2381 1634 2437 cubilibus
1648 2387 1679 2437 et
1690 2381 1781 2454 impu·

59 2471 266 2543 inspiciamus,
282 2470 503 2540 abscindamus,
513 2469 717 2542 projiciamus.
729 2469 762 2523 ln
773 2467 895 2541 quibus·
947 2468 1072 2540 dieitiis,
1089 2469 1121 2524 in
1136 2470 1324 2525 contentione
1339 2476 1369 2525 et
1382 2469 1569 2527 aemulatione
1584 2470 1680 2540 (Rom.
1701 2471 1777 2543 χιιι).

60 2559 129 2615 dam
150 2560 271 2631 etenim,
293 2559 344 2632 qui
368 2559 545 2632 religionem
568 2557 671 2614 habitu
693 2557 890 2628 praetendunt,
982 2557 1683 2631 Suntpraeteraliaeorumquiinordinevivunt,
1704 2574 1784 2632 prae-

65 2648 210 2721 praeputia
218 2648 323 2719 turpia,
336 2647 424 2718 foeda,
437 2648 585 2721 longaque
596 2662 807 2719 nonnunquam
823 2662 894 2701 suc·
947 2647 1037 2717 putia,
1049 2647 1200 2718 predictis
1209 2647 1332 2717 minora,
1345 2651 1376 2702 ut
1387 2647 1559 2704 oitlcialium
1568 2647 1782 2720 aliquandoex·

60 2739 211 2793 crescunt.
224 2736 309 2792 Unde
320 2737 356 2792 nd
374 2736 551 2806 Jerusalem,
560 2751 614 2808 per
633 2735 783 2809 quamilli,
799 2735 849 2807 qui
864 2736 895 2789 in
947 2736 1097 2791 trinsecus
1108 2735 1285 2792 ambulando
1296 2736 1344 2792 vel
1355 2737 1494 2808 equitatio
1506 2737 1667 2809 superflua,
1680 2737 1782 2793 claus-

59 2825 251 2899 proiessione
268 2825 423 2898 religionis
435 2827 547 2896 vivunt,
559 2825 708 2896 praecipue
720 2824 895 2897 significan·
947 2825 1784 2883 traliumintrinsecusexcursusdeclaustroetdiscursus

60 2914 896 2987 tur,al)ominodiotumest:QuandonatuseS,indioor-
948 2914 1782 2987 dissolutus,hnbitusetgestusuterquesuperbus,actio

63 3004 430 3076 tustuinoncstpraecisus
443 3002 601 3058 umbilicus
617 3002 813 3073 tnusOEzoclr.
823 3002 895 3069 xvr).
948 3004 995 3058 vel
1007 3003 1115 3058 locutio
1124 3003 1300 3070 inordinata,
1314 3002 1524 3075 cogitatioeivc
1533 3002 1784 3061 allectioterrena.

64 3090 194 3149 Etitem:
211 3092 371 3149 Fornicata
386 3092 717 3165 essupercissieutnon
731 3090 897 3147 estfactum
951 3093 1092 3147 Videmus
1101 3107 1228 3163 namque
1239 3090 1388 3146 multoties
1404 3108 1463 3147 non
1477 3091 1575 3147 solum
1589 3092 1726 3148 seniores
1741 3091 1781 3148 ad
1885 3136 1891 3141 .

62 3182 295 3256 nequcluturum
312 3181 474 3254 esttibid.).
488 3181 646 3236 Etiterum:
660 3180 767 3235 Vicisti
776 3196 899 3236 sorores
950 3182 1069 3253 negotia
1086 3181 1192 3235 domus
1203 3181 1296 3250 exire,
1313 3181 1366 3235 sed
1391 3184 1420 3236 et
1432 3180 1569 3252 juniores
1586 3180 1738 3252 pervices
1754 3183 1785 3237 et

63 3277 130 3327 tuas
137 3271 327 3328 Sodomamct
333 3271 499 3327 Samariam
503 3271 712 3342 peccatistuis,
720 3269 897 3325 sceleratio·
952 3271 1065 3342 plateas
1074 3269 1210 3338 circuire.
1224 3268 1367 3324 Videmus
1376 3268 1738 3326 claustralesdaclaustris
1749 3285 1788 3326 ex

61 3377 98 3416 ra
105 3360 241 3433 agensab
248 3362 303 3416 eis.
312 3359 588 3417 Sanctificatmsunt
600 3358 853 3429 enimate(ibid.).
862 3358 897 3413 Et
913 3316 938 3379 c
954 3359 1071 3415 levitate
1081 3357 1230 3430 prosilire,
1241 3361 1269 3412 et
1286 3373 1391 3413 omnes
1402 3358 1539 3413 cilicinas
1549 3359 1723 3431 priusquam
1736 3374 1787 3415 re-

63 3449 294 3521 iterumdeipsa:
304 3448 685 3521 Contempsitjudiciamea,
695 3445 799 3519 utplus
816 3452 897 3502 essct
955 3449 1041 3503 deant
1050 3448 1241 3519 perlustrare,
1252 3447 1304 3518 qui
1313 3446 1451 3502 videntur
1460 3446 1559 3504 facere
1569 3447 1788 3505 velutursusad

62 3540 154 3611 impia
164 3555 247 3612 quam
257 3544 364 3611 pentes
374 3538 495 3609 (Erech.
514 3540 555 3607 v).
568 3536 604 3592 Et
614 3537 698 3592 item:
716 3535 899 3592 dustibcavit
955 3538 1085 3608 stipitem
1095 3537 1217 3608 ligatus,
1230 3537 1281 3607 qui
1292 3535 1361 3591 dnm
1377 3552 1436 3592 non
1451 3540 1548 3608 potest
1562 3536 1684 3611 longius
1698 3552 1789 3610 gres·

65 3627 193 3682 animam
200 3625 691 3699 suam,pr·acvaricatrin.lada(der.
699 3625 752 3694 m).
770 3624 846 3681 lluic
856 3625 900 3679 si·
956 3643 1023 3683 sum
1038 3626 1168 3695 tendere,
1184 3625 1292 3698 satagit
1308 3626 1387 3680 cirea
1403 3625 1501 3697 ipsum
1522 3626 1651 3698 stipitem
1664 3642 1784 3699 gyrare.

66 3715 138 3771 mile
150 3719 197 3771 est
213 3716 292 3788 quod
308 3717 402 3772 lsaiaa
416 3716 472 3771 ait:
490 3715 646 3771 Erubesce
653 3714 757 3785 Sidon,
768 3715 810 3769 ait
819 3729 901 3769 mare
957 3716 1101 3772 Videmus
1113 3715 1221 3771 multos
1233 3730 1270 3770 ex
1281 3714 1328 3769 his
1339 3717 1368 3769 et
1377 3715 1437 3770 illis
1447 3730 1555 3785 parvas
1568 3731 1704 3786 coronas,
1726 3714 1790 3771 lon·

67 3804 141 3877 (lsa.
163 3806 259 3876 xxm).
278 3804 336 3860 Sed
354 3808 383 3860 et
403 3803 581 3876 publicanus
595 3803 731 3859 ascendit
745 3803 777 3857 in
789 3803 902 3859 domum
958 3821 1013 3878 gos
1023 3805 1121 3860 crines
1134 3803 1299 3876 longasque
1307 3801 1563 3873 vestesatlectare,
1573 3806 1602 3858 et
1613 3804 1643 3857 in
1651 3803 1727 3874 ipsis
1737 3818 1788 3859 eo·

68 3892 527 3966 saamjustitieatnsal'harisoeo
537 3893 720 3963 (Lao.xv111).
732 3890 816 3957 Quod
827 3891 905 3946 enim
957 3910 1023 3949 rum
1033 3892 1310 3948 vestibusmanicas
1321 3906 1416 3962 usque
1434 3891 1470 3946 ad
1486 3894 1595 3947 terram
1610 3892 1788 3964 dependere,

66 3983 133 4038 sino
145 3982 230 4054 gravi
241 3998 367 4038 moerore
378 3982 535 4037 dicendum
543 3997 602 4037 non
614 3984 669 4051 est,
678 3979 904 4052 illiquireligio·
958 3984 1041 4053 ipsos
1052 3981 1171 4053 quidem
1181 3979 1307 4051 pedibus
1315 3979 1396 4035 velut
1407 3980 1544 4036 homines
1552 3980 1714 4053 ambulare,
1732 3979 1789 4037 sed

66 4087 135 4126 nem
144 4071 672 4142 Deovoverunt,nunnunquamtanta
687 4068 906 4124 vesaniaetiam
959 4069 1791 4145 brachiisvelutavesvolare,scapulisimpingere,digito

67 4161 99 4215 in
110 4161 176 4231 ipso
187 4159 614 4232 religionishahituoonstituti
623 4158 659 4213 ad
668 4173 756 4213 suum
763 4156 906 4213 vomitum
960 4159 1052 4232 loqui,
1069 4158 1163 4215 oculis
1186 4173 1326 4229 annuere,
1351 4157 1464 4213 vultum
1480 4159 1510 4215 in
1530 4159 1650 4216 diversa
1663 4162 1792 4232 vertere,

68 4249 253 4321 relabuntur,
269 4252 418 4305 uteorum
435 4247 653 4319 comparatione
669 4245 814 4302 saeculare
829 4244 905 4317 justi
962 4249 1124 4305 cachinnos
1140 4248 1281 4320 crispare.
1299 4247 1441 4303 Videmus
1467 4249 1555 4304 etiam
1577 4249 1686 4305 multos
1701 4247 1793 4323 hujus

69 4337 235 4393 videantur.
265 4337 399 4410 Denique
420 4354 487 4410 quae
511 4337 641 4408 nequitia
664 4335 752 4408 pejor
775 4333 907 4406 nequitia
962 4338 1041 4394 modi
1056 4337 1146 4393 multa
1167 4337 1332 4393 inordinata
1355 4353 1455 4410 agere,
1471 4337 1548 4394 levia
1566 4337 1658 4411 loqui,
1683 4339 1712 4393 et
1734 4353 1795 4394 non

72 4425 389 4492 Pharisaeoruthuae
399 4424 908 4498 unquamne,quadissentiones
963 4429 1074 4481 lantum
1086 4426 1172 4497 levia,
1189 4425 1243 4481 sed
1258 4428 1287 4481 et
1299 4425 1396 4496 turpia
1411 4429 1439 4481 et
1452 4425 1632 4496 perniciosa.
1647 4425 1690 4480 De
1705 4425 1792 4498 cogi-

70 4514 909 4587 aoerbiores,poriculosioresiisquaehodieincongrega·
963 4514 1124 4571 tationibus
1139 4517 1167 4569 ct
1181 4513 1388 4570 allectionibus
1403 4513 1513 4584 talium,
1531 4530 1598 4586 quae
1613 4512 1795 4569 intrinsecus

69 4604 203 4660 tionibus
212 4604 336 4659 fratrum
345 4603 461 4659 diabolo
471 4604 635 4659 concitante
644 4602 830 4659 desaeviunt?
841 4602 906 4657 lam
963 4604 1063 4674 latent,
1081 4603 1153 4659 nihil
1168 4603 1247 4658 scire
1262 4618 1435 4675 possumus,
1451 4603 1511 4657 nisi
1526 4604 1668 4674 quantum
1681 4601 1795 4657 talibus

73 4694 193 4750 omnino
203 4692 342 4749 delictum
350 4694 563 4766 inquibusdam
572 4693 775 4763 videturesse,
785 4690 906 4763 eoquod
920 4686 948 4748 D
964 4694 1083 4749 indiciis
1093 4690 1693 4764 deprehendimus.Scriptumquippeeet:
1710 4690 1797 4747 Ami-

68 4782 186 4855 judioia
199 4782 308 4839 habent
323 4783 400 4838 inter
415 4797 448 4838 se
463 4782 492 4853 (I
510 4782 578 4838 Gor.
600 4782 652 4852 vr).
668 4781 851 4851 Timendum,
869 4797 905 4835 ne

72 4872 178 4945 regina
189 4873 293 4943 austri,
303 4888 369 4943 quae
387 4872 494 4927 venita
509 4871 619 4926 finibus
635 4873 722 4926 terrae
736 4870 838 4925 audire
855 4885 905 4924 sa-

72 4961 213 5033 pientiam
223 4960 402 5032 Salomonis,
412 4959 701 5029 etncviriNinivitae,
715 4959 765 5031 qui
781 4959 907 5031 egerunt

73 5051 277 5122 poenitentiam
290 5051 322 5105 in
332 5049 541 5122 praedicatione
561 5050 656 5121 lonae,
673 5050 798 5122 surgant
812 5048 842 5103 in
854 5047 907 5120 ju-

26 5127 29 5131 ’
75 5140 153 5195 dicio
165 5155 232 5194 cum
241 5139 504 5212 generationehac,
516 5141 544 5194 et
552 5138 905 5210 condemnenteamtbuc.

76 5231 128 5300 xr),
150 5229 218 5300 quia
235 5229 314 5283 dedit
330 5227 410 5284 Deus
426 5229 471 5283 eis
485 5228 584 5284 locum
599 5227 789 5300 poenitenliae,
807 5230 835 5282 et
851 5226 908 5298 ipsi

75 5317 205 5373 chuntur
218 5332 254 5372 eo
271 5316 300 5371 in
316 5316 497 5388 superbiam.
521 5317 694 5373 Timendum
715 5333 752 5371 ne
775 5316 864 5387 Tyro,
881 5318 909 5372 et

75 5405 188 5473 Sidoni,
211 5409 358 5479 terraeque
374 5405 570 5461 Sodomorum
589 5406 747 5462 remissius
762 5404 802 5460 sit
817 5406 847 5459 in
861 5406 909 5460 die

73 5495 181 5570 iudicii
191 5512 280 5570 quam
289 5494 366 5567 istis,
383 5495 452 5569 quia
462 5495 490 5551 si
499 5499 608 5552 tantam
618 5493 779 5551 divinitatis
787 5510 822 5550 ac
838 5494 911 5551 divi·

76 5583 912 5666 uorumpraeceptorumcognitionemhabuiesentquaa·

965 4789 1030 4838 ctus
1040 4782 1169 4838 hominis
1179 4784 1209 4836 et
1219 4778 1450 4852 inpressusejus
1460 4784 1489 4834 et
1503 4779 1724 4836 risusdentium
1733 4779 1798 4837 bace

966 4870 1121 4928 enuntiant
1137 4869 1174 4925 de
1190 4867 1242 4923 illo
1262 4866 1368 4938 (Eccli.
1388 4868 1461 4933 xix).
1477 4867 1566 4924 Tales
1590 4885 1706 4942 omnes,
1730 4869 1800 4943 quie

965 4976 1020 5015 nec
1035 4959 1146 5032 frigidi,
1172 4973 1227 5012 nec
1250 4954 1337 5012 calidi
1361 4956 1499 5012 videntur
1521 4973 1602 5029 esee,
1626 4959 1748 5016 timeant
1762 4974 1800 5015 ne

966 5049 1185 5105 evomanturex
1196 5061 1247 5102 ore
1259 5043 1310 5099 Dei
1321 5044 1424 5116 (Aper.
1441 5046 1494 5118 m).
1505 5047 1619 5119 Omnia,
1633 5064 1701 5121 quie
1719 5064 1801 5120 prae·

966 5133 1478 5210 putiasunt,quaesupradictnsunt,
1498 5135 1700 5193 abscindenda
1719 5139 1799 5207 sunt,

967 5226 1151 5299 projicienda
1160 5226 1239 5295 sunt,
1252 5222 1316 5278 sive
1334 5225 1492 5280 exterioris
1505 5225 1569 5281 sive
1580 5225 1729 5283 interioris
1745 5225 1801 5281 ho·

968 5316 1057 5372 minis
1072 5318 1151 5370 sunt.
1167 5313 1212 5369 Sit
1225 5314 1321 5368 autem
1338 5312 1468 5384 perlecta
1483 5318 1586 5370 nostra
1601 5313 1802 5385 circumcisio,

969 5405 1067 5478 qualis
1084 5405 1169 5460 decet
1179 5402 1261 5458 viros
1279 5400 1366 5473 luda,
1382 5404 1412 5457 et
1427 5403 1606 5458 habitatores
1622 5401 1802 5474 Jerusalem,

971 5510 1032 5552 non
1046 5492 1224 5565 illiusluda,
1237 5491 1326 5566 cujus
1335 5495 1489 5563 peccatum
1509 5491 1711 5562 scriptumest
1726 5489 1805 5564 stylo

972 5583 1069 5646 terreo
1080 5583 1220 5663 inungue
1237 5580 1425 5644 adamantino
1442 5579 1518 5657 (aler.
1537 5579 1621 5655 xvir),
1643 5579 1698 5643 sed
1711 5579 1804 5659 ilbus,
