3816 6030
689 284 917 379 seairouas
934 303 1122 382 esurum.

10 476 33 618 ἒ
48 533 136 590 nens,
148 518 512 592 multiplicessacraelegis
521 519 720 575 institutiones
728 519 883 591 proposuit
897 498 927 562 Α
941 534 996 575 nec
1008 520 1108 591 augeri
1118 519 1169 591 qui
1179 519 1343 575 immensus
1353 521 1408 591 est,
1421 534 1476 576 nee
1485 519 1576 575 minui
1587 518 1637 592 qui
1646 519 1774 592 simplex

46 605 221 663 hominibus
234 609 350 664 Veteris
362 610 551 682 Testamenti,
562 611 672 682 quibus
692 614 825 665 venturae
836 626 882 664 sa·
943 611 997 678 est,
1006 610 1158 663 necdividi
1167 611 1218 681 qui
1229 627 1306 665 unus
1316 614 1370 665 est.
1381 611 1474 680 Caput
1491 626 1642 679 voramuS,
1655 609 1773 681 quaudo

45 701 200 753 eramenta
210 699 423 770 redemptionis
436 701 599 769 commisit3
616 705 643 755 ct
659 701 784 772 qualiter
798 716 882 772 quac-
942 699 1109 770 cogitamus
1120 698 1187 771 ejus
1198 701 1367 770 potentiam,
1380 700 1773 770 sapientiamacbonitatem.

10 754 23 873 ξ
43 802 107 861 quc
121 787 282 842 ohserraro
293 788 435 843 deberent
450 793 582 859 patenter
593 791 718 844 edocuit.
732 791 816 845 Unde
836 791 883 843 in·
943 789 1114 858 Potentiam,
1124 804 1179 859 qua
1190 793 1293 844 cuneta
1303 793 1397 858 ereat;
1410 790 1594 860 sapientium,
1604 791 1775 860 quaeuncta

10 872 18 955 f
40 879 95 931 ter
110 881 216 932 caetera
239 882 422 933 sacramenta
446 880 552 951 legalia
569 881 684 951 quando
709 879 883 934 Paschalem
941 878 1103 950 gubernat,
1119 878 1289 947 bonitatem,
1303 896 1359 950 qua
1372 882 1469 933 creata
1485 883 1513 933 et
1525 879 1688 951 gubernata
1700 893 1775 934 con-

10 972 12 982 '
40 967 265 1023 solemnitatem
282 969 474 1034 celebrarent,
493 986 560 1041 quae
585 969 714 1039 speciale
730 972 758 1024 et
772 969 882 1039 prmei-
942 970 1050 1022 servat.
1081 967 1174 1038 Caput
1197 984 1348 1038 voramus,
1376 969 1492 1039 quando
1516 969 1682 1041 cogitamus
1706 983 1775 1023 eum

39 1072 151 1128 puum,
177 1058 243 1128 quia
270 1059 480 1128 redemptionis
504 1059 640 1113 humanae
665 1060 882 1113 sacramentum
941 1072 1032 1128 supra
1061 1057 1168 1127 omnia,
1195 1057 1298 1111 subter
1322 1058 1428 1129 omnia,
1456 1060 1539 1112 extra
1565 1059 1672 1127 omnia,
1697 1056 1774 1111 intra

40 1150 121 1215 erat,
135 1147 263 1201 ostendit
275 1148 393 1203 dicens:
409 1148 519 1214 Quarta
531 1149 644 1204 decima
663 1148 761 1204 dicad
776 1165 882 1219 respe—
941 1147 1048 1201 omnia.
1066 1147 1159 1217 Supra
1176 1162 1235 1200 aon
1250 1147 1367 1215 elatum,
1385 1148 1488 1201 subter
1502 1163 1562 1201 non
1578 1147 1771 1216 substratum,

39 1251 112 1290 rum
124 1236 240 1290 Pascha
250 1237 431 1293 Dorur'aiest.
448 1238 511 1293 Nos
523 1239 622 1311 igitur,
633 1238 751 1308 fratres
770 1238 879 1308 quibus
941 1239 1024 1290 extra
1044 1252 1103 1290 non
1126 1236 1293 1304 exclusum,
1320 1237 1470 1291 intranea
1494 1236 1653 1291 inclusum.
1677 1235 1773 1307 Supra

36 1323 107 1397 jam
124 1341 182 1379 non
204 1330 272 1380 sunt
287 1328 413 1382 tenenda
438 1328 566 1382 carnalia
581 1328 658 1400 legis
681 1329 800 1398 scripta,
828 1328 881 1382 sed
941 1325 1140 1396 praesidendo,
1157 1326 1261 1380 subter
1275 1326 1479 1395 sustentando,
1493 1328 1574 1380 extra
1586 1325 1774 1394 continendo,

41 1429 91 1484 ea,
110 1431 176 1486 quae
193 1432 245 1484 per
260 1416 309 1469 illa
324 1420 393 1471 sunt
409 1418 585 1490 significata,
600 1434 665 1487 nos,
676 1418 806 1488 inquam,
830 1417 883 1470 dc-
941 1415 1216 1485 intrapenctrando.
1228 1414 1479 1485 CaputvoramuS‚
1501 1416 1618 1485 quaudo
1629 1416 1665 1469 da
1683 1412 1774 1469 ubffl'-

41 1503 153 1560 bemus
169 1505 256 1559 altius
273 1505 384 1574 fodero,
401 1508 429 1561 ot
444 1506 561 1561 latentis
577 1507 647 1562 honi
662 1508 772 1562 fontem
798 1523 882 1578 quae-
941 1505 999 1558 tate
1014 1504 1119 1558 domus
1136 1505 1187 1559 Dei
1203 1505 1349 1575 inebriati,
1367 1509 1395 1560 et
1417 1505 1453 1560 de
1470 1507 1599 1559 torrento
1615 1503 1774 1573 voluptatis

42 1609 124 1664 rere,
135 1594 191 1648 sub
202 1595 304 1649 umbra
314 1596 478 1665 veritatem,
491 1597 547 1651 sub
557 1597 652 1669 figura
663 1613 736 1667 rem,
749 1597 806 1651 sub
824 1597 880 1650 du·
942 1593 1009 1666 ejus
1024 1595 1125 1665 potati,
1139 1595 1305 1666 cogitamus
1317 1612 1384 1650 eam
1396 1595 1506 1650 iontem
1518 1597 1586 1650 vitre
1597 1610 1703 1664 esse,a
1714 1609 1772 1665 quo

43 1683 115 1736 rilia
125 1683 243 1737 corticis
254 1684 390 1739 medullae
404 1686 639 1752 teneritudinem,
651 1686 704 1740 sod
723 1687 818 1741 littera
836 1686 883 1739 iu·
940 1685 1019 1738 bona
1030 1686 1317 1755 cunetaproceduut,
1330 1689 1358 1740 et
1369 1686 1468 1740 lumen
1488 1702 1600 1749 verum,
1614 1685 1644 1739 in
1664 1683 1774 1738 lumine

44 1771 241 1844 telligentium
253 1775 446 1844 spiritualem,
465 1776 521 1830 sub
536 1776 665 1848 tegmine
681 1776 775 1846 palere
790 1776 882 1830 iuter·
941 1776 970 1828 el
984 1774 1020 1828 de
1036 1774 1144 1829 lumine
1159 1790 1241 1843 vero,
1269 1778 1439 1829 nontamen
1455 1775 1513 1829 duo
1536 1774 1700 1842 luminaria,
1721 1771 1776 1827 sed

45 1877 117 1915 nam
133 1863 218 1933 grani
234 1862 426 1918 relectionem
450 1864 608 1937 diligenter
631 1865 824 1936 investigare.
850 1865 882 1918 lu

46 1967 123 2023 agro
135 1968 260 2024 namque
269 1953 346 2025 legis
358 1953 464 2008 divium
474 1953 634 2009 thesaurus
648 1954 800 2024 sapientire
814 1953 883 2007 latet

47 2040 196 2111 occultus,
209 2058 296 2113 quem
314 2043 364 2114 qui
375 2043 495 2112 invenit,
509 2043 729 2114 invenitvita'm,
743 2047 770 2098 et
785 2043 883 2097 haurit

49 2131 203 2185 salutema
215 2132 349 2187 Domino.
364 2133 473 2198 erar·ta
485 2133 598 2188 decima
614 2134 710 2188 dicad
730 2148 883 2204 vesperam

48 2221 169 2275 Pascha
184 2221 302 2275 llorninr'
313 2226 368 2276 est.
380 2223 519 2295 Magnum
532 2227 559 2276 et
575 2222 698 2277 evidens
712 2237 883 2276 sacramen-

48 2310 884 2383 tumhahetnumerusiste,quiexdenarioetquaternario

49 2402 175 2454 constat.
194 2401 339 2455 lienarius
354 2418 480 2473 namque
492 2402 641 2474 significat
657 2401 884 2472 completionem

49 2492 77 2544 el
90 2489 276 2561 dnemlegiS,
293 2492 500 2562 quaternarius
517 2491 729 2546 exhibitionem
745 2493 773 2544 et
784 2489 884 2561 perfe-

51 2579 178 2633 ctionem
189 2580 370 2651 crangeliecc
387 2580 617 2650 praedicationis.
636 2581 697 2634 Lex
713 2581 820 2635 etenim
831 2581 885 2635 de-

52 2683 118 2722 cern
145 2669 302 2739 praeceptis
332 2669 600 2740 comprehenditur.
625 2669 661 2724 Et
690 2669 885 2742 Evangelium

52 2761 179 2830 quatuor
188 2758 271 2812 libris
284 2760 459 2814 continetur.
468 2758 711 2831 Christusilaque
724 2759 886 2814 veniensin

52 2863 151 2916 carne,
165 2848 268 2918 quicsl
279 2848 347 2902 linis
358 2849 445 2920 legiS,
458 2849 610 2903 denarium
629 2849 706 2921 legis
718 2848 886 2919 complevit,

53 2938 82 2991 et
92 2953 145 3006 per
153 2942 344 3009 assumptam
363 2939 572 2994 humanitatem
587 2940 684 2994 lucem
706 2939 887 3011 evangelicae

53 3026 887 3100 doctrinaederlaransquasiquatuordiesconsummavit.

942 1879 1031 1918 unum
1056 1864 1165 1917 lumen.
1184 1864 1277 1934 Caput
1302 1879 1453 1933 voramus,
1480 1864 1597 1935 quaudo
1622 1863 1776 1918 beatorum

942 1953 1117 2024 augelorum
1141 1957 1326 2024 concentum,
1344 1957 1372 2008 et
1391 1956 1561 2008 sanctorum
1584 1968 1638 2024 per
1651 1953 1777 2023 primam

942 2042 1119 2114 stolamjam
1128 2042 1361 2114 glorificatorum
1371 2043 1474 2097 laudes
1493 2058 1618 2096 summai
1630 2039 1774 2096 divinitati

941 2132 1048 2186 libatas
1063 2133 1238 2203 cogitamus,
1256 2135 1284 2187 et
1300 2132 1431 2187 caelestia
1448 2132 1535 2201 bona,
1552 2132 1725 2203 inquantum
1733 2129 1774 2184 di·

942 2221 1011 2274 vina
1026 2220 1170 2293 largiente
1185 2222 1314 2276 bonitate
1325 2222 1469 2292 possibile
1479 2225 1535 2292 est,
1545 2223 1777 2293 praegustamus.

944 2310 1040 2364 Pedes
1055 2327 1203 2380 voramus,
1226 2312 1343 2382 qirando
1359 2311 1569 2367 humanitatem
1583 2310 1651 2381 ejus
1666 2310 1778 2382 eogita-

945 2415 1022 2454 mus.
1036 2400 1130 2454 Pedes
1142 2416 1292 2469 veramne,
1306 2401 1421 2472 quando
1432 2402 1597 2473 cogitamus
1609 2400 1715 2454 Filium
1724 2398 1777 2453 Dei

944 2505 997 2560 pro
1018 2490 1104 2544 nobis
1118 2490 1312 2559 incarnatum,
1329 2491 1434 2560 pannis
1450 2490 1625 2558 involutum,
1641 2489 1671 2542 iu
1687 2489 1774 2546 cunis

944 2579 1120 2651 vagientem,
1135 2580 1225 2634 ubera
1235 2579 1401 2651 lactentem,
1413 2581 1604 2649 esurientem,
1615 2579 1774 2650 sitientem,

944 2669 1170 2738 lassescentem,
1182 2669 1402 2740 lacrymantem,
1416 2673 1543 2740 captum,
1555 2669 1688 2740 ligatum,
1701 2665 1779 2722 cola·

945 2758 1102 2828 phizatum,
1114 2758 1298 2829 crueitixum,
1309 2762 1466 2827 mortuum,
1475 2757 1633 2828 sepultum,
1645 2770 1780 2813 resurre-

946 2848 1029 2902 xisse
1045 2864 1060 2901 a
1076 2849 1211 2917 mortuiS,
1235 2849 1409 2903 ascendisse
1433 2848 1463 2901 in
1479 2847 1596 2918 coelum,
1620 2846 1726 2901 sedere
1742 2844 1780 2900 ad

947 2937 1097 2991 dexteram
1113 2937 1219 3008 Patris,
1237 2937 1267 2991 in
1282 2937 1443 3009 diejudicii
1454 2939 1620 3007 venturum,
1637 2939 1666 2991 et
1680 2935 1782 2990 reddin

946 3029 1045 3081 turum
1071 3027 1231 3098 unicuique
1252 3028 1416 3082 secundum
1442 3042 1531 3098 opera
1556 3042 1620 3080 sua.
1638 3024 1781 3079 Intestina

53 3115 91 3170 Et
100 3116 129 3169 in
141 3118 393 3173 consummatione
404 3118 624 3188 predicationis
646 3122 772 3190 quatuor
790 3118 887 3172 Evan-
909 3116 1016 3200 cajus
1032 3132 1182 3185 voramus,
1204 3118 1321 3188 quando
1338 3117 1434 3188 ipsius
1457 3116 1571 3171 occulta
1591 3118 1619 3169 et
1634 3113 1781 3185 profunda

52 3205 211 3278 geliorum,
228 3207 314 3277 quasi
329 3207 358 3261 iu
373 3207 430 3262 hue
442 3208 532 3280 relhn
543 3224 668 3278 vespera
688 3211 814 3279 quatuor
824 3207 889 3262 die-

53 3310 132 3364 rum,
150 3295 273 3365 ipsemet
288 3296 424 3352 Christus
445 3298 542 3352 Phase
559 3297 728 3367 celebravit,
752 3298 820 3368 quia
835 3313 890 3368 per

52 3386 167 3438 nostra>
192 3385 359 3458 fragilitatis
389 3392 521 3441 naturam
545 3403 598 3457 pro
628 3387 716 3441 nobis
739 3387 769 3441 in
799 3402 888 3441 cruce

52 3472 187 3528 moriens
204 3475 239 3529 de
254 3476 362 3530 mundo
378 3477 414 3530 ad
430 3476 545 3531 Patrem
562 3477 718 3531 transitum
733 3475 812 3531 lecit.

93 3563 252 3634 Debemus
277 3566 456 3636 charissimi,
479 3567 535 3625 hoe
561 3567 666 3636 Phase,
693 3566 722 3620 id
743 3567 788 3620 cst
809 3565 888 3620 bunc

54 3653 213 3707 transitum
231 3654 355 3725 Domini,
372 3656 402 3710 in
417 3673 475 3728 quo
490 3656 662 3728 Aigyptios,
678 3655 816 3710 videlicet
830 3655 889 3709 dar·

55 3757 163 3797 moues
177 3745 355 3800 tenebrosos
372 3747 501 3819 subegit,
518 3748 546 3802 et
561 3762 616 3802 nos
633 3746 669 3801 de
685 3747 829 3816 potestate
840 3760 890 3799 eo·

56 3847 124 3884 rum
139 3831 283 3904 liberarit,
301 3836 389 3904 hune,
407 3837 536 3907 inquam,
553 3837 696 3890 dehemus
713 3850 832 3905 semper
840 3849 890 3889 co·

58 3923 163 3993 gitare,
176 3928 202 3978 cl
214 3940 258 3995 ca,
278 3942 344 3996 quae
359 3927 388 3980 in
402 3925 499 3980 Veteri
521 3926 709 3980 Testamenta
726 3924 891 3979 secundum

56 4014 183 4069 litteram
200 4016 235 4070 de
256 4015 310 4070 hac
331 4016 516 4070 solemnitate
536 4015 646 4085 scripta
662 4017 742 4079 sunt,
758 4015 788 4068 in
803 4014 889 4068 Novo

56 4105 249 4174 spiritualiter
269 4107 440 4161 observare.
460 4106 608 4159 llcbemus
625 4120 730 4159 carnes
752 4103 822 4176 agni
837 4119 889 4159 eo-

55 4195 184 4264 mcdere,
196 4198 282 4267 caput
291 4196 358 4267 ejus
372 4213 437 4251 eum
448 4195 575 4265 pedihus
586 4195 617 4249 in
627 4193 889 4248 intestinisvorare

55 4285 163 4353 (llrod.
185 4287 248 4354 arri.
267 4286 310 4340 Fit
326 4289 422 4340 autem
439 4285 480 4339 ibi
493 4285 603 4339 mentio
619 4299 678 4338 non
694 4283 791 4338 solum
807 4282 887 4355 agni,

55 4375 108 4429 sed
124 4377 152 4428 ct
167 4375 255 4429 hredi.
274 4375 411 4430 illuistus
423 4391 520 4447 agnus
534 4378 590 4444 est,
608 4374 746 4429 Christus
762 4372 887 4442 haedus;

948 3210 1133 3261 sacramenta
1149 3206 1307 3261 tideliterot
1319 3207 1423 3261 devote
1435 3205 1612 3278 cogitamus,
1622 3202 1782 3275 quibusvi-

948 3296 1054 3350 dclicet
1068 3298 1264 3351 sacramentis
1280 3297 1344 3366 ipse
1355 3295 1493 3351 Christus
1504 3298 1551 3349 est
1566 3295 1602 3348 ab
1617 3293 1784 3363 initieprae·

947 3386 1095 3458 signatuS,
1127 3387 1205 3440 sicut
1233 3387 1333 3441 mullis
1356 3385 1486 3441 oraculis
1507 3388 1553 3439 est
1577 3382 1780 3454 prophetatus.

947 3475 1037 3530 lstius
1053 3476 1123 3548 agni
1138 3476 1236 3530 carnis
1253 3479 1338 3531 nocte
1355 3475 1550 3543 comedimus,
1568 3473 1637 3545 quia
1653 3472 1781 3528 modain

948 3570 1133 3621 sacramento
1150 3566 1334 3620 Dominieum
1345 3581 1454 3636 corpus
1466 3563 1640 3634 accipimus,
1660 3561 1778 3634 quaudo

948 3656 1043 3710 adhue
1060 3656 1187 3710 invicem
1210 3655 1409 3711 conscientias
1424 3657 1543 3709 nostras
1558 3668 1616 3707 non
1630 3651 1780 3706 videmus.

948 3744 1006 3800 Sed
1018 3761 1076 3800 non
1087 3746 1277 3800 comedamus
1294 3745 1454 3816 quidquam
1475 3758 1512 3797 ex
1523 3758 1557 3797 eo
1577 3741 1711 3809 crudum,
1727 3755 1783 3794 nee
1860 3782 1863 3787 .

950 3835 1182 3890 credamusesse
1192 3834 1340 3889 hominem
1348 3848 1470 3904 purum3
1480 3831 1533 3886 sed
1545 3843 1782 3901 coquamuseum

948 3940 1003 3995 per
1020 3924 1180 3978 divinitatis
1200 3923 1433 3995 intelligentiam,
1453 3937 1512 3976 non
1530 3924 1627 3975 tamen
1643 3933 1729 3990 aqua,
1745 3931 1783 3974 ne

947 4029 1165 4084 praesumamus
1176 4012 1244 4085 ejus
1253 4012 1392 4084 mysteria
1404 4008 1614 4081 discuterefper
1623 4008 1782 4064 humanam

948 4103 1134 4174 sapientiam,
1146 4103 1199 4157 sed
1211 4118 1313 4157 assum
1329 4117 1382 4172 per
1392 4101 1520 4172 Spiritus
1535 4099 1629 4154 sancti
1646 4099 1781 4171 gratiam.

947 4192 977 4248 Si
988 4192 1057 4263 quid
1068 4192 1181 4247 residui
1192 4192 1289 4260 fuerit,
1306 4192 1384 4264 quod
1400 4193 1531 4246 vestram
1550 4188 1674 4244 excedat
1693 4186 1783 4242 intel-

947 4283 1109 4353 ligentiam,
1122 4281 1209 4337 debet
1219 4282 1282 4353 igni
1298 4281 1443 4349 comburi,
1454 4281 1482 4335 id
1492 4283 1538 4335 est
1546 4277 1668 4349 Spiritui
1678 4278 1782 4332 sancto

947 4371 1073 4427 fideliter
1088 4372 1239 4426 committi.
1261 4371 1462 4442 accingamus
1479 4383 1567 4423 renes
1591 4369 1712 4422 nostros
1727 4379 1782 4436 per

53 4479 151 4536 agnus
163 4463 267 4535 justis,
285 4464 389 4518 haedus
405 4465 622 4535 peecatoribus,
635 4466 721 4534 caput
737 4462 886 4518 divinitae.
903 4456 931 4520 D
948 4462 1121 4517 castitatem.
1140 4462 1310 4517 Habeamus
1326 4460 1524 4515 calceamenta
1539 4458 1569 4511 in
1585 4455 1712 4527 pedibus
1727 4468 1782 4524 per

53 4553 146 4623 pedes
162 4553 339 4608 humanitas.
352 4553 444 4625 Caput
453 4553 520 4626 ejus
531 4570 682 4622 voramus,
692 4553 809 4624 quando
819 4568 887 4606 eum
948 4551 1155 4607 detunctorum
1165 4552 1284 4606 Petrum
1295 4550 1496 4615 imitationem,
1511 4546 1636 4601 baculos
1647 4545 1678 4599 in
1689 4542 1781 4598 mani-

55 4657 126 4697 sana
138 4643 195 4697 tide
205 4648 232 4698 et
244 4659 360 4698 summa
375 4642 531 4698 devotione
552 4644 717 4715 cogitamus
730 4641 797 4713 ejus
811 4642 889 4696 divi·
947 4642 1005 4698 bus
1016 4658 1069 4712 per
1080 4642 1261 4714 vigilantiam
1271 4639 1460 4711 pastoralem.
1476 4636 1672 4691 Comedamus
1688 4647 1782 4705 panes

54 4732 183 4786 nitatem.
201 4733 298 4787 Pedes
314 4749 464 4802 voramus,
489 4733 606 4804 quando
623 4748 689 4786 cum
705 4732 808 4786 eadem
832 4732 888 4785 tide
947 4746 1066 4802 azymos
1078 4747 1131 4803 per
1141 4730 1307 4801 simplicem
1317 4725 1632 4796 doctrinam,luetucas
1641 4721 1781 4796 agrestes

55 4823 83 4876 et
97 4821 253 4877 devotione
279 4823 444 4894 cogitamus
470 4822 537 4893 ejus
555 4822 775 4876 humanitatem.
797 4812 913 4891 Caput·
946 4837 1000 4891 per
1021 4837 1149 4875 amaram
1163 4817 1375 4890 pmnitentiam.
1393 4815 1589 4872 Comedamus
1607 4813 1783 4868 festinanter

55 4910 890 4983 ejusroramus,quandocogitamusejusimmensitatem

22 5010 29 5024 ’
55 5000 120 5053 sine
133 5000 328 5069 dimensione,
341 5001 533 5055 aeternitalem
544 5000 889 5072 sinetempore,isimpli-

55 5089 171 5142 citatem
187 5088 252 5141 sine
268 5089 470 5144 diminutione.
488 5089 580 5160 Caput
600 5105 751 5160 voramus,
772 5091 889 5161 quando

54 5193 121 5231 eum
134 5177 299 5248 cogitamus
318 5179 465 5233 veraciter
480 5179 595 5234 inomni
608 5179 749 5250 essentia,
766 5181 795 5233 in
810 5180 889 5235 omui

52 5267 129 5333 loco,
148 5267 176 5320 in
193 5268 437 5339 omnitempore:
456 5269 507 5323 sed
523 5270 554 5323 in
570 5269 650 5324 omni
672 5269 802 5324 essentia
824 5269 889 5323 sine

52 5357 100 5411 sui
112 5357 298 5426 delinitiou03
311 5358 429 5413 inomni
444 5359 510 5413 loco
522 5359 587 5414 sine
599 5358 864 5430 comprehensione
877 5378 887 5423 ,-

52 5447 82 5500 in
95 5447 174 5500 omni
186 5450 316 5517 tempore
326 5448 391 5502 sine
403 5448 605 5502 mutabilitate.
627 5446 720 5518 Caput
735 5464 886 5518 voramuS,

53 5536 171 5606 quaudo
184 5538 350 5609 cogitamus
362 5537 440 5609 quod
455 5554 513 5593 non
531 5538 628 5608 potest
639 5537 704 5592 loco
716 5537 821 5592 mutari
837 5539 888 5609 qui

53 5626 164 5696 ubique
176 5631 231 5696 est,
242 5644 296 5682 nec
307 5631 441 5698 tempore
453 5629 503 5700 qui
515 5632 643 5682 aeternus
660 5629 716 5697 est,
729 5643 784 5682 neo
795 5643 888 5682 sensu

54 5715 106 5789 qui
119 5717 358 5790 sapientissimus
370 5721 425 5790 est,
438 5733 493 5774 nee
504 5716 610 5774 allectu
624 5716 674 5790 qui
686 5717 814 5792 optimas
830 5721 886 5789 est,

946 4901 1781 4979 utmandataDei,mysteriar·edemptioniS,gaudiapatriae

947 4993 1780 5067 coelesliseumsestiualionecognoscamus,utpraeeepta

947 5092 1015 5145 vitae
1031 5088 1216 5159 impleamus,
1234 5087 1303 5158 quia
1318 5088 1346 5141 et
1368 5086 1395 5140 si
1410 5084 1497 5139 hodie
1513 5082 1592 5154 quod
1606 5083 1676 5138 licet
1690 5081 1778 5138 nobis

946 5181 1022 5235 bene
1038 5195 1127 5251 agere
1150 5179 1274 5247 scimus,
1290 5179 1387 5231 ulrum
1403 5190 1470 5230 cres
1493 5174 1580 5228 liceat
1592 5172 1778 5245 ignoramus.

946 5269 1133 5325 Festinantor
1149 5284 1221 5341 ergo
1232 5267 1432 5335 comedamus,
1445 5264 1474 5319 id
1491 5266 1536 5319 est
1553 5262 1591 5316 ad
1605 5260 1779 5318 solemnita-

947 5361 1004 5414 tem
1025 5359 1127 5430 patriae
1152 5357 1285 5412 coelestis
1308 5355 1493 5411 anhelemus.
1517 5353 1611 5407 Nemo
1633 5351 1664 5404 in
1688 5346 1780 5418 hujus

945 5451 1014 5503 vitre
1029 5450 1134 5503 itinere
1149 5450 1272 5518 torpeat,
1289 5461 1326 5500 ne
1341 5446 1371 5499 in
1387 5444 1480 5516 patria
1500 5443 1596 5497 locum
1614 5438 1725 5510 perdat.

982 5538 1054 5592 Haeo
1064 5537 1256 5608 despicituali
1272 5533 1466 5607 intelligentia
1481 5529 1612 5586 breviter
1630 5525 1777 5598 perstrin-

945 5628 1054 5695 ximus,
1068 5631 1098 5682 ut
1109 5628 1232 5681 delanio
1244 5626 1439 5692 sacramente,
1452 5623 1593 5693 quantum
1603 5630 1776 5688 possumus,

947 5717 1135 5792 colligamus.
1151 5714 1359 5784 Comedamus,
1369 5712 1488 5781 tratres,
1498 5708 1606 5777 Phase,
1619 5708 1648 5763 et
1657 5720 1717 5762 non
1727 5718 1780 5760 so·
