3796 6022
61 352 122 424 ata
1737 338 1797 436 err

717 350 941 426 SEltMONES
962 350 1151 429 CENTUM.

63 559 158 614 cadat.
175 558 225 615 Sic
249 560 327 615 enim
353 561 600 631 quemadmodum
616 562 646 615 in
661 541 945 616 alacfrahaeorumA
967 560 1119 632 Achaiam,
1135 563 1291 618 Matthaeus
1322 579 1375 633 per
1400 563 1592 638 AEtbiapiam,
1615 567 1721 624 Petrus
1744 584 1798 641 per

61 649 278 721 libralegitur:
303 648 403 703 Inilla
425 650 901 705 diesacerdotescecideruutiu
961 650 1194 719 Cappadociam.
1223 653 1329 707 Paulus
1359 669 1411 724 per
1441 654 1589 725 lllpricum
1616 661 1645 711 et
1673 657 1794 724 ltaliam,

59 737 177 808 puelia,
190 737 257 792 dum
271 737 683 811 voluntfortiterageredum
695 740 761 794 siue
777 739 901 794 consilio
961 741 990 792 et
1014 741 1114 794 caeteri
1143 742 1268 811 apostoli
1298 742 1560 815 apostolorumque
1583 745 1723 816 discipuli
1744 763 1798 818 por

64 827 523 900 01000110010011001(11110011.
543 827 582 898 v).
608 828 657 882 Sic
680 833 708 883 et
729 828 781 882 filii
797 828 898 897 lsrael,
961 829 1068 882 caetera
1085 829 1148 883 loca
1165 831 1223 885 sibi
1251 831 1392 886 divinitus
1418 833 1562 904 delegata.
1586 832 1635 889 Sic
1658 835 1796 891 videmus

65 915 225 971 resistente
241 915 394 987 ltlopse,et
409 915 474 986 ipso
492 933 557 971 eum
573 932 640 971 area
664 917 780 971 Domini
803 918 833 971 in
850 933 900 970 ca·
960 919 1097 985 pastores
1119 918 1289 973 animalium
1309 920 1338 972 in
1366 921 1539 976 nemoribus
1561 921 1660 976 aridas
1685 923 1795 979 herbas

65 1005 139 1058 stris
169 1008 358 1075 remanente,
399 1005 600 1060 contenebrati
628 1021 681 1075 per
713 1005 899 1077 ignoratiam,
960 1005 1108 1075 impositis
1135 1006 1257 1078 ignibus
1283 1008 1476 1079 comburere,
1503 1013 1530 1064 et
1554 1010 1614 1065 illis
1630 1010 1795 1068 combustis

65 1093 266 1148 ascenderunt
281 1094 310 1147 in
327 1097 455 1149 montem
470 1110 524 1164 per
534 1094 722 1164 superbiam3
739 1097 767 1149 et
783 1094 900 1150 Clraua-
960 1094 1071 1148 virides
1088 1097 1116 1149 et
1131 1096 1159 1150 iu
1171 1100 1287 1166 pastum
1295 1097 1556 1169 animaliumaptas
1566 1099 1640 1155 alias
1655 1116 1792 1172 surgere.

64 1198 150 1237 naeus
165 1186 194 1237 et
204 1182 393 1253 Amalecites,
405 1198 459 1253 per
469 1199 545 1254 quos
561 1183 688 1237 earnalia
700 1183 900 1254 etspiritualia
959 1181 1017 1236 Sed
1041 1183 1131 1254 (quod
1148 1184 1213 1239 sine
1238 1201 1365 1240 maerore
1386 1186 1443 1239 dici
1466 1202 1524 1242 uon
1549 1188 1647 1259 debet)
1670 1205 1740 1244 cece
1763 1189 1794 1244 in

64 1271 134 1325 vitia
146 1272 320 1343 figurantur,
330 1273 480 1343 persecuti
490 1275 618 1327 sunteas
630 1288 725 1344 usque
736 1272 766 1326 in
778 1272 898 1344 Horma,
959 1270 1044 1340 loeis,
1058 1272 1088 1326 in
1103 1271 1213 1343 quibus
1228 1272 1330 1328 labore
1344 1275 1546 1343 apostolorum
1561 1278 1706 1332 eteorum
1721 1294 1793 1333 suc-

64 1361 144 1431 quod
158 1361 367 1431 interpretatur
383 1361 548 1416 anatliema.
573 1361 605 1414 ln
630 1362 739 1433 quibus
761 1363 899 1417 omnibus
960 1375 1115 1415 cessurum
1131 1361 1306 1417 arundineto
1321 1378 1469 1418 succenso
1491 1363 1651 1420 fructiferae
1673 1370 1792 1438 segetes

63 1448 221 1504 manifeste
237 1450 414 1521 designatur
424 1451 501 1520 quod
514 1451 651 1522 quisquis
667 1453 768 1505 eontra
783 1451 901 1507 disere·
959 1453 1159 1515 surrexerant,
1173 1451 1202 1503 in
1212 1450 1335 1518 eisdem,
1346 1451 1476 1521 inquam,
1493 1452 1568 1506 loeis
1582 1469 1636 1523 per
1650 1455 1795 1511 desidiam

64 1537 175 1592 tionem
187 1537 333 1610 maiarum
344 1541 461 1594 terrena
471 1540 587 1611 negotia
600 1543 725 1595 tractare
736 1543 899 1611 praesumit,
960 1542 1092 1594 nostram
1107 1540 1280 1594 arundineta
1294 1540 1400 1595 iterum
1410 1544 1634 1612 succreverunt,
1647 1546 1675 1596 et
1689 1559 1795 1616 agrum

64 1626 195 1682 lrostillis
210 1628 419 1699 suggestionis
435 1628 533 1699 gladio
549 1629 719 1683 trucidatur.
730 1629 788 1684 Sed
800 1635 828 1684 et
842 1631 900 1701 ipsi
959 1628 1145 1682 Dominirum
1158 1628 1220 1699 jam
1235 1645 1309 1698 pene
1325 1629 1523 1699 repleverunt.
1541 1628 1617 1694 Quid
1632 1635 1702 1687 sunt
1716 1633 1795 1689 enim

63 1715 179 1786 proelati
195 1716 399 1788 subjectorum
415 1717 641 1787 possibilitatem
656 1718 790 1790 diligenti
806 1720 903 1773 cansi-
959 1716 1110 1785 immundi,
1129 1717 1289 1786 fornicarii,
1307 1719 1400 1787 avari,
1417 1717 1509 1788 fures,
1526 1735 1660 1790 rapaces,
1676 1724 1705 1775 et
1726 1721 1794 1793 qui-

64 1805 216 1861 deratione
232 1805 340 1861 librare
356 1806 533 1878 debentne,
551 1808 578 1860 si
593 1807 667 1862 ultra
684 1809 838 1862 scientiam
854 1808 900 1863 rel
960 1820 1076 1876 cunque
1091 1805 1158 1860 aliis
1174 1805 1358 1878 quibuslibet
1381 1807 1575 1876 pravitatibus
1600 1824 1616 1862 a
1643 1809 1705 1865 Deo
1725 1812 1795 1865 suat

65 1893 148 1948 vires
164 1909 235 1950 suas
250 1910 340 1968 egere
356 1899 476 1965 tentent,
493 1897 575 1951 oneri
591 1897 901 1969 sueeumlrant:quod
959 1894 1058 1964 diuisi,
1076 1894 1193 1949 diabolo
1223 1893 1399 1966 conjuncti?
1427 1896 1516 1966 quod,
1542 1913 1656 1967 quasa,
1683 1902 1796 1954 suntet

65 1981 145 2037 ferre
161 1999 220 2038 uon
235 1984 342 2040 valent.
355 1985 635 2056 Utanturexemplo,
648 1986 776 2042 etverbo
793 1987 900 2057 Moysi,
960 1982 1017 2052 ipsi
1032 1983 1090 2037 nisi
1102 1983 1262 2039 arundines
1278 1983 1397 2038 steriles
1408 1984 1613 2053 infructuose,
1625 1985 1793 2043 daemonum

65 2071 127 2142 qui,
153 2073 278 2128 Domino
301 2074 487 2144 promittente
513 2075 592 2145 quod
621 2078 687 2130 ante
718 2075 779 2130 11110
809 2075 902 2131 lsrael
959 2073 1207 2143 suggestionibus
1218 2072 1793 2144 etquasiquibusdamventisinomuem

66 2162 194 2216 mitteret
209 2162 347 2233 angelum
362 2179 460 2234 snum,
485 2164 650 2234 respoudit,
677 2164 790 2220 diceus:
810 2165 903 2221 01100-
958 2161 1458 2233 partemimpictatisagitataefquid
1471 2178 1543 2234 erga
1555 2163 1614 2218 otiu
1625 2167 1793 2234 torpemus?

66 2267 129 2319 cro,
139 2251 275 2316 Domine·
285 2267 312 2305 sr
323 2252 429 2306 iuveni
437 2253 566 2324 gratiam
577 2269 675 2308 coram
691 2260 729 2323 te,
746 2255 905 2327 019101110-
959 2265 1012 2302 rur
1026 2251 1215 2319 praedicando
1231 2251 1454 2305 discurrimus?
1469 2267 1523 2306 our
1537 2252 1630 2307 malos
1642 2253 1793 2324 quoslibet

64 2339 386 2410 risnobiscumtlfrod.
400 2340 556 2412 xxx1r).l⁴]t
566 2341 696 2396 item:Si
709 2359 766 2397 non
783 2346 903 2399 rerer-is
958 2342 1059 2392 nostra
1071 2339 1203 2394 doctrina
1218 2355 1277 2394 non
1293 2339 1514 2408 succendimus,
1528 2342 1558 2394 ut
1569 2340 1666 2396 banos
1682 2341 1795 2397 efficia·

64 2428 270 2499 nobiscum,ne
283 2429 392 2484 educas
407 2430 510 2485 nasale
525 2429 588 2485 loco
603 2431 771 2501 lroetb‘rod.
783 2433 900 2501 xxxur).
958 2430 1048 2482 mus‘?
1064 2428 1121 2483 Sed
1138 2445 1182 2483 vae
1199 2429 1286 2484 uobis
1302 2430 1432 2498 miserie,
1449 2429 1517 2500 quia
1532 2430 1615 2483 multi
1631 2431 1793 2486 sumusdi·

64 2518 186 2588 Mogses
202 2518 355 2572 enimcum
370 2519 478 2590 populo
489 2519 581 2573 lsrael
595 2520 632 2574 ad
648 2523 756 2576 terram
771 2523 901 2592 promis·
958 2532 1127 2587 scursores,
1144 2519 1230 2588 pauci
1245 2515 1474 2588 praedicatores!
1491 2516 1641 2585 Civitates,
1660 2519 1792 2591 castella,

64 2607 163 2661 sionis
179 2607 280 2676 tendit,
296 2607 369 2661 eum
379 2608 501 2678 quilibet
517 2608 657 2678 praelatus
673 2610 732 2664 sibi
746 2610 902 2682 subjectos
956 2605 1041 2660 vices
1057 2608 1269 2676 percurrimus,
1292 2607 1345 2661 sed
1361 2607 1391 2660 in
1407 2606 1570 2678 arguendis
1585 2608 1793 2678 peecatoribus

63 2695 102 2749 ad
123 2696 287 2750 ministeria
312 2694 479 2766 cujuspiam
503 2697 573 2752 boui
599 2698 698 2768 operis
718 2700 902 2770 exsequendi
957 2698 986 2749 et
1000 2695 1155 2752 animabus
1172 2697 1381 2752 convertendis
1395 2712 1498 2766 parum
1507 2696 1688 2752 laboramus.
1706 2697 1793 2752 btuu-

64 2783 280 2854 prcvehit.Qui
293 2788 373 2839 recte
389 2784 545 2840 Dominum
560 2790 655 2858 rogat,
673 2790 703 2841 ut
717 2803 775 2842 uon
791 2791 903 2843 tantum
957 2783 1013 2838 dus
1029 2785 1237 2840 sacerdotibus
1252 2785 1359 2856 plenus
1383 2789 1438 2855 est,
1463 2787 1490 2840 et
1512 2786 1539 2840 si
1564 2785 1603 2840 sit
1618 2786 1668 2856 qui
1682 2786 1794 2842 bouum

64 2872 205 2943 angelum
227 2874 393 2943 proemittat,
419 2874 473 2927 sed
494 2875 620 2944 ipsemet
648 2876 811 2946 gradiatur,
833 2877 903 2932 dum
957 2874 1064 2944 audiat,
1081 2890 1140 2928 non
1151 2878 1197 2929 est
1211 2875 1262 2945 qui
1272 2874 1360 2928 dieat.
1370 2874 1513 2944 Legimus
1522 2874 1552 2928 iu
1567 2874 1644 2930 libro
1653 2874 1792 2948 Dialogu-

64 2978 124 3017 nou
140 2965 197 3016 tam
212 2962 341 3034 alicujus
357 2962 500 3032 sapientis
523 2964 659 3033 oonsilio,
684 2965 733 3036 qui
761 2981 899 3020 nauuun-
957 2978 1022 3016 rum
1037 2962 1193 3033 quemdam
1217 2966 1352 3016 sanetum
1373 2963 1470 3015 virum
1491 2962 1595 3031 libros,
1625 2963 1656 3016 in
1681 2963 1793 3035 quibus

64 3067 154 3123 quam
169 3051 288 3122 fallitur,
310 3067 397 3122 quam
413 3051 511 3105 divina
535 3052 731 3123 providentia,
755 3070 821 3125 quae
837 3056 901 3110 sola
959 3050 1790 3119 sacraverbaeontiuebantumsemperseeumdctutisse.

64 3140 195 3210 perfecte
211 3144 359 3211 quaesunt
373 3141 544 3195 hominibus
560 3141 640 3196 utilia
656 3143 748 3213 novit,
765 3142 821 3198 hoc
837 3145 941 3232 fictio
958 3138 1013 3204 Qui
1029 3154 1216 3210 quocumque
1232 3139 1374 3210 pergebat
1389 3153 1427 3193 ex
1449 3138 1563 3192 eisdem
1576 3138 1662 3193 libris
1677 3139 1794 3210 rigabat

64 3229 113 3283 vel
129 3228 233 3284 dimitti
249 3232 420 3284 constanter
430 3233 577 3300 precatur.
594 3231 736 3303 Obsecro,
753 3232 857 3303 iuquit,
870 3237 900 3288 ut

63 3327 124 3372 non
137 3318 247 3373 educas
263 3334 319 3373 nos
335 3318 371 3373 de
387 3318 452 3374 loeo
469 3319 537 3389 isto,
553 3319 611 3375 uisi
636 3323 667 3374 tu
682 3321 829 3392 gradiaris
844 3338 900 3378 no-

62 3406 192 3462 biscum.
210 3408 317 3462 Melius
332 3410 379 3463 est
401 3409 479 3463 euim
495 3408 655 3481 quemlihet
670 3410 700 3464 in
715 3426 769 3465 sua
785 3411 901 3483 stmpli-

63 3496 150 3551 citute
165 3496 265 3552 vivere
278 3501 306 3552 et
316 3498 401 3567 mori,
418 3514 507 3570 quam
528 3499 564 3553 ad
590 3500 720 3570 negotia,
747 3500 901 3572 inquibus

61 3584 169 3641 animm
177 3585 421 3641 suaescandalum
430 3591 526 3641 sumat
540 3588 691 3643 tractanda
706 3589 902 3646 siueDeodu·

63 3690 97 3729 ee
115 3677 142 3729 et
153 3678 341 3746 cooperante,
353 3678 532 3746 promoveri.
550 3677 622 3732 Haec
637 3679 734 3733 omnia
750 3679 901 3748 (1100110-

61 3766 135 3832 tres,
152 3766 183 3818 ut
197 3763 323 3818 videatis
340 3766 488 3835 quomodo
506 3769 589 3820 eante
605 3767 773 3839 ambuletis,
790 3772 818 3823 et
842 3785 901 3824 non

62 3851 129 3905 sitis
146 3851 372 3923 vobismetipsis
387 3855 539 3924 sapientes
553 3871 560 3924 3
572 3858 600 3908 et
614 3855 683 3909 dum
694 3857 833 3912 virtutum
844 3857 901 3912 ful·

62 3955 166 4012 gorem
183 3956 242 3996 uon
260 3943 410 4011 sapienter
424 3943 568 4013 quaeritis,
581 3943 742 3999 obscenam
762 3946 900 4002 vitiorum

61 4032 90 4084 et
105 4033 296 4099 pcccatorum
311 4031 553 4086 tenebrositatem
570 4031 718 4088 incidatis.
735 4033 875 4106 Sequitur
891 4053 897 4092 :

96 4118 139 4172 Et
155 4124 291 4192 tanquam
306 4120 448 4175 scintillae
462 4121 494 4173 in
513 4121 692 4176 arundineto
713 4122 896 4180 discurrent.

60 4204 193 4262 Scintilla
217 4209 248 4262 in
272 4224 325 4264 sua
349 4209 508 4281 quantitate
533 4210 649 4265 modica
671 4213 727 4280 est,
753 4215 782 4266 et
809 4211 899 4268 habet

59 4295 251 4365 splendorem
266 4301 294 4353 et
310 4298 448 4353 calorem.
470 4297 670 4353 Scintillarum
691 4315 764 4372 ergo
778 4302 896 4357 nomine

58 4383 290 4455 sanetiapcstoli
304 4390 332 4441 et
346 4387 549 4457 apostolorum
565 4404 764 4445 successores
784 4391 896 4460 prendi·

958 3231 1040 3299 prata
1064 3228 1215 3282 mentium.
1235 3226 1470 3296 Erubeseamus,
1487 3227 1605 3297 fratres,
1630 3228 1666 3282 de
1691 3231 1794 3284 nostra

958 3317 1095 3389 pigritia,
1123 3319 1294 3371 sanctorum
1322 3316 1440 3370 Patrum
1465 3317 1650 3371 attendamus
1675 3317 1792 3389 studia3

958 3422 1084 3478 quorum
1101 3406 1179 3461 enim
1198 3405 1342 3460 debemus
1358 3421 1426 3460 esse
1450 3405 1512 3476 filii,
1530 3421 1632 3460 eorum
1648 3406 1791 3463 debemus

958 3497 1048 3550 vitam
1064 3495 1181 3550 imitari.
1199 3495 1380 3550 Arundineta
1405 3495 1633 3565 succendamus,
1656 3495 1752 3550 malos
1775 3512 1792 3551 a

958 3586 1023 3640 suis
1038 3585 1233 3656 pravitatibus
1250 3584 1445 3656 corrigamus.
1463 3585 1498 3639 Et
1513 3585 1588 3639 bene
1609 3584 1692 3656 prius
1707 3584 1797 3655 dixit,

959 3674 987 3730 F
987 3674 1139 3747 algebunt,
1156 3674 1262 3729 deinde
1277 3673 1460 3744 discurrent,
1478 3674 1547 3745 quia
1560 3674 1688 3744 primurn
1706 3672 1793 3729 dehe-

957 3780 1024 3819 mus
1040 3764 1199 3818 virtutibus
1216 3762 1341 3832 fulgere,
1370 3761 1475 3816 deinde
1499 3777 1550 3815 eas
1572 3761 1648 3816 alios
1673 3760 1791 3833 doecre,

957 3853 1034 3907 sicut
1045 3852 1243 3921 scriptumest
1256 3866 1261 3904 :
1272 3850 1344 3914 Quia
1351 3850 1532 3922 erepit-lesus
1539 3848 1793 3907 faeereetdocere

956 3940 1035 4012 (rtet.
1053 3943 1084 4010 ι).
1100 3937 1262 4010 Sequitur:
1343 3964 1348 3970 ¹

992 4030 1176 4086 dudicubuut
1191 4028 1337 4083 nation‘es.
1359 4026 1504 4092 Quantum
1519 4027 1709 4099 adjudicium
1721 4029 1791 4084 sunt
1856 4024 1864 4032 ”

955 4117 1791 4192 quatuorspceieshominum,videlicetjudieatietsalva-

953 4205 1790 4281 ti,judicandictsalvandi,judieatietdamnati,judicarrdi

954 4302 983 4353 et
998 4297 1165 4352 damnandi.
1184 4296 1309 4352 iudicati
1326 4299 1354 4350 et
1369 4295 1473 4349 salvati
1494 4299 1563 4350 sunt
1586 4311 1711 4366 quorum
1726 4295 1788 4350 sal-

954 4389 1033 4444 vatio
1046 4386 1108 4459 ‚jam
1120 4389 1200 4441 certa
1208 4388 1254 4441 est
1267 4401 1274 4456 ς
1287 4384 1440 4456 judicandi
1452 4387 1480 4438 et
1491 4384 1625 4438 salvandi
1636 4386 1705 4438 suut
1715 4399 1788 4455 qua·

58 4475 176 4527 catores
186 4476 266 4530 recte
278 4475 444 4547 signantur,
457 4478 507 4547 qui
519 4478 680 4548 suntpurvi
694 4494 747 4549 per
757 4479 894 4535 virtutem
909 4487 936 4551 Ι)
953 4493 1018 4532 rum
1029 4475 1154 4531 salvatio
1169 4474 1265 4528 adhuc
1281 4473 1391 4527 ineerta
1407 4474 1469 4541 est3
1483 4471 1607 4542 judicati
1618 4473 1646 4526 et
1657 4471 1787 4527 damnati

56 4560 251 4634 humititatis,
275 4565 422 4635 splendidi
451 4581 505 4636 per
525 4568 725 4639 cognitionem
750 4569 891 4640 veritatis,

56 4650 145 4706 calidi
160 4654 489 4722 peramoremvirtutis.
503 4656 563 4726 lpsi
574 4672 645 4712 vero
656 4660 794 4729 tauquam
810 4660 893 4713 sein-

54 4738 127 4794 111100
139 4740 169 4796 in
184 4742 360 4797 arundineto
370 4743 540 4799 discurrere
556 4749 636 4800 recte
660 4746 808 4816 dicuntur,
825 4747 893 4818 quia

54 4827 115 4899 ipsi
129 4845 183 4900 per
197 4831 390 4903 gentilitatem
406 4835 442 4889 ad
467 4833 698 4889 similidudiuem
716 4836 893 4891 arundinum

53 4917 92 4972 ab
104 4918 184 4973 omui
194 4921 318 4976 veritate
335 4938 469 4994 vacuam,
486 4923 565 4978 omni
590 4924 718 4978 vanitate
739 4924 890 4996 repletam,

53 5005 91 5060 ab
118 5008 196 5062 omni
227 5007 306 5065 bono
331 5025 420 5082 opere
452 5012 584 5067 sterilem
608 5015 637 5066 et
665 5011 890 5085 infructuosam,

53 5094 136 5149 omni
151 5099 239 5152 vento
255 5097 399 5155 doetrinae
415 5101 564 5173 agitatam,
586 5117 640 5172 per
662 5102 757 5173 ipsam
771 5102 892 5173 iuquam

51 5182 269 5256 discurrentes,
298 5203 363 5243 eam
386 5205 441 5244 sua
470 5190 680 5260 predicatione
709 5207 726 5245 a
750 5192 891 5263 superbia

51 5270 235 5345 defecerunt,
252 5279 280 5330 et
294 5276 321 5331 ei
336 5278 416 5348 quod
432 5278 507 5333 cinis
528 5283 557 5334 et
580 5280 610 5334 iu
633 5275 763 5336 cinerem
790 5297 892 5336 rever-

51 5375 124 5415 sum
139 5365 221 5419 esset
236 5364 441 5438 ostendentes,
458 5368 675 5438 quodammode
690 5372 721 5424 ut
736 5369 767 5424 in
780 5369 890 5427 bonam

52 5452 188 5522 segetem
201 5458 385 5527 resurgeret,
402 5455 432 5510 in
448 5455 577 5512 favillam
589 5457 779 5528 redegerunt.
803 5459 890 5515 llune

52 5537 224 5597 discursum
240 5542 311 5598 fecit
332 5543 363 5600 S.
390 5544 520 5601 Thomas
537 5561 592 5618 per
605 5547 718 5601 lndiam
735 5539 889 5619 majorem,

53 5627 290 5693 Bartholomaeus
303 5649 357 5707 per
366 5633 477 5691 Indiam
486 5635 744 5707 minorem,Simon
760 5639 788 5694 et
798 5637 890 5695 ludas

52 5738 108 5801 per
121 5722 294 5800 Persidem,
310 5725 442 5784 loannes
456 5741 511 5800 per
531 5727 651 5809 Asiam,
674 5725 812 5788 ttudreas
836 5742 891 5806 per

953 4569 1022 4621 suut
1039 4580 1165 4637 quorum
1180 4563 1327 4618 damnatio
1339 4561 1401 4632 jam
1417 4563 1496 4615 corta
1507 4565 1553 4614 est
1565 4575 1572 4629 ;
1586 4559 1742 4630 judicandi
1758 4562 1787 4616 et
1820 4628 1833 4643 ἱ

953 4654 1109 4710 damnandi
1125 4668 1251 4724 quorum
1261 4651 1407 4705 damnatio
1416 4649 1546 4703 noudum
1555 4651 1634 4702 eerta
1645 4651 1702 4703 est.
1713 4646 1788 4704 Cum

953 4744 1044 4816 igitur
1058 4745 1089 4797 in
1104 4742 1161 4796 flue
1177 4740 1288 4809 mundi,
1304 4739 1333 4793 iu
1349 4739 1396 4793 dic
1408 4737 1514 4810 judicii
1526 4737 1556 4791 in
1567 4737 1786 4795 resurreetione

952 4831 1096 4905 generali,
1126 4830 1192 4883 istae
1221 4831 1348 4899 quatuor
1374 4827 1492 4897 speeies
1514 4826 1665 4881 hominum
1688 4831 1785 4899 erunt,

953 4916 1785 4988 cunstattamenillossolummodonationesjudicaturos

952 5025 1077 5082 quorum
1093 5007 1216 5062 salvatio
1232 5005 1640 5076 propteremineutiarisvitoe
1649 5007 1787 5063 meritum

950 5103 1020 5154 tuuc
1043 5097 1167 5152 evidens
1190 5099 1219 5151 et
1244 5094 1398 5149 manifesta
1422 5095 1487 5166 crit,
1514 5111 1640 5166 quorum
1655 5095 1704 5150 hic
1719 5096 1786 5150 lans

951 5189 1066 5243 canitur
1086 5203 1153 5242 eum
1175 5186 1283 5240 dicitur
1299 5201 1305 5239 :
1321 5184 1504 5240 «Iudicabunt
1529 5186 1678 5239 nationes.
1708 5183 1788 5249 Ques

950 5279 1085 5333 nationes
1098 5275 1296 5346 judicabunt?
1313 5273 1383 5329 lllos
1398 5275 1499 5346 utique
1511 5273 1697 5345 judicabunt,
1715 5288 1789 5342 quo·

949 5384 1015 5422 rum
1041 5365 1165 5421 salvatio
1196 5363 1260 5419 sivc
1289 5363 1436 5418 damnatio
1456 5363 1587 5418 noudum
1616 5363 1696 5416 certa
1718 5360 1786 5430 orit,

949 5471 1076 5529 quorum
1094 5453 1207 5526 judicia
1233 5452 1283 5507 alii
1297 5451 1515 5507 transferentur
1529 5451 1565 5504 ad
1582 5449 1717 5521 gloriam,
1734 5447 1786 5503 alii

949 5545 1166 5603 transferantur
1180 5543 1217 5597 ad
1231 5558 1358 5614 pinnam.
1375 5539 1595 5597 Numdiabolus
1611 5540 1640 5592 et
1654 5537 1786 5608 perfecte

948 5636 1018 5695 mali
1034 5636 1133 5707 utpote
1145 5632 1207 5707 jam
1218 5630 1345 5704 judicati
1360 5629 1425 5686 siue
1435 5628 1514 5685 omni
1528 5625 1745 5683 examinatione
1756 5626 1787 5685 10

950 5721 1320 5790 tormenta-detrudentur.
1346 5716 1546 5788 Studeamus,
1561 5713 1814 5781 susumus&
