3796 6022
122 329 164 396 u
516 330 736 403 arrarum
751 330 809 402 ru
824 330 1178 406 succursurum
1193 336 1449 408 nouarum
1495 358 1504 371 ·
1799 348 1843 416 ee
1885 329 1888 337 ’

121 532 176 588 tibi
190 536 348 594 virtutibus
363 543 392 595 et
407 540 754 596 Faciesiaesacrementis
766 544 867 594 contra
883 554 951 594 eum
966 513 995 581 Ᾱ
1010 544 1152 601 intantum
1165 547 1329 603 acerrimus
1346 552 1400 615 cst,
1418 554 1449 605 ut
1471 551 1686 606 subtilissimus
1703 553 1841 610 diabolus

88 615 100 637 ⁴
121 622 150 676 to
172 626 264 695 muni,
284 632 313 682 et
333 633 364 682 ut
380 630 439 683 Deo
455 630 550 695 vivas,
561 630 672 699 mundi,
689 629 787 684 carnis
800 632 827 683 et
842 629 951 683 diaboli
1008 635 1173 708 intelligere
1189 641 1217 691 et
1230 637 1411 710 investigare
1431 642 1642 695 iucarnationis
1655 642 1840 714 ejasnryste·

122 713 264 782 operibus
279 719 424 772 mertuum
439 721 467 772 te
483 719 572 790 finge.
1007 725 1082 779 rium
1098 742 1156 780 non
1165 728 1300 797 valuerit,
1312 729 1365 782 sed
1376 729 1438 782 sota
1454 729 1601 785 voluntate
1613 732 1708 785 Putris
1720 733 1841 786 ‹lescen-

267 811 335 867 Cae.
355 813 388 866 V.
405 813 448 867 De
463 815 545 886 vulpe
560 820 589 869 et
606 814 671 886 vp'us
687 820 800 868 aalma.
1005 813 1046 867 dit
1062 815 1090 867 iu
1106 817 1221 869 uterum
1237 816 1380 886 Virginis,
1398 821 1425 871 et
1444 818 1569 872 Verbum
1585 836 1654 874 caro
1669 818 1778 874 luctum
1795 828 1840 875 cst

159 897 270 968 Vulpes
285 901 360 955 dicta
369 905 506 974 estquasi
515 905 649 974 volupes.
663 905 715 958 Est
725 905 801 958 cuim
813 905 952 958 volubilis
1006 909 1036 954 et
1051 903 1199 956 luibitavit
1215 905 1343 959 innubis
1356 906 1451 965 (dona.
1469 910 1499 976 rt.
1511 908 1603 961 livedo
1615 912 1710 962 autem
1722 909 1840 962 sirnittis

51 1054 54 1059 Ι
121 986 257 1055 pedibus,
275 993 302 1042 ci
327 1006 475 1062 nimquam
498 997 578 1046 reato
601 994 714 1057 itinero,
741 995 794 1047 sed
808 997 951 1050 tortuosis
1005 993 1051 1043 est
1066 993 1228 1060 unicornis,
1245 994 1312 1064 quia
1328 994 1471 1062 Salvator,
1489 998 1651 1050 secundum
1666 998 1839 1066 Apostolum

119 1074 302 1131 anfractibus
319 1081 419 1134 currit.
438 1080 952 1138 Dstantemunimalfraudnlcntum
1007 1079 1102 1135 iactus
1132 1084 1177 1135 cst
1199 1081 1228 1135 iu
1244 1083 1465 1137 similitudinem
1487 1087 1586 1138 curuis
1608 1086 1731 1155 peccati,
1759 1089 1789 1139 ut
1805 1085 1840 1138 de

119 1162 431 1235 etiugeniosum.t1um
440 1171 517 1224 enim
526 1172 628 1240 esurit,
642 1177 669 1227 et
679 1189 737 1227 noa
754 1174 863 1228 invenit
875 1174 952 1244 quod
1005 1174 1126 1240 peccato
1142 1171 1293 1225 ‹taumarct
1308 1176 1461 1241 peccatum
1476 1178 1485 1235 t
1491 1174 1505 1226 l
1506 1176 1570 1228 ἴου).
1587 1176 1660 1229 t'ffll·

119 1253 285 1320 manducet,
308 1257 431 1311 involvit
456 1276 489 1314 se
504 1261 532 1314 in
547 1261 636 1315 rubra
653 1264 740 1327 terra,
766 1267 795 1316 ut
816 1266 953 1332 uppmeat
1179 1259 1248 1314 Car.
1268 1261 1329 1315 Vll.
1347 1261 1391 1315 Da
1407 1262 1503 1333 lrpdra
1518 1268 1547 1315 ct
1558 1263 1664 1333 lrpdra.

118 1342 204 1410 quasi
221 1345 382 1414 cruentata,
399 1351 426 1401 et
437 1349 555 1419 projicit
571 1351 641 1404 sein
658 1355 776 1417 terram,
789 1353 952 1422 retinetque
1042 1348 1094 1401 Est
1110 1349 1217 1402 animat
1234 1349 1262 1402 ia
1279 1350 1346 1403 Nilo
1362 1351 1496 1417 ttumine,
1514 1353 1591 1422 quod
1608 1352 1715 1405 dicitur
1730 1351 1840 1421 bpdros

118 1426 219 1484 ilatum
234 1448 332 1501 suurn,
349 1434 387 1488 itu
403 1439 434 1490 at
451 1455 507 1491 non
524 1440 626 1508 spiret,
645 1456 716 1493 aves
732 1456 802 1494 voro
817 1440 953 1494 vitantes
1006 1438 1160 1507 aquaticus
1185 1453 1320 1507 serpens,
1338 1439 1366 1492 id
1392 1444 1438 1493 est
1463 1441 1492 1493 iu
1514 1457 1589 1510 aqua
1611 1441 1727 1494 vivens.
1745 1440 1840 1494 (aaa

118 1530 183 1571 eam
197 1535 256 1573 nen
272 1522 398 1589 flantem,
416 1530 444 1579 et
459 1528 544 1598 (quusi
561 1533 750 1598 cruentatam,
773 1533 800 1583 et
823 1530 953 1599 linguam
1007 1526 1200 1598 euimhpdort
1212 1523 1277 1596 ὓδωρ
1290 1527 1533 1599 taquamvueant.
1547 1529 1840 1599 lmlebpdrusaqaa-

119 1620 171 1661 ⁰¹⁸6
185 1607 252 1678 eius
263 1611 398 1681 ejectum,
408 1620 510 1684 putant
522 1633 586 1670 eam
597 1633 667 1672 esse
678 1624 832 1685 mortuam,
843 1622 871 1673 et
887 1619 954 1672 des·
1007 1615 1084 1668 tieus
1100 1631 1236 1685 serpens,
1251 1617 1340 1687 cujas
1355 1617 1414 1670 ictu
1426 1618 1650 1688 obturgescunt,
1661 1633 1748 1688 quem
1764 1634 1840 1670 urar·

118 1697 247 1751 cendunt
258 1714 376 1755 sessum
394 1718 482 1774 saper
496 1722 570 1759 iram.
589 1706 745 1761 lttaautcm
760 1707 804 1761 sie
820 1708 952 1777 rapiteas
1008 1703 1078 1756 bum
1093 1705 1179 1758 boum
1194 1704 1322 1777 [tibenin]
1340 1706 1449 1770 dimmt,
1467 1707 1588 1775 eoquod
1600 1707 1668 1760 timo
1684 1706 1771 1759 bovis
1788 1722 1840 1758 cu-

117 1784 285 1842 etdevarut.
304 1791 392 1846 Istius
408 1797 504 1848 mrtem
519 1797 643 1865 liguram
658 1796 795 1849 diabotus
807 1797 950 1865 possidet.
969 1793 1279 1891 B1·ctur·.Serunrtum
1296 1798 1398 1863 poetas
1413 1795 1506 1863 hpdru
1531 1793 1840 1848 estdracomultomm

116 1871 259 1930 Omnibus
275 1878 352 1933 enim
368 1881 537 1936 viventibus
553 1886 715 1938 seeundum
732 1900 850 1938 carnem
867 1883 951 1954 tingit
1009 1881 1146 1950 capitum,
1159 1883 1255 1952 quatis
1267 1883 1321 1936 luit
1331 1883 1360 1936 ia
1371 1882 1842 1953 Lernapatrateprovincie-trea-

118 1975 152 2016 se
167 1977 236 2019 esse
251 1971 407 2037 mortuum,
425 1987 580 2043 quousque
596 1975 669 2028 intra
686 1979 786 2046 guttur
801 1989 949 2028 suumeos
1008 1970 1075 2039 eliae,
1093 1985 1179 2040 quem
1196 1987 1263 2024 cum
1273 1971 1417 2025 Hercules
1428 1973 1563 2026 occidere
1573 1972 1671 2037 vellet,
1682 1986 1739 2024 uua
1747 1971 1841 2040 capite

117 2049 223 2108 lrabeat
238 2059 266 2109 et
280 2059 391 2127 puniat,
412 2062 621 2130 spiritualibus
638 2067 735 2118 tamen
751 2063 824 2117 viris
849 2063 878 2116 in
894 2062 950 2117 stite
1008 2074 1099 2126 creso,
1116 2059 1170 2112 tria
1187 2060 1281 2129 capita
1298 2062 1510 2129 exsurgebant.
1527 2062 1585 2114 Sed
1603 2060 1658 2114 boc
1670 2060 1840 2113 iniuriosum

117 2140 285 2199 viventibus
302 2163 369 2218 quae
380 2149 566 2205 ‹illectionem
577 2157 724 2222 operatur,
737 2154 951 2206 veremortuus
1007 2151 1062 2201 est.
1082 2147 1156 2200 Nam
1173 2151 1287 2201 coastat
1299 2150 1376 2218 quod
1393 2151 1485 2219 trpitra
1499 2150 1574 2202 dieta
1586 2150 1745 2202 mutim-um
1760 2148 1841 2216 capi·

117 2234 164 2284 081
178 2235 207 2285 et
222 2233 256 2286 nd
274 2234 396 2290 nihilum
412 2241 559 2294 reductus.
577 2241 630 2305 Qui
643 2245 740 2295 autem
751 2242 852 2295 volunt
864 2255 954 2295 exer·
1005 2240 1077 2303 tum,
1103 2239 1149 2290 est
1165 2238 1249 2291 lacus
1272 2253 1414 2292 evomens
1430 2254 1522 2308 aequas
1546 2240 1698 2290 vastantes
1713 2236 1841 2289 vicinam

118 2332 185 2372 cere
192 2335 281 2390 opera
290 2321 552 2397 ejusfflioiiuniur,
561 2329 676 2383 (ticonio
686 2330 826 2399 Apostoli)
837 2345 842 2383 :
852 2329 954 2382 Saiau·
1007 2325 1164 2393 civitatem,
1178 2325 1207 2378 in
1222 2342 1280 2396 quo
1296 2342 1354 2380 uuo
1370 2331 1467 2380 meatu
1483 2328 1585 2380 clauso
1601 2327 1682 2380 multi
1700 2340 1839 2393 erumpe·

118 2407 622 2480 tesbecqutasisecuudumcuruum
633 2417 953 2481 viveritis,moriemini
1007 2414 1085 2481 bant,
1104 2416 1182 2484 quod
1199 2415 1343 2469 Hercules
1358 2416 1463 2469 videas
1481 2416 1544 2469 loca
1560 2415 1702 2485 ipsaigne
1714 2413 1840 2477 exussit,

118 2493 457 2571 Siuutemspiritulactu
468 2506 954 2561 curuisruartiticareritisvivetis
1008 2505 1036 2557 et
1050 2506 1164 2556 meatus
1181 2504 1297 2558 clausit.
1315 2506 1352 2557 m
1366 2505 1412 2557 hic
1428 2505 1540 2574 hpdrus
1550 2504 1691 2574 praelatus
1703 2501 1841 2555 inimicus

117 2581 211 2653 (Rom,
228 2589 290 2658 vii),
308 2591 629 2649 ernavip;i,iii·0ii,imi
644 2596 675 2648 i„
686 2595 833 2650 inaniori
850 2600 950 2659 iai-ria,
1008 2595 1051 2644 est
1069 2592 1229 2659 crocodilo,
1247 2596 1275 2646 et
1286 2594 1600 2647 hanclrabetuatumm
1612 2596 1640 2645 et
1651 2591 1841 2646 cousuetudi-

93 2729 97 2735 ,
117 2672 276 2730 tradentur
298 2679 329 2732 ia
344 2697 448 2734 mamis
469 2683 571 2753 qlrrdii,
591 2690 696 2754 partes
722 2684 849 2755 vulpium
865 2688 952 2736 eruut
1007 2694 1084 2748 neor,
1101 2684 1207 2734 utoum
1219 2681 1332 2735 venerit
1344 2686 1372 2735 et
1386 2681 1493 2736 viderit
1510 2681 1690 2735 crocoditmu
1703 2680 1731 2733 in
1744 2681 1841 2733 littere

117 2760 211 2829 (Psal.
219 2768 290 2835 uxrr)
302 2771 327 2821 et
336 2770 478 2825 Dominus
489 2773 524 2826 de
532 2772 663 2827 Herode:
675 2773 726 2833 lte,
737 2779 765 2826 ct
773 2772 865 2826 dicite
875 2770 953 2841 vulpi
1007 2767 1209 2835 bannientem,
1222 2769 1302 2823 vadit
1310 2773 1338 2823 et
1347 2770 1469 2824 involuit
1479 2786 1511 2823 so
1520 2770 1590 2835 tuto,
1600 2785 1657 2839 spuo
1667 2769 1763 2838 pessit
1773 2768 1842 2821 tarti-

118 2848 402 2924 illitbrrc.xrrrt:etia
415 2860 741 2916 conticiscunticmum:
755 2861 858 2932 Capite
867 2860 953 2913 uobis
1006 2857 1150 2911 liusiltabi
1162 2858 1189 2911 in
1204 2857 1839 2926 laucescrocoditi.Crocodilusipitursubi-

122 2937 223 3010 vulpes
232 2946 377 3014 parrulos
387 2950 625 3005 cn'tcrmiuautes
643 2951 744 3005 viueas
755 2950 852 3011 (Ceut.
871 2960 911 3019 u).

149 3027 219 3084 (ltu.
239 3031 286 3086 Vl.
303 3034 542 3093 Deilouoccrete
557 3039 623 3092 siva
636 3039 771 3092 unicorni
782 3039 911 3093 annuali.

1006 2949 1035 2999 to
1047 2961 1115 3000 eum
1126 2946 1226 3001 vivum
1237 2947 1416 3018 transglutit,
1427 2948 1475 3001 itte
1495 2963 1567 3001 vero
1584 2946 1729 2999 dilanians
1745 2945 1842 2998 omnia

1007 3034 1207 3106 visceruejus,
1216 3036 1481 3101 nonsotumvivus,
1490 3034 1769 3089 sedictiamillresus
1782 3034 1841 3087 exit

150 3114 203 3172 est
218 3121 324 3177 animal
341 3126 420 3196 quod
436 3126 543 3181 dicitur
564 3144 749 3182 monoceros.
772 3128 948 3182 Monoceros
967 3123 1057 3198 cSic
1072 3123 1251 3194 igiturmors
1263 3124 1434 3178 etinternus
1444 3125 1569 3195 liguram
1581 3124 1689 3177 babent
1699 3122 1842 3175 crocoditi

114 3202 288 3282 [μινόκερως]
311 3218 406 3268 autem
424 3216 537 3283 Graece,
557 3216 946 3285 unicornisdicitur-Latine,

115 3309 150 3349 eo
166 3298 245 3368 quod
261 3315 349 3355 unum
359 3319 451 3358 cornu
463 3305 551 3360 habet
561 3305 590 3359 in
601 3306 697 3360 medio
707 3307 810 3376 capite.
821 3306 949 3376 Phasio-

115 3381 205 3455 logus
220 3386 290 3441 dicit
306 3389 381 3444 hano
396 3393 568 3447 unicornem
584 3395 693 3448 habere
716 3399 849 3449 nat-uram
872 3394 951 3468 quod

117 3471 157 3526 eit
172 3474 439 3547 pusillumauimat,
456 3485 485 3534 et
496 3481 581 3536 haido
591 3483 697 3550 simite,
715 3482 951 3552 acerrimumque

116 3558 204 3616 babet
218 3562 248 3616 in
265 3565 358 3635 capite
370 3583 461 3622 cerna
472 3585 572 3637 unum,
587 3570 741 3643 ipsumque
753 3571 852 3625 uultus
863 3587 952 3624 vena-

114 3651 162 3702 tor
176 3651 205 3704 vi
227 3655 276 3706 aut
295 3656 460 3724 praevenire
484 3662 533 3712 aut
555 3675 659 3729 capere
685 3662 791 3729 petest,
818 3659 871 3713 sed
896 3659 952 3713 hoe

115 3737 256 3795 duntaxat
278 3749 443 3799 commento
459 3763 493 3800 oc
509 3747 576 3802 dato
593 3749 711 3817 capiunt
728 3748 809 3803 illud.
821 3748 951 3802 Puellam

114 3825 319 3902 virginemque
335 3834 502 3902 speciosam
524 3836 633 3891 ‹tucuut
650 3837 787 3891 inlocum
804 3836 886 3889 illum
901 3836 951 3891 ubi

114 3921 256 3985 moratur,
272 3924 301 3973 et
316 3920 463 3977 dimittunt
479 3940 542 3978 eam
558 3927 663 3993 solam,
683 3941 750 3980 cam
769 3927 866 3978 autem
887 3924 951 3992 ipsa

114 4003 222 4060 viderit
236 4006 318 4076 illud,
343 4011 437 4080 aperit
453 4013 551 4067 sinum
567 4031 665 4081 suum,
682 4028 740 4085 quo
767 4013 843 4080 vise,
871 4012 949 4067 eruui

114 4091 266 4151 ferocitate
283 4098 426 4168 deposita,
445 4105 530 4171 caput
541 4118 629 4157 surim
639 4102 670 4155 in
680 4101 826 4172 gremium
833 4099 900 4170 ejus
914 4100 950 4153 de

115 4182 207 4253 penit,
224 4189 253 4240 et
267 4186 311 4240 sic
322 4188 472 4243 dormiens
482 4191 713 4261 deprehenditur
721 4190 758 4243 ab
768 4188 950 4243 insidiatori-

114 4269 174 4327 bus
188 4275 216 4327 et
231 4274 388 4332 exhibetur
398 4277 428 4331 in
443 4279 582 4348 palatium
599 4279 689 4350 regis.
706 4278 756 4332 Sic
767 4281 796 4332 et
806 4277 949 4332 Dominus

114 4358 207 4417 iesus
222 4361 358 4419 Clu-istas
374 4367 536 4436 spiritualis
553 4366 705 4421 unicornis
716 4366 903 4420 descendens
919 4365 948 4418 ia

1007 3228 1133 3282 quorum
1142 3212 1279 3266 iuimicus
1289 3217 1335 3266 ost
1343 3212 1486 3266 Dominus
1497 3216 1599 3267 nester
1608 3210 1844 3266 desuetihristus

1008 3300 1081 3354 Num
1098 3317 1256 3355 assumens
1269 3302 1425 3355 turmunam
1437 3317 1564 3366 curnem,
1579 3300 1733 3354 descendit
1748 3301 1783 3353 ad
1797 3300 1844 3352 in-

1008 3388 1134 3457 ternum,
1152 3394 1180 3443 et
1194 3389 1385 3459 disrumpens
1401 3389 1498 3442 omniu
1513 3389 1630 3442 viscera
1646 3388 1724 3458 ejus,
1741 3388 1845 3442 attuit

1007 3493 1060 3531 eas
1075 3478 1125 3548 qui
1141 3477 1253 3550 injuste
1267 3479 1303 3531 ab
1314 3494 1349 3532 ee
1366 3478 1609 3541 detinebunturiu
1620 3481 1722 3531 merto.
1739 3476 1844 3531 Morti-

1007 3566 1106 3620 tteavit
1120 3567 1197 3620 enim
1213 3568 1308 3637 ipsam
1322 3572 1445 3622 mortem
1456 3582 1622 3637 resurgens
1634 3583 1649 3618 a
1666 3565 1803 3633 mortuis,
1816 3570 1846 3618 et

1007 3654 1048 3707 illi
1060 3654 1181 3708 insultat
1192 3672 1244 3724 per
1254 3656 1426 3726 proplietam
1436 3656 1554 3709 dicens:
1568 3656 1685 3717 (lurors,
1699 3671 1752 3707 ere
1763 3669 1845 3707 mors

1007 3749 1065 3803 tua,
1083 3759 1199 3796 urorsus
1211 3749 1276 3798 tuus
1287 3760 1348 3803 cro,
1362 3744 1484 3797 iuterna
1493 3743 1576 3799 (Osa.
1589 3743 1649 3802 xvi:
1667 3742 1734 3812 quia
1743 3745 1772 3795 et
1783 3759 1846 3796 cer·-

1003 3848 1077 3903 pora
1093 3830 1249 3885 multorum
1264 3839 1432 3885 sauctorum
1446 3849 1511 3886 eum
1525 3832 1646 3887 Christo
1662 3847 1695 3884 co
1711 3836 1845 3901 tempore

1007 3936 1211 3974 resurrexere
1225 3920 1344 3990 (llattlr.
1361 3938 1433 3988 xru,
1444 3921 1501 3985 eti.

1167 4010 1236 4063 Gur.
1254 4009 1331 4063 t‘ltl.
1349 4009 1393 4063 De
1408 4009 1552 4064 crocodili
1564 4014 1680 4062 natura.

1040 4095 1217 4151 Crocodilus
1232 4115 1248 4150 a
1264 4098 1364 4152 colore
1375 4114 1481 4152 croceo
1493 4099 1610 4165 dieitur,
1625 4103 1653 4150 et
1668 4096 1804 4150 nascitur
1814 4096 1843 4148 in

1006 4184 1032 4238 N
1036 4185 1073 4239 ilo
1081 4186 1209 4252 tlumine,
1220 4187 1390 4255 quadrupes
1400 4187 1517 4255 murnai,
1528 4189 1605 4241 terra
1616 4189 1726 4255 etaqua
1736 4184 1844 4238 vivens

1006 4274 1188 4345 longitudine
1200 4275 1373 4344 plerumque
1395 4274 1499 4345 viginti
1517 4274 1693 4342 ciriatorum,
1712 4272 1844 4327 dentium

1005 4367 1034 4416 et
1043 4363 1190 4433 unguium
1202 4364 1382 4417 immanitate
1399 4366 1551 4420 orinatum,
1564 4362 1651 4431 cuijus
1667 4362 1743 4415 eutis
1755 4364 1844 4415 tantm

115 4451 231 4506 uterum
246 4453 373 4524 virginis
382 4471 435 4524 per
450 4470 568 4509 carnem
578 4471 615 4509 ex
630 4472 664 4509 ea
680 4458 827 4525 sumptam
841 4457 948 4523 captus
963 4440 992 4504 D
1006 4451 1122 4507 duritive
1135 4452 1253 4519 dicitur,
1271 4451 1446 4522 utquamvis
1463 4452 1643 4519 percutiatur
1659 4450 1690 4504 in
1705 4454 1790 4520 terge
1800 4451 1843 4503 ta-

116 4538 363 4597 aludeeismorte
375 4543 474 4598 crucis
484 4544 639 4597 deauratus
648 4546 707 4611 est,
722 4542 758 4597 de
770 4559 829 4613 que
840 4542 947 4597 David:
1008 4540 1107 4610 pidum
1120 4540 1237 4608 ictibus,
1253 4540 1325 4593 nihil
1336 4539 1469 4593 Imitatur.
1487 4540 1579 4593 Necte
1595 4539 1625 4593 in
1640 4538 1736 4609 aquis,
1753 4537 1802 4592 die
1813 4538 1844 4592 in

113 4625 157 4681 Et
170 4628 300 4685 dilectus
314 4631 552 4702 queamdmodum
564 4630 643 4685 filias
654 4631 837 4687 unicornium
853 4620 948 4698 (Psoi.
1008 4627 1097 4682 huma
1112 4629 1254 4698 quiescit:
1271 4628 1319 4698 qui
1335 4627 1360 4681 si
1377 4628 1533 4697 aliquando
1550 4626 1679 4681 inveniat
1695 4626 1844 4680 bemineru

117 4718 344 4786 xxvrrr);etutibi
355 4719 410 4773 :Et
422 4718 688 4773 e.valtabitursieut
699 4719 852 4774 unicornis
861 4735 952 4773 cerua
1007 4718 1219 4784 comediteurn,
1227 4717 1252 4769 si
1260 4716 1380 4771 vincere
1387 4719 1529 4786 protestet
1537 4720 1712 4785 posteueum
1723 4730 1844 4783 semper

116 4818 213 4861 meam
223 4805 318 4875 (Psal.
331 4810 403 4874 emb
414 4812 443 4863 et
453 4807 611 4862 Zacharias
620 4824 626 4862 :
634 4807 801 4863 Suscitavit
809 4822 953 4862 cornusa-

21 4906 30 4919 ¹
115 4890 189 4947 lutis
203 4900 322 4957 nostrae,
340 4895 372 4949 iu
386 4895 471 4951 derue
486 4895 528 4951 Da
535 4896 584 4951 rid
589 4897 679 4968 priori
687 4897 734 4952 sui
744 4896 826 4966 time.
836 4898 866 4965 ι).
880 4895 952 4960 Quia

116 4996 189 5037 vero
197 4981 287 5037 habet
295 4983 351 5037 troc
360 4982 468 5039 arriruut
479 4999 569 5038 unum
578 5001 670 5042 cerum
682 4985 711 5040 in
722 4985 826 5056 cupite,
837 4983 953 5056 signifi·

116 5071 165 5123 cat
178 5069 236 5124 boe
246 5071 324 5140 quod
335 5071 469 5127 Salvator
478 5072 532 5127 ait:
541 5073 607 5144 Epo
617 5079 647 5127 et
659 5073 954 5129 Patermuuasuums

116 5155 214 5225 tlara
230 5158 271 5223 xl.
288 5156 381 5229 Caput
395 5161 474 5215 eninr
491 5160 587 5216 Cristi
600 5162 682 5216 Deus
696 5169 742 5216 est
757 5161 800 5223 (II
815 5162 882 5216 Cer.
900 5162 951 5223 xri.

117 5241 191 5307 Quia
221 5245 398 5303 amri-imum
425 5249 552 5317 dieitur,
576 5250 726 5319 significat
748 5251 827 5321 quod
856 5265 952 5320 nequo

116 5330 310 5403 principatus,
327 5352 422 5409 neque
433 5342 604 5408 potestates,
621 5354 716 5408 neque
733 5337 840 5406 tlrruui,
858 5354 953 5409 neque

117 5421 334 5479 dominationes
342 5426 507 5498 intelligere
518 5428 610 5483 Deum
623 5426 722 5481 valent
730 5426 807 5480 sicut
815 5429 871 5480 est.
881 5426 954 5491 Quia

117 5515 216 5569 autern
232 5511 340 5569 dieitur
349 5515 500 5586 pusillum,
511 5518 633 5587 propter
646 5514 876 5569 inmumationem
887 5514 954 5587 ejus

119 5604 150 5661 ot
162 5601 355 5659 humilitatem
370 5604 486 5674 dicitur,
509 5605 624 5661 dicente
640 5604 706 5675 ipso
724 5619 730 5658 :
747 5603 864 5659 Discite
879 5618 895 5658 u
909 5619 956 5657 rue

120 5690 187 5787 qaia
204 5692 288 5757 mitis
301 5709 365 5747 sam
390 5698 419 5747 et
435 5693 556 5748 bumilis
578 5693 669 5748 carde
683 5693 803 5765 (illailla.
827 5694 879 5763 xit.
900 5690 954 5759 Qui

1005 4805 1109 4874 plorat.
1126 4804 1214 4859 Seius
1229 4808 1326 4859 autem
1338 4820 1398 4874 prae
1414 4805 1553 4858 omnibus
1565 4803 1742 4864 animalibus
1754 4818 1842 4871 supe-

1003 4894 1083 4948 riora
1095 4894 1156 4947 oris
1168 4896 1274 4959 movet,
1288 4892 1427 4947 inteniora
1438 4907 1509 4946 vero
1524 4893 1644 4947 immota
1656 4896 1745 4945 tenet.
1758 4892 1842 4945 Ster-

1005 4998 1059 5037 cus
1071 4981 1137 5052 ejus
1152 4980 1387 5051 titunguentum,
1400 4980 1477 5034 unde
1487 4981 1593 5035 vetulae
1605 4984 1634 5037 et
1644 4995 1766 5051 rugosus
1778 4996 1841 5033 mu·

1004 5070 1094 5127 lieres
1102 5069 1193 5124 iacies
1199 5071 1457 5139 sussperuugant,
1466 5070 1597 5140 ttuntque
1610 5068 1845 5138 putelrrredanec

1006 5159 1099 5213 sudor
1114 5158 1248 5212 ‹teitueas
1263 5157 1368 5213 taciem
1383 5157 1470 5211 lavet.
1483 5157 1577 5228 Cujus
1587 5158 1713 5227 figuram
1728 5160 1846 5225 portant

1007 5247 1168 5318 hypocritae
1180 5247 1244 5301 sive
1253 5247 1398 5302 luxuriosi
1413 5250 1500 5316 atque
1511 5245 1603 5313 avari,
1615 5245 1694 5315 quia,
1705 5244 1844 5314 quamvis

1006 5341 1094 5391 vente
1108 5335 1257 5405 superbire
1269 5336 1416 5403 inflentur,
1429 5336 1496 5388 tabe
1508 5334 1634 5388 luxuriae
1645 5332 1840 5396 truculentae,

1006 5425 1138 5480 avaritiae
1157 5426 1260 5479 morbo
1284 5423 1468 5480 offuscentur
1491 5426 1588 5477 tamen
1604 5422 1692 5492 rigidi
1708 5438 1743 5475 ac
1758 5421 1842 5475 vetut

1007 5514 1189 5569 sanctissimi
1206 5514 1236 5567 in
1251 5511 1535 5567 sanctificationibus
1550 5510 1627 5581 tegis
1638 5526 1737 5564 coram
1750 5511 1844 5565 omm-

1006 5602 1065 5657 bus
1080 5602 1217 5657 incedere
1240 5600 1410 5656 homiuibus
1426 5615 1496 5654 sese
1514 5599 1682 5655 ostendunt.
1699 5599 1794 5652 Nocte
1815 5598 1845 5651 iu

1009 5691 1106 5765 aquis,
1116 5691 1163 5744 die
1172 5689 1252 5744 humi
1261 5688 1398 5760 quiescit,
1408 5688 1476 5759 quia
1486 5687 1623 5759 quamvis
1634 5686 1796 5758 hypocrita·
1805 5686 1847 5742 ta·
