<?xml version="1.0" encoding="UTF-8"?>
<!DOCTYPE html PUBLIC "-//W3C//DTD XHTML 1.0 Transitional//EN"
    "http://www.w3.org/TR/xhtml1/DTD/xhtml1-transitional.dtd">
<html xmlns="http://www.w3.org/1999/xhtml" xml:lang="en" lang="en">
 <head>
  <title>
</title>
<meta http-equiv="Content-Type" content="text/html;charset=utf-8" />
  <meta name='ocr-system' content='tesseract 3.04.00' />
  <meta name='ocr-capabilities' content='ocr_page ocr_carea ocr_par ocr_line ocrx_word'/>
</head>
<body>
  <div class='ocr_page' id='page_1' title='image "./patrologiaecurs28unkngoog_0120.png"; bbox 0 0 3796 6022; ppageno 0'>
   <div class='ocr_carea' id='block_1_1' title="bbox 46 243 106 314">
    <p class='ocr_par' dir='ltr' id='par_1_1' title="bbox 46 243 106 314">
     <span class='ocr_line' id='line_1_1' title="bbox 46 243 106 314; baseline 0 0"><span class='ocrx_word' id='word_1_1' title='bbox 46 243 106 314; x_wconf 72' lang='lat'>229</span> 
     </span>
    </p>
   </div>
   <div class='ocr_carea' id='block_1_2' title="bbox 414 230 1777 318">
    <p class='ocr_par' dir='ltr' id='par_1_2' title="bbox 414 230 1777 318">
     <span class='ocr_line' id='line_1_2' title="bbox 414 230 1777 318; baseline 0.004 -12"><span class='ocrx_word' id='word_1_2' title='bbox 414 294 420 306; x_wconf 94' lang='lat'><em>.</em></span> <span class='ocrx_word' id='word_1_3' title='bbox 444 240 781 310; x_wconf 82' lang='lat' dir='ltr'>exeanrrronun</span> <span class='ocrx_word' id='word_1_4' title='bbox 803 240 1002 310; x_wconf 75' lang='lat' dir='ltr'>aaronica</span> <span class='ocrx_word' id='word_1_5' title='bbox 1028 239 1153 308; x_wconf 82' lang='lat' dir='ltr'>uana</span> <span class='ocrx_word' id='word_1_6' title='bbox 1177 242 1377 318; x_wconf 80' lang='lat' dir='ltr'>omarus.</span> <span class='ocrx_word' id='word_1_7' title='bbox 1717 230 1777 312; x_wconf 77' lang='lat' dir='ltr'>aad</span> 
     </span>
    </p>
   </div>
   <div class='ocr_carea' id='block_1_3' title="bbox 46 432 1789 3275">
    <p class='ocr_par' dir='ltr' id='par_1_3' title="bbox 46 432 1789 3275">
     <span class='ocr_line' id='line_1_3' title="bbox 46 432 1777 521; baseline 0.001 -17"><span class='ocrx_word' id='word_1_8' title='bbox 46 450 213 517; x_wconf 78' lang='lat' dir='ltr'>vanientes,</span> <span class='ocrx_word' id='word_1_9' title='bbox 236 451 265 505; x_wconf 89' lang='lat' dir='ltr'>et</span> <span class='ocrx_word' id='word_1_10' title='bbox 285 451 381 504; x_wconf 80' lang='lat' dir='ltr'>castra</span> <span class='ocrx_word' id='word_1_11' title='bbox 400 449 469 519; x_wconf 75' lang='lat' dir='ltr'>Cyri</span> <span class='ocrx_word' id='word_1_12' title='bbox 490 449 596 521; x_wconf 84' lang='lat' dir='ltr'>grandi</span> <span class='ocrx_word' id='word_1_13' title='bbox 617 451 757 519; x_wconf 89' lang='lat' dir='ltr'>apparatu</span> <span class='ocrx_word' id='word_1_14' title='bbox 776 447 884 502; x_wconf 81' lang='lat' dir='ltr'>referta</span> <span class='ocrx_word' id='word_1_15' title='bbox 899 432 929 492; x_wconf 68' lang='grc' dir='ltr'>Α</span> <span class='ocrx_word' id='word_1_16' title='bbox 943 447 973 501; x_wconf 88' lang='lat' dir='ltr'>in</span> <span class='ocrx_word' id='word_1_17' title='bbox 987 461 1095 502; x_wconf 76' lang='lat' dir='ltr'>eranum</span> <span class='ocrx_word' id='word_1_18' title='bbox 1111 463 1219 502; x_wconf 91' lang='lat' dir='ltr'>nonum</span> <span class='ocrx_word' id='word_1_19' title='bbox 1235 447 1317 501; x_wconf 85' lang='lat' dir='ltr'>Oniae</span> <span class='ocrx_word' id='word_1_20' title='bbox 1336 448 1495 517; x_wconf 87' lang='lat' dir='ltr'>pontilicis,</span> <span class='ocrx_word' id='word_1_21' title='bbox 1514 447 1607 518; x_wconf 90' lang='lat' dir='ltr'>quiet</span> <span class='ocrx_word' id='word_1_22' title='bbox 1625 448 1777 505; x_wconf 76' lang='lat' dir='ltr'>Menelaus</span> 
     </span>
     <span class='ocr_line' id='line_1_4' title="bbox 48 535 1779 610; baseline 0 -18"><span class='ocrx_word' id='word_1_23' title='bbox 48 540 236 594; x_wconf 81' lang='lat' dir='ltr'>invenientes</span> <span class='ocrx_word' id='word_1_24' title='bbox 255 537 458 608; x_wconf 91' lang='lat' dir='ltr'>procumbunt,</span> <span class='ocrx_word' id='word_1_25' title='bbox 481 539 568 608; x_wconf 81' lang='lat' dir='ltr'>quasi</span> <span class='ocrx_word' id='word_1_26' title='bbox 586 539 622 591; x_wconf 87' lang='lat' dir='ltr'>ad</span> <span class='ocrx_word' id='word_1_27' title='bbox 642 538 745 607; x_wconf 85' lang='lat' dir='ltr'>epulas</span> <span class='ocrx_word' id='word_1_28' title='bbox 762 536 884 590; x_wconf 89' lang='lat' dir='ltr'>invitati.</span> <span class='ocrx_word' id='word_1_29' title='bbox 945 535 1041 589; x_wconf 90' lang='lat' dir='ltr'>dictus</span> <span class='ocrx_word' id='word_1_30' title='bbox 1058 540 1113 604; x_wconf 88' lang='lat' dir='ltr'>est,</span> <span class='ocrx_word' id='word_1_31' title='bbox 1133 537 1263 590; x_wconf 77' lang='lat' dir='ltr'>cucurrit</span> <span class='ocrx_word' id='word_1_32' title='bbox 1278 552 1330 606; x_wconf 92' lang='lat' dir='ltr'>per</span> <span class='ocrx_word' id='word_1_33' title='bbox 1345 552 1439 590; x_wconf 90' lang='lat' dir='ltr'>annos</span> <span class='ocrx_word' id='word_1_34' title='bbox 1458 540 1600 591; x_wconf 79' lang='lat' dir='ltr'>sexentos</span> <span class='ocrx_word' id='word_1_35' title='bbox 1615 542 1643 591; x_wconf 91' lang='lat' dir='ltr'>ct</span> <span class='ocrx_word' id='word_1_36' title='bbox 1660 537 1779 610; x_wconf 90' lang='lat' dir='ltr'>triginta</span> 
     </span>
     <span class='ocr_line' id='line_1_5' title="bbox 47 625 1779 699; baseline -0.001 -17"><span class='ocrx_word' id='word_1_37' title='bbox 47 629 211 699; x_wconf 76' lang='lat' dir='ltr'>Statimque</span> <span class='ocrx_word' id='word_1_38' title='bbox 236 630 400 681; x_wconf 85' lang='lat' dir='ltr'>revertente</span> <span class='ocrx_word' id='word_1_39' title='bbox 424 628 502 697; x_wconf 68' lang='lat' dir='ltr'>Cyro</span> <span class='ocrx_word' id='word_1_40' title='bbox 527 627 638 696; x_wconf 89' lang='lat' dir='ltr'>pariter</span> <span class='ocrx_word' id='word_1_41' title='bbox 664 627 885 680; x_wconf 78' lang='lat' dir='ltr'>obtruncantur.</span> <span class='ocrx_word' id='word_1_42' title='bbox 945 641 1010 689; x_wconf 87' lang='lat' dir='ltr'>sex,</span> <span class='ocrx_word' id='word_1_43' title='bbox 1023 628 1051 678; x_wconf 91' lang='lat' dir='ltr'>et</span> <span class='ocrx_word' id='word_1_44' title='bbox 1065 640 1118 694; x_wconf 88' lang='lat' dir='ltr'>per</span> <span class='ocrx_word' id='word_1_45' title='bbox 1132 641 1221 695; x_wconf 86' lang='lat' dir='ltr'>reges</span> <span class='ocrx_word' id='word_1_46' title='bbox 1235 625 1355 695; x_wconf 84' lang='lat' dir='ltr'>triginta</span> <span class='ocrx_word' id='word_1_47' title='bbox 1364 641 1479 679; x_wconf 88' lang='lat' dir='ltr'>novem.</span> <span class='ocrx_word' id='word_1_48' title='bbox 1492 626 1567 679; x_wconf 89' lang='lat' dir='ltr'>Ante</span> <span class='ocrx_word' id='word_1_49' title='bbox 1578 625 1779 681; x_wconf 79' lang='lat' dir='ltr'>Alexandrum</span> 
     </span>
     <span class='ocr_line' id='line_1_6' title="bbox 47 713 1780 788; baseline 0 -18"><span class='ocrx_word' id='word_1_50' title='bbox 47 718 186 787; x_wconf 64' lang='lat' dir='ltr'>Tomyris</span> <span class='ocrx_word' id='word_1_51' title='bbox 208 720 304 771; x_wconf 90' lang='lat' dir='ltr'>autem</span> <span class='ocrx_word' id='word_1_52' title='bbox 324 718 427 788; x_wconf 89' lang='lat' dir='ltr'>regina</span> <span class='ocrx_word' id='word_1_53' title='bbox 452 717 600 770; x_wconf 88' lang='lat' dir='ltr'>simulavit</span> <span class='ocrx_word' id='word_1_54' title='bbox 626 715 819 769; x_wconf 84' lang='lat' dir='ltr'>diflidentiam</span> <span class='ocrx_word' id='word_1_55' title='bbox 836 715 888 767; x_wconf 91' lang='lat' dir='ltr'>de-</span> <span class='ocrx_word' id='word_1_56' title='bbox 946 715 995 768; x_wconf 87' lang='lat' dir='ltr'>isti</span> <span class='ocrx_word' id='word_1_57' title='bbox 1005 713 1780 784; x_wconf 58' lang='lat' dir='ltr'>lucranti-eges:&amp;snelrath-anua,Tpriminasffler·</span> 
     </span>
     <span class='ocr_line' id='line_1_7' title="bbox 47 802 1781 877; baseline -0.001 -18"><span class='ocrx_word' id='word_1_58' title='bbox 47 807 220 877; x_wconf 68' lang='lat' dir='ltr'>speratione</span> <span class='ocrx_word' id='word_1_59' title='bbox 237 806 331 860; x_wconf 88' lang='lat' dir='ltr'>cladis</span> <span class='ocrx_word' id='word_1_60' title='bbox 347 806 445 875; x_wconf 79' lang='lat' dir='ltr'>illatae,</span> <span class='ocrx_word' id='word_1_61' title='bbox 463 810 490 860; x_wconf 92' lang='lat' dir='ltr'>et</span> <span class='ocrx_word' id='word_1_62' title='bbox 511 805 626 860; x_wconf 86' lang='lat' dir='ltr'>hostem</span> <span class='ocrx_word' id='word_1_63' title='bbox 641 804 763 858; x_wconf 87' lang='lat' dir='ltr'>victoria</span> <span class='ocrx_word' id='word_1_64' title='bbox 780 819 887 872; x_wconf 89' lang='lat' dir='ltr'>snper·</span> <span class='ocrx_word' id='word_1_65' title='bbox 946 804 1056 867; x_wconf 71' lang='lat' dir='ltr'>«tiaram,</span> <span class='ocrx_word' id='word_1_66' title='bbox 1071 804 1180 873; x_wconf 83' lang='lat' dir='ltr'>Argus,</span> <span class='ocrx_word' id='word_1_67' title='bbox 1194 802 1358 872; x_wconf 84' lang='lat' dir='ltr'>Philippus,</span> <span class='ocrx_word' id='word_1_68' title='bbox 1372 802 1518 872; x_wconf 80' lang='lat' dir='ltr'>Europus,</span> <span class='ocrx_word' id='word_1_69' title='bbox 1530 803 1659 872; x_wconf 77' lang='lat' dir='ltr'>AlectaS,</span> <span class='ocrx_word' id='word_1_70' title='bbox 1672 806 1781 876; x_wconf 75' lang='lat' dir='ltr'>Amyn·</span> 
     </span>
     <span class='ocr_line' id='line_1_8' title="bbox 47 882 1779 964; baseline -0.001 -15"><span class='ocrx_word' id='word_1_71' title='bbox 47 896 117 949; x_wconf 91' lang='lat' dir='ltr'>bum</span> <span class='ocrx_word' id='word_1_72' title='bbox 128 896 165 949; x_wconf 82' lang='lat' dir='ltr'>ad</span> <span class='ocrx_word' id='word_1_73' title='bbox 179 895 447 964; x_wconf 85' lang='lat' dir='ltr'>seevocat,sicque</span> <span class='ocrx_word' id='word_1_74' title='bbox 459 896 488 947; x_wconf 91' lang='lat' dir='ltr'>in</span> <span class='ocrx_word' id='word_1_75' title='bbox 499 895 574 948; x_wconf 86' lang='lat' dir='ltr'>valle</span> <span class='ocrx_word' id='word_1_76' title='bbox 585 893 701 948; x_wconf 79' lang='lat' dir='ltr'>insidiis</span> <span class='ocrx_word' id='word_1_77' title='bbox 713 891 887 962; x_wconf 85' lang='lat' dir='ltr'>compositis</span> <span class='ocrx_word' id='word_1_78' title='bbox 947 896 1001 961; x_wconf 75' lang='lat' dir='ltr'>bns,</span> <span class='ocrx_word' id='word_1_79' title='bbox 1016 882 1183 944; x_wconf 84' lang='lat' dir='ltr'>Alexander</span> <span class='ocrx_word' id='word_1_80' title='bbox 1198 891 1333 961; x_wconf 82' lang='lat' dir='ltr'>blaguus.</span> <span class='ocrx_word' id='word_1_81' title='bbox 1347 892 1438 960; x_wconf 85' lang='lat' dir='ltr'>igitur</span> <span class='ocrx_word' id='word_1_82' title='bbox 1459 892 1584 962; x_wconf 87' lang='lat' dir='ltr'>Magnus</span> <span class='ocrx_word' id='word_1_83' title='bbox 1600 893 1779 964; x_wconf 88' lang='lat' dir='ltr'>Alexander,</span> 
     </span>
     <span class='ocr_line' id='line_1_9' title="bbox 47 980 1781 1052; baseline -0.001 -14"><span class='ocrx_word' id='word_1_84' title='bbox 47 986 176 1039; x_wconf 78' lang='lat' dir='ltr'>ducenta</span> <span class='ocrx_word' id='word_1_85' title='bbox 192 984 350 1037; x_wconf 82' lang='lat' dir='ltr'>Persarum</span> <span class='ocrx_word' id='word_1_86' title='bbox 371 984 459 1036; x_wconf 88' lang='lat' dir='ltr'>millia</span> <span class='ocrx_word' id='word_1_87' title='bbox 476 983 573 1037; x_wconf 89' lang='lat' dir='ltr'>subita</span> <span class='ocrx_word' id='word_1_88' title='bbox 590 982 751 1052; x_wconf 82' lang='lat' dir='ltr'>irruptione</span> <span class='ocrx_word' id='word_1_89' title='bbox 767 981 886 1035; x_wconf 84' lang='lat' dir='ltr'>delerit.</span> <span class='ocrx_word' id='word_1_90' title='bbox 947 997 1012 1034; x_wconf 89' lang='lat' dir='ltr'>cum</span> <span class='ocrx_word' id='word_1_91' title='bbox 1029 981 1202 1034; x_wconf 81' lang='lat' dir='ltr'>vicesimum</span> <span class='ocrx_word' id='word_1_92' title='bbox 1218 980 1312 1033; x_wconf 71' lang='lat' dir='ltr'>¹etatis</span> <span class='ocrx_word' id='word_1_93' title='bbox 1331 984 1431 1051; x_wconf 85' lang='lat' dir='ltr'>ageret</span> <span class='ocrx_word' id='word_1_94' title='bbox 1447 997 1565 1050; x_wconf 81' lang='lat' dir='ltr'>anirum,</span> <span class='ocrx_word' id='word_1_95' title='bbox 1587 997 1711 1052; x_wconf 85' lang='lat' dir='ltr'>regnum</span> <span class='ocrx_word' id='word_1_96' title='bbox 1727 983 1781 1036; x_wconf 90' lang='lat' dir='ltr'>ad-</span> 
     </span>
     <span class='ocr_line' id='line_1_10' title="bbox 47 1068 1781 1142; baseline -0.001 -16"><span class='ocrx_word' id='word_1_97' title='bbox 47 1073 164 1137; x_wconf 84' lang='lat' dir='ltr'>Quibus</span> <span class='ocrx_word' id='word_1_98' title='bbox 180 1073 312 1142; x_wconf 89' lang='lat' dir='ltr'>patratis,</span> <span class='ocrx_word' id='word_1_99' title='bbox 330 1071 422 1142; x_wconf 81' lang='lat' dir='ltr'>jussit</span> <span class='ocrx_word' id='word_1_100' title='bbox 443 1071 510 1142; x_wconf 77' lang='lat' dir='ltr'>Cyri</span> <span class='ocrx_word' id='word_1_101' title='bbox 527 1075 613 1141; x_wconf 90' lang='lat' dir='ltr'>caput</span> <span class='ocrx_word' id='word_1_102' title='bbox 629 1070 783 1140; x_wconf 87' lang='lat' dir='ltr'>amputari,</span> <span class='ocrx_word' id='word_1_103' title='bbox 806 1072 835 1122; x_wconf 91' lang='lat' dir='ltr'>ct</span> <span class='ocrx_word' id='word_1_104' title='bbox 857 1068 887 1121; x_wconf 94' lang='lat' dir='ltr'>in</span> <span class='ocrx_word' id='word_1_105' title='bbox 946 1085 1035 1124; x_wconf 90' lang='lat' dir='ltr'>orsus</span> <span class='ocrx_word' id='word_1_106' title='bbox 1046 1073 1091 1123; x_wconf 91' lang='lat' dir='ltr'>est</span> <span class='ocrx_word' id='word_1_107' title='bbox 1106 1084 1277 1139; x_wconf 87' lang='lat' dir='ltr'>expugnare</span> <span class='ocrx_word' id='word_1_108' title='bbox 1293 1069 1461 1137; x_wconf 84' lang='lat' dir='ltr'>Persarum,</span> <span class='ocrx_word' id='word_1_109' title='bbox 1474 1069 1587 1123; x_wconf 89' lang='lat' dir='ltr'>hahens</span> <span class='ocrx_word' id='word_1_110' title='bbox 1603 1071 1631 1125; x_wconf 92' lang='lat' dir='ltr'>in</span> <span class='ocrx_word' id='word_1_111' title='bbox 1647 1073 1781 1126; x_wconf 87' lang='lat' dir='ltr'>exercitu</span> 
     </span>
     <span class='ocr_line' id='line_1_11' title="bbox 48 1157 1781 1231; baseline -0.001 -16"><span class='ocrx_word' id='word_1_112' title='bbox 48 1164 144 1216; x_wconf 90' lang='lat' dir='ltr'>utrem</span> <span class='ocrx_word' id='word_1_113' title='bbox 171 1161 300 1215; x_wconf 90' lang='lat' dir='ltr'>humano</span> <span class='ocrx_word' id='word_1_114' title='bbox 324 1162 470 1231; x_wconf 88' lang='lat' dir='ltr'>sanguine</span> <span class='ocrx_word' id='word_1_115' title='bbox 492 1161 611 1230; x_wconf 87' lang='lat' dir='ltr'>plenum</span> <span class='ocrx_word' id='word_1_116' title='bbox 635 1159 752 1227; x_wconf 83' lang='lat' dir='ltr'>interii,</span> <span class='ocrx_word' id='word_1_117' title='bbox 779 1159 817 1211; x_wconf 91' lang='lat' dir='ltr'>ita</span> <span class='ocrx_word' id='word_1_118' title='bbox 843 1157 889 1210; x_wconf 92' lang='lat' dir='ltr'>in·</span> <span class='ocrx_word' id='word_1_119' title='bbox 946 1158 1076 1230; x_wconf 92' lang='lat' dir='ltr'>peditum</span> <span class='ocrx_word' id='word_1_120' title='bbox 1099 1158 1217 1228; x_wconf 88' lang='lat' dir='ltr'>triginta</span> <span class='ocrx_word' id='word_1_121' title='bbox 1238 1158 1336 1226; x_wconf 90' lang='lat' dir='ltr'>millia,</span> <span class='ocrx_word' id='word_1_122' title='bbox 1353 1161 1381 1211; x_wconf 88' lang='lat' dir='ltr'>et</span> <span class='ocrx_word' id='word_1_123' title='bbox 1400 1159 1529 1228; x_wconf 90' lang='lat' dir='ltr'>equitum</span> <span class='ocrx_word' id='word_1_124' title='bbox 1550 1164 1675 1229; x_wconf 90' lang='lat' dir='ltr'>quatuor</span> <span class='ocrx_word' id='word_1_125' title='bbox 1690 1160 1781 1214; x_wconf 88' lang='lat' dir='ltr'>millia</span> 
     </span>
     <span class='ocr_line' id='line_1_12' title="bbox 47 1245 1781 1321; baseline -0.001 -17"><span class='ocrx_word' id='word_1_126' title='bbox 47 1249 266 1321; x_wconf 72' lang='lat' dir='ltr'>quienstssatia</span> <span class='ocrx_word' id='word_1_127' title='bbox 274 1250 462 1319; x_wconf 75' lang='lat' dir='ltr'>tesanquine,</span> <span class='ocrx_word' id='word_1_128' title='bbox 472 1266 556 1321; x_wconf 87' lang='lat' dir='ltr'>quem</span> <span class='ocrx_word' id='word_1_129' title='bbox 565 1249 669 1302; x_wconf 86' lang='lat' dir='ltr'>sitisti.</span> <span class='ocrx_word' id='word_1_130' title='bbox 681 1248 886 1318; x_wconf 84' lang='lat' dir='ltr'>ltegnavitquc</span> <span class='ocrx_word' id='word_1_131' title='bbox 947 1247 1138 1318; x_wconf 87' lang='lat' dir='ltr'>quingentos.</span> <span class='ocrx_word' id='word_1_132' title='bbox 1158 1247 1192 1299; x_wconf 78' lang='lat' dir='ltr'>Et</span> <span class='ocrx_word' id='word_1_133' title='bbox 1208 1245 1313 1300; x_wconf 90' lang='lat' dir='ltr'>horum</span> <span class='ocrx_word' id='word_1_134' title='bbox 1329 1246 1480 1316; x_wconf 75' lang='lat' dir='ltr'>agminum</span> <span class='ocrx_word' id='word_1_135' title='bbox 1495 1247 1614 1302; x_wconf 85' lang='lat' dir='ltr'>ordines</span> <span class='ocrx_word' id='word_1_136' title='bbox 1625 1264 1711 1304; x_wconf 89' lang='lat' dir='ltr'>nemo</span> <span class='ocrx_word' id='word_1_137' title='bbox 1722 1248 1781 1304; x_wconf 90' lang='lat' dir='ltr'>uisi</span> 
     </span>
     <span class='ocr_line' id='line_1_13' title="bbox 48 1335 1781 1409; baseline -0.001 -15"><span class='ocrx_word' id='word_1_138' title='bbox 48 1339 333 1409; x_wconf 64' lang='lat' dir='ltr'>Cambysesquiest</span> <span class='ocrx_word' id='word_1_139' title='bbox 343 1340 556 1393; x_wconf 87' lang='lat' dir='ltr'>Artaxerceset</span> <span class='ocrx_word' id='word_1_140' title='bbox 564 1337 821 1392; x_wconf 90' lang='lat' dir='ltr'>Assnerusdietus</span> <span class='ocrx_word' id='word_1_141' title='bbox 829 1339 885 1403; x_wconf 92' lang='lat' dir='ltr'>est,</span> <span class='ocrx_word' id='word_1_142' title='bbox 947 1337 1162 1407; x_wconf 82' lang='lat' dir='ltr'>sexagenarius</span> <span class='ocrx_word' id='word_1_143' title='bbox 1171 1335 1263 1404; x_wconf 89' lang='lat' dir='ltr'>duxit,</span> <span class='ocrx_word' id='word_1_144' title='bbox 1273 1338 1303 1389; x_wconf 91' lang='lat' dir='ltr'>ut</span> <span class='ocrx_word' id='word_1_145' title='bbox 1311 1335 1336 1389; x_wconf 89' lang='lat' dir='ltr'>si</span> <span class='ocrx_word' id='word_1_146' title='bbox 1345 1335 1489 1405; x_wconf 91' lang='lat' dir='ltr'>principia</span> <span class='ocrx_word' id='word_1_147' title='bbox 1501 1341 1665 1391; x_wconf 89' lang='lat' dir='ltr'>castrorum</span> <span class='ocrx_word' id='word_1_148' title='bbox 1676 1353 1781 1393; x_wconf 88' lang='lat' dir='ltr'>cerne-</span> 
     </span>
     <span class='ocr_line' id='line_1_14' title="bbox 49 1425 1781 1498; baseline -0.001 -16"><span class='ocrx_word' id='word_1_149' title='bbox 49 1429 129 1482; x_wconf 85' lang='lat' dir='ltr'>titius</span> <span class='ocrx_word' id='word_1_150' title='bbox 142 1427 211 1498; x_wconf 72' lang='lat' dir='ltr'>ejus</span> <span class='ocrx_word' id='word_1_151' title='bbox 222 1443 275 1497; x_wconf 93' lang='lat' dir='ltr'>pro</span> <span class='ocrx_word' id='word_1_152' title='bbox 292 1443 337 1482; x_wconf 92' lang='lat' dir='ltr'>eo.</span> <span class='ocrx_word' id='word_1_153' title='bbox 355 1427 446 1481; x_wconf 90' lang='lat' dir='ltr'>Porro</span> <span class='ocrx_word' id='word_1_154' title='bbox 456 1426 620 1497; x_wconf 72' lang='lat' dir='ltr'>Cambyses</span> <span class='ocrx_word' id='word_1_155' title='bbox 636 1426 800 1497; x_wconf 76' lang='lat' dir='ltr'>AEgyptum</span> <span class='ocrx_word' id='word_1_156' title='bbox 816 1425 889 1478; x_wconf 90' lang='lat' dir='ltr'>sub·</span> <span class='ocrx_word' id='word_1_157' title='bbox 948 1440 1007 1492; x_wconf 88' lang='lat' dir='ltr'>res,</span> <span class='ocrx_word' id='word_1_158' title='bbox 1025 1427 1202 1478; x_wconf 83' lang='lat' dir='ltr'>senatumte</span> <span class='ocrx_word' id='word_1_159' title='bbox 1217 1439 1339 1477; x_wconf 89' lang='lat' dir='ltr'>eernere</span> <span class='ocrx_word' id='word_1_160' title='bbox 1355 1440 1414 1478; x_wconf 90' lang='lat' dir='ltr'>non</span> <span class='ocrx_word' id='word_1_161' title='bbox 1437 1425 1547 1479; x_wconf 76' lang='lat' dir='ltr'>militiae</span> <span class='ocrx_word' id='word_1_162' title='bbox 1568 1425 1660 1482; x_wconf 90' lang='lat' dir='ltr'>duces</span> <span class='ocrx_word' id='word_1_163' title='bbox 1676 1427 1781 1481; x_wconf 88' lang='lat' dir='ltr'>existi-</span> 
     </span>
     <span class='ocr_line' id='line_1_15' title="bbox 47 1512 1783 1588; baseline 0 -17"><span class='ocrx_word' id='word_1_164' title='bbox 47 1517 176 1588; x_wconf 80' lang='lat' dir='ltr'>jugavit,</span> <span class='ocrx_word' id='word_1_165' title='bbox 190 1532 265 1586; x_wconf 91' lang='lat' dir='ltr'>opus</span> <span class='ocrx_word' id='word_1_166' title='bbox 280 1515 378 1585; x_wconf 89' lang='lat' dir='ltr'>templi</span> <span class='ocrx_word' id='word_1_167' title='bbox 391 1515 526 1583; x_wconf 82' lang='lat' dir='ltr'>inhibuit,</span> <span class='ocrx_word' id='word_1_168' title='bbox 537 1516 601 1586; x_wconf 89' lang='lat' dir='ltr'>ipse</span> <span class='ocrx_word' id='word_1_169' title='bbox 620 1515 772 1569; x_wconf 90' lang='lat' dir='ltr'>secundus</span> <span class='ocrx_word' id='word_1_170' title='bbox 789 1514 890 1568; x_wconf 91' lang='lat' dir='ltr'>Nabu-</span> <span class='ocrx_word' id='word_1_171' title='bbox 947 1529 1055 1567; x_wconf 89' lang='lat' dir='ltr'>mares.</span> <span class='ocrx_word' id='word_1_172' title='bbox 1069 1512 1162 1566; x_wconf 88' lang='lat' dir='ltr'>Nemo</span> <span class='ocrx_word' id='word_1_173' title='bbox 1179 1512 1304 1583; x_wconf 85' lang='lat' dir='ltr'>denique</span> <span class='ocrx_word' id='word_1_174' title='bbox 1318 1513 1436 1566; x_wconf 90' lang='lat' dir='ltr'>illerum</span> <span class='ocrx_word' id='word_1_175' title='bbox 1451 1513 1480 1566; x_wconf 93' lang='lat' dir='ltr'>in</span> <span class='ocrx_word' id='word_1_176' title='bbox 1491 1514 1593 1583; x_wconf 78' lang='lat' dir='ltr'>praelio</span> <span class='ocrx_word' id='word_1_177' title='bbox 1604 1514 1715 1586; x_wconf 82' lang='lat' dir='ltr'>lugam,</span> <span class='ocrx_word' id='word_1_178' title='bbox 1729 1516 1783 1572; x_wconf 88' lang='lat' dir='ltr'>sed</span> 
     </span>
     <span class='ocr_line' id='line_1_16' title="bbox 51 1602 1781 1676; baseline 0 -16"><span class='ocrx_word' id='word_1_179' title='bbox 51 1604 395 1660; x_wconf 83' lang='lat' dir='ltr'>ehodonosoradudrcis</span> <span class='ocrx_word' id='word_1_180' title='bbox 406 1604 578 1674; x_wconf 86' lang='lat' dir='ltr'>appellatur,</span> <span class='ocrx_word' id='word_1_181' title='bbox 598 1606 626 1658; x_wconf 89' lang='lat' dir='ltr'>ct</span> <span class='ocrx_word' id='word_1_182' title='bbox 643 1604 699 1657; x_wconf 90' lang='lat' dir='ltr'>suh</span> <span class='ocrx_word' id='word_1_183' title='bbox 718 1618 753 1657; x_wconf 90' lang='lat' dir='ltr'>eo</span> <span class='ocrx_word' id='word_1_184' title='bbox 768 1603 846 1673; x_wconf 91' lang='lat' dir='ltr'>qood</span> <span class='ocrx_word' id='word_1_185' title='bbox 862 1602 891 1655; x_wconf 88' lang='lat' dir='ltr'>in</span> <span class='ocrx_word' id='word_1_186' title='bbox 948 1602 1102 1656; x_wconf 86' lang='lat' dir='ltr'>victoriam</span> <span class='ocrx_word' id='word_1_187' title='bbox 1118 1603 1267 1672; x_wconf 89' lang='lat' dir='ltr'>cogitavit,</span> <span class='ocrx_word' id='word_1_188' title='bbox 1285 1617 1339 1656; x_wconf 90' lang='lat' dir='ltr'>nec</span> <span class='ocrx_word' id='word_1_189' title='bbox 1360 1603 1389 1654; x_wconf 88' lang='lat' dir='ltr'>in</span> <span class='ocrx_word' id='word_1_190' title='bbox 1405 1602 1531 1671; x_wconf 90' lang='lat' dir='ltr'>pedibus</span> <span class='ocrx_word' id='word_1_191' title='bbox 1547 1603 1684 1674; x_wconf 87' lang='lat' dir='ltr'>cuiquam</span> <span class='ocrx_word' id='word_1_192' title='bbox 1699 1620 1781 1676; x_wconf 88' lang='lat' dir='ltr'>spes,</span> 
     </span>
     <span class='ocr_line' id='line_1_17' title="bbox 50 1690 1781 1763; baseline -0.001 -14"><span class='ocrx_word' id='word_1_193' title='bbox 50 1695 132 1749; x_wconf 78' lang='lat' dir='ltr'>tuan</span> <span class='ocrx_word' id='word_1_194' title='bbox 148 1694 273 1748; x_wconf 88' lang='lat' dir='ltr'>historia</span> <span class='ocrx_word' id='word_1_195' title='bbox 290 1694 455 1747; x_wconf 84' lang='lat' dir='ltr'>continetur</span> <span class='ocrx_word' id='word_1_196' title='bbox 476 1693 583 1746; x_wconf 84' lang='lat' dir='ltr'>tactum</span> <span class='ocrx_word' id='word_1_197' title='bbox 602 1707 670 1746; x_wconf 87' lang='lat' dir='ltr'>esse</span> <span class='ocrx_word' id='word_1_198' title='bbox 690 1694 816 1762; x_wconf 89' lang='lat' dir='ltr'>putatur,</span> <span class='ocrx_word' id='word_1_199' title='bbox 834 1707 892 1761; x_wconf 91' lang='lat' dir='ltr'>que</span> <span class='ocrx_word' id='word_1_200' title='bbox 949 1692 1002 1745; x_wconf 90' lang='lat' dir='ltr'>sed</span> <span class='ocrx_word' id='word_1_201' title='bbox 1015 1691 1043 1744; x_wconf 92' lang='lat' dir='ltr'>in</span> <span class='ocrx_word' id='word_1_202' title='bbox 1059 1691 1178 1744; x_wconf 90' lang='lat' dir='ltr'>lacertis</span> <span class='ocrx_word' id='word_1_203' title='bbox 1193 1690 1256 1744; x_wconf 84' lang='lat' dir='ltr'>tuit.</span> <span class='ocrx_word' id='word_1_204' title='bbox 1265 1690 1357 1744; x_wconf 90' lang='lat' dir='ltr'>Porro</span> <span class='ocrx_word' id='word_1_205' title='bbox 1369 1706 1422 1743; x_wconf 89' lang='lat' dir='ltr'>rex</span> <span class='ocrx_word' id='word_1_206' title='bbox 1431 1691 1536 1745; x_wconf 85' lang='lat' dir='ltr'>Darius</span> <span class='ocrx_word' id='word_1_207' title='bbox 1548 1692 1654 1747; x_wconf 88' lang='lat' dir='ltr'>fiducia</span> <span class='ocrx_word' id='word_1_208' title='bbox 1664 1693 1781 1763; x_wconf 88' lang='lat' dir='ltr'>virium,</span> 
     </span>
     <span class='ocr_line' id='line_1_18' title="bbox 51 1778 1784 1854; baseline 0 -16"><span class='ocrx_word' id='word_1_209' title='bbox 51 1784 216 1838; x_wconf 84' lang='lat' dir='ltr'>decedente</span> <span class='ocrx_word' id='word_1_210' title='bbox 231 1785 429 1854; x_wconf 86' lang='lat' dir='ltr'>regnaverunt</span> <span class='ocrx_word' id='word_1_211' title='bbox 444 1782 502 1835; x_wconf 91' lang='lat' dir='ltr'>duo</span> <span class='ocrx_word' id='word_1_212' title='bbox 513 1782 602 1851; x_wconf 85' lang='lat' dir='ltr'>magi.</span> <span class='ocrx_word' id='word_1_213' title='bbox 615 1780 649 1834; x_wconf 82' lang='lat' dir='ltr'>Et</span> <span class='ocrx_word' id='word_1_214' title='bbox 661 1781 699 1835; x_wconf 88' lang='lat' dir='ltr'>iis</span> <span class='ocrx_word' id='word_1_215' title='bbox 709 1779 893 1848; x_wconf 85' lang='lat' dir='ltr'>interemptis</span> <span class='ocrx_word' id='word_1_216' title='bbox 949 1796 1008 1833; x_wconf 86' lang='lat' dir='ltr'>non</span> <span class='ocrx_word' id='word_1_217' title='bbox 1034 1779 1148 1832; x_wconf 90' lang='lat' dir='ltr'>hostem</span> <span class='ocrx_word' id='word_1_218' title='bbox 1165 1795 1181 1832; x_wconf 91' lang='lat' dir='ltr'>a</span> <span class='ocrx_word' id='word_1_219' title='bbox 1201 1778 1310 1832; x_wconf 86' lang='lat' dir='ltr'>tinibus</span> <span class='ocrx_word' id='word_1_220' title='bbox 1331 1779 1489 1833; x_wconf 88' lang='lat' dir='ltr'>Persarum</span> <span class='ocrx_word' id='word_1_221' title='bbox 1509 1795 1620 1850; x_wconf 87' lang='lat' dir='ltr'>arcere,</span> <span class='ocrx_word' id='word_1_222' title='bbox 1637 1782 1691 1836; x_wconf 89' lang='lat' dir='ltr'>sed</span> <span class='ocrx_word' id='word_1_223' title='bbox 1707 1784 1784 1837; x_wconf 90' lang='lat' dir='ltr'>intra</span> 
     </span>
     <span class='ocr_line' id='line_1_19' title="bbox 52 1867 1784 1941; baseline 0.001 -15"><span class='ocrx_word' id='word_1_224' title='bbox 52 1872 171 1941; x_wconf 84' lang='lat' dir='ltr'>Darius,</span> <span class='ocrx_word' id='word_1_225' title='bbox 185 1872 328 1941; x_wconf 81' lang='lat' dir='ltr'>Antipatri</span> <span class='ocrx_word' id='word_1_226' title='bbox 341 1871 430 1940; x_wconf 86' lang='lat' dir='ltr'>lilius,</span> <span class='ocrx_word' id='word_1_227' title='bbox 443 1886 496 1924; x_wconf 86' lang='lat' dir='ltr'>rex</span> <span class='ocrx_word' id='word_1_228' title='bbox 508 1873 554 1924; x_wconf 87' lang='lat' dir='ltr'>est</span> <span class='ocrx_word' id='word_1_229' title='bbox 565 1869 754 1938; x_wconf 89' lang='lat' dir='ltr'>constitutus,</span> <span class='ocrx_word' id='word_1_230' title='bbox 765 1869 814 1940; x_wconf 92' lang='lat' dir='ltr'>qui</span> <span class='ocrx_word' id='word_1_231' title='bbox 826 1867 893 1937; x_wconf 59' lang='lat' dir='ltr'>Cyri</span> <span class='ocrx_word' id='word_1_232' title='bbox 950 1869 1033 1938; x_wconf 88' lang='lat' dir='ltr'>regni</span> <span class='ocrx_word' id='word_1_233' title='bbox 1050 1869 1148 1921; x_wconf 89' lang='lat' dir='ltr'>sinum</span> <span class='ocrx_word' id='word_1_234' title='bbox 1163 1867 1296 1936; x_wconf 91' lang='lat' dir='ltr'>recipere</span> <span class='ocrx_word' id='word_1_235' title='bbox 1312 1868 1474 1937; x_wconf 83' lang='lat' dir='ltr'>gloriosius</span> <span class='ocrx_word' id='word_1_236' title='bbox 1490 1872 1581 1938; x_wconf 90' lang='lat' dir='ltr'>ratus,</span> <span class='ocrx_word' id='word_1_237' title='bbox 1598 1870 1707 1926; x_wconf 88' lang='lat' dir='ltr'>tlumen</span> <span class='ocrx_word' id='word_1_238' title='bbox 1724 1872 1784 1927; x_wconf 83' lang='lat' dir='ltr'>Eu-</span> 
     </span>
     <span class='ocr_line' id='line_1_20' title="bbox 51 1956 1784 2032; baseline -0.001 -17"><span class='ocrx_word' id='word_1_239' title='bbox 51 1961 134 2032; x_wconf 87' lang='lat' dir='ltr'>regis</span> <span class='ocrx_word' id='word_1_240' title='bbox 151 1961 241 2014; x_wconf 86' lang='lat' dir='ltr'>filiam</span> <span class='ocrx_word' id='word_1_241' title='bbox 258 1960 287 2013; x_wconf 90' lang='lat' dir='ltr'>in</span> <span class='ocrx_word' id='word_1_242' title='bbox 302 1960 519 2013; x_wconf 85' lang='lat' dir='ltr'>matrimonium</span> <span class='ocrx_word' id='word_1_243' title='bbox 537 1959 680 2028; x_wconf 83' lang='lat' dir='ltr'>suscepit,</span> <span class='ocrx_word' id='word_1_244' title='bbox 697 1962 725 2012; x_wconf 90' lang='lat' dir='ltr'>et</span> <span class='ocrx_word' id='word_1_245' title='bbox 741 1956 893 2029; x_wconf 90' lang='lat' dir='ltr'>regalibus</span> <span class='ocrx_word' id='word_1_246' title='bbox 949 1958 1092 2027; x_wconf 89' lang='lat' dir='ltr'>phratem,</span> <span class='ocrx_word' id='word_1_247' title='bbox 1105 1961 1133 2010; x_wconf 90' lang='lat' dir='ltr'>ct</span> <span class='ocrx_word' id='word_1_248' title='bbox 1149 1959 1277 2010; x_wconf 90' lang='lat' dir='ltr'>montem</span> <span class='ocrx_word' id='word_1_249' title='bbox 1287 1956 1397 2009; x_wconf 84' lang='lat' dir='ltr'>Ciliciae</span> <span class='ocrx_word' id='word_1_250' title='bbox 1412 1973 1529 2010; x_wconf 90' lang='lat' dir='ltr'>murum</span> <span class='ocrx_word' id='word_1_251' title='bbox 1549 1957 1631 2012; x_wconf 91' lang='lat' dir='ltr'>illum</span> <span class='ocrx_word' id='word_1_252' title='bbox 1646 1960 1711 2014; x_wconf 90' lang='lat' dir='ltr'>sine</span> <span class='ocrx_word' id='word_1_253' title='bbox 1727 1961 1784 2014; x_wconf 92' lang='lat' dir='ltr'>im-</span> 
     </span>
     <span class='ocr_line' id='line_1_21' title="bbox 52 2045 1783 2120; baseline -0.001 -17"><span class='ocrx_word' id='word_1_254' title='bbox 52 2050 164 2120; x_wconf 90' lang='lat' dir='ltr'>nuptiis</span> <span class='ocrx_word' id='word_1_255' title='bbox 181 2064 307 2119; x_wconf 89' lang='lat' dir='ltr'>regnum</span> <span class='ocrx_word' id='word_1_256' title='bbox 318 2049 377 2102; x_wconf 88' lang='lat' dir='ltr'>sibi</span> <span class='ocrx_word' id='word_1_257' title='bbox 394 2048 530 2118; x_wconf 80' lang='lat' dir='ltr'>firmarit,</span> <span class='ocrx_word' id='word_1_258' title='bbox 548 2049 586 2101; x_wconf 90' lang='lat' dir='ltr'>ita</span> <span class='ocrx_word' id='word_1_259' title='bbox 604 2052 705 2101; x_wconf 90' lang='lat' dir='ltr'>utnon</span> <span class='ocrx_word' id='word_1_260' title='bbox 721 2050 779 2100; x_wconf 89' lang='lat' dir='ltr'>tam</span> <span class='ocrx_word' id='word_1_261' title='bbox 795 2046 824 2099; x_wconf 93' lang='lat' dir='ltr'>in</span> <span class='ocrx_word' id='word_1_262' title='bbox 840 2061 894 2099; x_wconf 88' lang='lat' dir='ltr'>ex·</span> <span class='ocrx_word' id='word_1_263' title='bbox 948 2047 1115 2116; x_wconf 88' lang='lat' dir='ltr'>pedimento</span> <span class='ocrx_word' id='word_1_264' title='bbox 1130 2047 1255 2098; x_wconf 85' lang='lat' dir='ltr'>transire</span> <span class='ocrx_word' id='word_1_265' title='bbox 1271 2045 1413 2114; x_wconf 90' lang='lat' dir='ltr'>permisit,</span> <span class='ocrx_word' id='word_1_266' title='bbox 1431 2061 1465 2099; x_wconf 87' lang='lat' dir='ltr'>ae</span> <span class='ocrx_word' id='word_1_267' title='bbox 1484 2046 1602 2100; x_wconf 90' lang='lat' dir='ltr'>demum</span> <span class='ocrx_word' id='word_1_268' title='bbox 1620 2048 1652 2100; x_wconf 91' lang='lat' dir='ltr'>in</span> <span class='ocrx_word' id='word_1_269' title='bbox 1671 2049 1783 2118; x_wconf 88' lang='lat' dir='ltr'>campis</span> 
     </span>
     <span class='ocr_line' id='line_1_22' title="bbox 51 2133 1783 2209; baseline 0 -17"><span class='ocrx_word' id='word_1_270' title='bbox 51 2143 189 2192; x_wconf 90' lang='lat' dir='ltr'>traneum</span> <span class='ocrx_word' id='word_1_271' title='bbox 204 2153 330 2209; x_wconf 90' lang='lat' dir='ltr'>regnum</span> <span class='ocrx_word' id='word_1_272' title='bbox 341 2137 526 2205; x_wconf 87' lang='lat' dir='ltr'>translatum,</span> <span class='ocrx_word' id='word_1_273' title='bbox 539 2153 627 2208; x_wconf 89' lang='lat' dir='ltr'>quam</span> <span class='ocrx_word' id='word_1_274' title='bbox 642 2133 895 2204; x_wconf 72' lang='lat' dir='ltr'>ininnriliamtlpri</span> <span class='ocrx_word' id='word_1_275' title='bbox 949 2135 1067 2188; x_wconf 87' lang='lat' dir='ltr'>Adrasti</span> <span class='ocrx_word' id='word_1_276' title='bbox 1079 2134 1181 2204; x_wconf 85' lang='lat' dir='ltr'>dirigit</span> <span class='ocrx_word' id='word_1_277' title='bbox 1195 2134 1289 2188; x_wconf 90' lang='lat' dir='ltr'>aciem</span> <span class='ocrx_word' id='word_1_278' title='bbox 1306 2134 1452 2187; x_wconf 87' lang='lat' dir='ltr'>adversus</span> <span class='ocrx_word' id='word_1_279' title='bbox 1467 2149 1544 2188; x_wconf 76' lang='lat' dir='ltr'>eum,</span> <span class='ocrx_word' id='word_1_280' title='bbox 1562 2134 1670 2189; x_wconf 89' lang='lat' dir='ltr'>Habuit</span> <span class='ocrx_word' id='word_1_281' title='bbox 1685 2136 1783 2207; x_wconf 89' lang='lat' dir='ltr'>itaque</span> 
     </span>
     <span class='ocr_line' id='line_1_23' title="bbox 52 2223 1783 2295; baseline 0.001 -15"><span class='ocrx_word' id='word_1_282' title='bbox 52 2227 209 2282; x_wconf 83' lang='lat' dir='ltr'>rideretur</span> <span class='ocrx_word' id='word_1_283' title='bbox 222 2242 386 2280; x_wconf 85' lang='lat' dir='ltr'>reversum.</span> <span class='ocrx_word' id='word_1_284' title='bbox 404 2225 456 2280; x_wconf 85' lang='lat' dir='ltr'>Cui</span> <span class='ocrx_word' id='word_1_285' title='bbox 474 2228 623 2280; x_wconf 82' lang='lat' dir='ltr'>successit</span> <span class='ocrx_word' id='word_1_286' title='bbox 644 2225 778 2284; x_wconf 75' lang='lat' dir='ltr'>Xerxes,</span> <span class='ocrx_word' id='word_1_287' title='bbox 795 2225 844 2295; x_wconf 91' lang='lat' dir='ltr'>qui</span> <span class='ocrx_word' id='word_1_288' title='bbox 865 2225 895 2277; x_wconf 93' lang='lat' dir='ltr'>in</span> <span class='ocrx_word' id='word_1_289' title='bbox 952 2224 1056 2277; x_wconf 89' lang='lat' dir='ltr'>Darius</span> <span class='ocrx_word' id='word_1_290' title='bbox 1073 2223 1102 2277; x_wconf 93' lang='lat' dir='ltr'>in</span> <span class='ocrx_word' id='word_1_291' title='bbox 1118 2238 1152 2276; x_wconf 92' lang='lat' dir='ltr'>ea</span> <span class='ocrx_word' id='word_1_292' title='bbox 1163 2223 1377 2294; x_wconf 86' lang='lat' dir='ltr'>congressione</span> <span class='ocrx_word' id='word_1_293' title='bbox 1393 2226 1532 2276; x_wconf 84' lang='lat' dir='ltr'>sexcenta</span> <span class='ocrx_word' id='word_1_294' title='bbox 1547 2224 1637 2277; x_wconf 90' lang='lat' dir='ltr'>millia</span> <span class='ocrx_word' id='word_1_295' title='bbox 1648 2225 1783 2284; x_wconf 89' lang='lat' dir='ltr'>militum.</span> 
     </span>
     <span class='ocr_line' id='line_1_24' title="bbox 52 2312 1783 2387; baseline -0.001 -17"><span class='ocrx_word' id='word_1_296' title='bbox 52 2316 188 2370; x_wconf 86' lang='lat' dir='ltr'>exercitu</span> <span class='ocrx_word' id='word_1_297' title='bbox 214 2331 269 2370; x_wconf 90' lang='lat' dir='ltr'>suo</span> <span class='ocrx_word' id='word_1_298' title='bbox 291 2315 477 2387; x_wconf 87' lang='lat' dir='ltr'>septingenta</span> <span class='ocrx_word' id='word_1_299' title='bbox 503 2315 592 2369; x_wconf 92' lang='lat' dir='ltr'>millia</span> <span class='ocrx_word' id='word_1_300' title='bbox 608 2317 798 2383; x_wconf 89' lang='lat' dir='ltr'>armatorum,</span> <span class='ocrx_word' id='word_1_301' title='bbox 816 2318 843 2367; x_wconf 91' lang='lat' dir='ltr'>et</span> <span class='ocrx_word' id='word_1_302' title='bbox 860 2314 895 2368; x_wconf 90' lang='lat' dir='ltr'>de</span> <span class='ocrx_word' id='word_1_303' title='bbox 950 2312 1009 2366; x_wconf 85' lang='lat' dir='ltr'>Sed</span> <span class='ocrx_word' id='word_1_304' title='bbox 1031 2316 1089 2365; x_wconf 91' lang='lat' dir='ltr'>tam</span> <span class='ocrx_word' id='word_1_305' title='bbox 1113 2326 1292 2366; x_wconf 89' lang='lat' dir='ltr'>numerosus</span> <span class='ocrx_word' id='word_1_306' title='bbox 1312 2313 1480 2366; x_wconf 85' lang='lat' dir='ltr'>excercitus</span> <span class='ocrx_word' id='word_1_307' title='bbox 1500 2328 1569 2366; x_wconf 92' lang='lat' dir='ltr'>mox</span> <span class='ocrx_word' id='word_1_308' title='bbox 1587 2317 1671 2385; x_wconf 86' lang='lat' dir='ltr'>terga</span> <span class='ocrx_word' id='word_1_309' title='bbox 1686 2315 1783 2387; x_wconf 90' lang='lat' dir='ltr'>vertit,</span> 
     </span>
     <span class='ocr_line' id='line_1_25' title="bbox 54 2400 1785 2475; baseline 0 -16"><span class='ocrx_word' id='word_1_310' title='bbox 54 2405 176 2459; x_wconf 79' lang='lat' dir='ltr'>auxiliis</span> <span class='ocrx_word' id='word_1_311' title='bbox 187 2408 318 2459; x_wconf 88' lang='lat' dir='ltr'>trecenta</span> <span class='ocrx_word' id='word_1_312' title='bbox 328 2404 417 2458; x_wconf 91' lang='lat' dir='ltr'>millia</span> <span class='ocrx_word' id='word_1_313' title='bbox 428 2404 572 2459; x_wconf 76' lang='lat' dir='ltr'>Graeciam</span> <span class='ocrx_word' id='word_1_314' title='bbox 584 2406 810 2475; x_wconf 86' lang='lat' dir='ltr'>expugnaturus</span> <span class='ocrx_word' id='word_1_315' title='bbox 823 2402 896 2474; x_wconf 86' lang='lat' dir='ltr'>legi·</span> <span class='ocrx_word' id='word_1_316' title='bbox 952 2403 1110 2471; x_wconf 88' lang='lat' dir='ltr'>superatus</span> <span class='ocrx_word' id='word_1_317' title='bbox 1126 2417 1185 2455; x_wconf 89' lang='lat' dir='ltr'>uon</span> <span class='ocrx_word' id='word_1_318' title='bbox 1200 2401 1298 2454; x_wconf 89' lang='lat' dir='ltr'>minus</span> <span class='ocrx_word' id='word_1_319' title='bbox 1316 2400 1475 2454; x_wconf 88' lang='lat' dir='ltr'>Alexandri</span> <span class='ocrx_word' id='word_1_320' title='bbox 1493 2404 1564 2470; x_wconf 89' lang='lat' dir='ltr'>arte,</span> <span class='ocrx_word' id='word_1_321' title='bbox 1583 2418 1670 2471; x_wconf 89' lang='lat' dir='ltr'>quam</span> <span class='ocrx_word' id='word_1_322' title='bbox 1686 2403 1785 2459; x_wconf 88' lang='lat' dir='ltr'>Maca·</span> 
     </span>
     <span class='ocr_line' id='line_1_26' title="bbox 53 2489 1785 2562; baseline -0.001 -13"><span class='ocrx_word' id='word_1_323' title='bbox 53 2496 101 2549; x_wconf 89' lang='lat' dir='ltr'>tur</span> <span class='ocrx_word' id='word_1_324' title='bbox 115 2492 273 2548; x_wconf 88' lang='lat' dir='ltr'>habuisse.</span> <span class='ocrx_word' id='word_1_325' title='bbox 292 2493 390 2548; x_wconf 88' lang='lat' dir='ltr'>Naves</span> <span class='ocrx_word' id='word_1_326' title='bbox 402 2495 488 2547; x_wconf 89' lang='lat' dir='ltr'>etiam</span> <span class='ocrx_word' id='word_1_327' title='bbox 499 2496 643 2548; x_wconf 88' lang='lat' dir='ltr'>rostratas</span> <span class='ocrx_word' id='word_1_328' title='bbox 659 2493 738 2546; x_wconf 92' lang='lat' dir='ltr'>mille</span> <span class='ocrx_word' id='word_1_329' title='bbox 753 2493 895 2546; x_wconf 89' lang='lat' dir='ltr'>ducentas</span> <span class='ocrx_word' id='word_1_330' title='bbox 953 2491 1062 2545; x_wconf 89' lang='lat' dir='ltr'>donum</span> <span class='ocrx_word' id='word_1_331' title='bbox 1077 2490 1193 2544; x_wconf 83' lang='lat' dir='ltr'>virtute.</span> <span class='ocrx_word' id='word_1_332' title='bbox 1207 2489 1312 2561; x_wconf 90' lang='lat' dir='ltr'>Magna</span> <span class='ocrx_word' id='word_1_333' title='bbox 1328 2490 1427 2544; x_wconf 77' lang='lat' dir='ltr'>caedes</span> <span class='ocrx_word' id='word_1_334' title='bbox 1438 2489 1597 2545; x_wconf 85' lang='lat' dir='ltr'>Persarum</span> <span class='ocrx_word' id='word_1_335' title='bbox 1611 2493 1640 2545; x_wconf 92' lang='lat' dir='ltr'>in</span> <span class='ocrx_word' id='word_1_336' title='bbox 1656 2507 1692 2546; x_wconf 90' lang='lat' dir='ltr'>eo</span> <span class='ocrx_word' id='word_1_337' title='bbox 1706 2509 1785 2562; x_wconf 82' lang='lat' dir='ltr'>prae-</span> 
     </span>
     <span class='ocr_line' id='line_1_27' title="bbox 55 2578 1788 2652; baseline -0.001 -14"><span class='ocrx_word' id='word_1_338' title='bbox 55 2587 82 2638; x_wconf 73' lang='grc'>11</span> <span class='ocrx_word' id='word_1_339' title='bbox 96 2583 254 2638; x_wconf 88' lang='lat' dir='ltr'>onerarias</span> <span class='ocrx_word' id='word_1_340' title='bbox 269 2583 306 2636; x_wconf 89' lang='lat' dir='ltr'>ad</span> <span class='ocrx_word' id='word_1_341' title='bbox 328 2583 382 2637; x_wconf 91' lang='lat' dir='ltr'>tria</span> <span class='ocrx_word' id='word_1_342' title='bbox 404 2583 510 2650; x_wconf 88' lang='lat' dir='ltr'>millia;</span> <span class='ocrx_word' id='word_1_343' title='bbox 531 2583 584 2636; x_wconf 88' lang='lat' dir='ltr'>sed</span> <span class='ocrx_word' id='word_1_344' title='bbox 607 2585 686 2637; x_wconf 88' lang='lat' dir='ltr'>tanto</span> <span class='ocrx_word' id='word_1_345' title='bbox 705 2582 816 2652; x_wconf 89' lang='lat' dir='ltr'>agmini</span> <span class='ocrx_word' id='word_1_346' title='bbox 837 2582 897 2635; x_wconf 89' lang='lat' dir='ltr'>dux</span> <span class='ocrx_word' id='word_1_347' title='bbox 952 2580 991 2634; x_wconf 93' lang='lat' dir='ltr'>lio</span> <span class='ocrx_word' id='word_1_348' title='bbox 1007 2579 1076 2646; x_wconf 79' lang='lat' dir='ltr'>luit3</span> <span class='ocrx_word' id='word_1_349' title='bbox 1094 2579 1129 2633; x_wconf 90' lang='lat' dir='ltr'>de</span> <span class='ocrx_word' id='word_1_350' title='bbox 1145 2578 1276 2633; x_wconf 87' lang='lat' dir='ltr'>exercitu</span> <span class='ocrx_word' id='word_1_351' title='bbox 1291 2595 1363 2632; x_wconf 83' lang='lat' dir='ltr'>vcro</span> <span class='ocrx_word' id='word_1_352' title='bbox 1380 2579 1538 2633; x_wconf 89' lang='lat' dir='ltr'>Alexandri</span> <span class='ocrx_word' id='word_1_353' title='bbox 1554 2596 1661 2635; x_wconf 87' lang='lat' dir='ltr'>novem</span> <span class='ocrx_word' id='word_1_354' title='bbox 1675 2583 1788 2637; x_wconf 90' lang='lat' dir='ltr'>tantum</span> 
     </span>
     <span class='ocr_line' id='line_1_28' title="bbox 55 2669 1787 2742; baseline -0.001 -15"><span class='ocrx_word' id='word_1_355' title='bbox 55 2671 159 2741; x_wconf 85' lang='lat' dir='ltr'>deluit,</span> <span class='ocrx_word' id='word_1_356' title='bbox 171 2687 240 2725; x_wconf 91' lang='lat' dir='ltr'>nam</span> <span class='ocrx_word' id='word_1_357' title='bbox 255 2687 373 2741; x_wconf 88' lang='lat' dir='ltr'>semper</span> <span class='ocrx_word' id='word_1_358' title='bbox 389 2672 417 2725; x_wconf 92' lang='lat' dir='ltr'>in</span> <span class='ocrx_word' id='word_1_359' title='bbox 432 2672 535 2741; x_wconf 88' lang='lat' dir='ltr'>praelio</span> <span class='ocrx_word' id='word_1_360' title='bbox 546 2675 726 2742; x_wconf 90' lang='lat' dir='ltr'>postremus,</span> <span class='ocrx_word' id='word_1_361' title='bbox 739 2675 767 2724; x_wconf 92' lang='lat' dir='ltr'>et</span> <span class='ocrx_word' id='word_1_362' title='bbox 781 2672 811 2725; x_wconf 91' lang='lat' dir='ltr'>in</span> <span class='ocrx_word' id='word_1_363' title='bbox 827 2670 897 2742; x_wconf 87' lang='lat' dir='ltr'>fuga</span> <span class='ocrx_word' id='word_1_364' title='bbox 953 2669 1088 2723; x_wconf 85' lang='lat' dir='ltr'>cecidere</span> <span class='ocrx_word' id='word_1_365' title='bbox 1104 2669 1229 2738; x_wconf 77' lang='lat' dir='ltr'>pediteS,</span> <span class='ocrx_word' id='word_1_366' title='bbox 1254 2672 1283 2722; x_wconf 91' lang='lat' dir='ltr'>et</span> <span class='ocrx_word' id='word_1_367' title='bbox 1306 2671 1423 2722; x_wconf 90' lang='lat' dir='ltr'>eentum</span> <span class='ocrx_word' id='word_1_368' title='bbox 1447 2669 1551 2739; x_wconf 86' lang='lat' dir='ltr'>viginti</span> <span class='ocrx_word' id='word_1_369' title='bbox 1571 2670 1697 2740; x_wconf 90' lang='lat' dir='ltr'>equites.</span> <span class='ocrx_word' id='word_1_370' title='bbox 1715 2671 1787 2726; x_wconf 88' lang='lat' dir='ltr'>Post</span> 
     </span>
     <span class='ocr_line' id='line_1_29' title="bbox 55 2757 1786 2832; baseline 0.001 -17"><span class='ocrx_word' id='word_1_371' title='bbox 55 2761 172 2832; x_wconf 85' lang='lat' dir='ltr'>primus</span> <span class='ocrx_word' id='word_1_372' title='bbox 187 2760 305 2815; x_wconf 88' lang='lat' dir='ltr'>Xerxes</span> <span class='ocrx_word' id='word_1_373' title='bbox 323 2762 465 2830; x_wconf 91' lang='lat' dir='ltr'>apparuit.</span> <span class='ocrx_word' id='word_1_374' title='bbox 483 2761 566 2814; x_wconf 87' lang='lat' dir='ltr'>Unde</span> <span class='ocrx_word' id='word_1_375' title='bbox 582 2764 647 2815; x_wconf 90' lang='lat' dir='ltr'>ante</span> <span class='ocrx_word' id='word_1_376' title='bbox 664 2760 898 2831; x_wconf 88' lang='lat' dir='ltr'>experimentum</span> <span class='ocrx_word' id='word_1_377' title='bbox 954 2759 1028 2812; x_wconf 92' lang='lat' dir='ltr'>hanc</span> <span class='ocrx_word' id='word_1_378' title='bbox 1039 2758 1191 2811; x_wconf 89' lang='lat' dir='ltr'>victoriam</span> <span class='ocrx_word' id='word_1_379' title='bbox 1204 2757 1299 2828; x_wconf 85' lang='lat' dir='ltr'>maj0r</span> <span class='ocrx_word' id='word_1_380' title='bbox 1312 2773 1381 2826; x_wconf 91' lang='lat' dir='ltr'>pars</span> <span class='ocrx_word' id='word_1_381' title='bbox 1396 2758 1476 2812; x_wconf 80' lang='lat' dir='ltr'>Asioe</span> <span class='ocrx_word' id='word_1_382' title='bbox 1492 2758 1589 2812; x_wconf 89' lang='lat' dir='ltr'>statim</span> <span class='ocrx_word' id='word_1_383' title='bbox 1607 2759 1644 2813; x_wconf 91' lang='lat' dir='ltr'>ad</span> <span class='ocrx_word' id='word_1_384' title='bbox 1656 2760 1786 2817; x_wconf 84' lang='lat' dir='ltr'>Alexan-</span> 
     </span>
     <span class='ocr_line' id='line_1_30' title="bbox 56 2846 1786 2921; baseline 0.001 -17"><span class='ocrx_word' id='word_1_385' title='bbox 56 2849 125 2904; x_wconf 93' lang='lat' dir='ltr'>belli</span> <span class='ocrx_word' id='word_1_386' title='bbox 142 2850 253 2920; x_wconf 90' lang='lat' dir='ltr'>opibus</span> <span class='ocrx_word' id='word_1_387' title='bbox 268 2850 384 2921; x_wconf 88' lang='lat' dir='ltr'>magnis</span> <span class='ocrx_word' id='word_1_388' title='bbox 406 2850 509 2918; x_wconf 83' lang='lat' dir='ltr'>frctus,</span> <span class='ocrx_word' id='word_1_389' title='bbox 527 2853 643 2904; x_wconf 90' lang='lat' dir='ltr'>montes</span> <span class='ocrx_word' id='word_1_390' title='bbox 662 2851 693 2904; x_wconf 91' lang='lat' dir='ltr'>in</span> <span class='ocrx_word' id='word_1_391' title='bbox 709 2850 826 2919; x_wconf 90' lang='lat' dir='ltr'>planum</span> <span class='ocrx_word' id='word_1_392' title='bbox 843 2865 897 2902; x_wconf 92' lang='lat' dir='ltr'>cx·</span> <span class='ocrx_word' id='word_1_393' title='bbox 954 2847 1163 2901; x_wconf 84' lang='lat' dir='ltr'>drumdeleeit.</span> <span class='ocrx_word' id='word_1_394' title='bbox 1175 2846 1786 2920; x_wconf 78' lang='lat' dir='ltr'>Deniqueplurimagessitbellacumprae-</span> 
     </span>
     <span class='ocr_line' id='line_1_31' title="bbox 56 2934 1785 3010; baseline 0 -16"><span class='ocrx_word' id='word_1_395' title='bbox 56 2938 206 3010; x_wconf 71' lang='lat' dir='ltr'>equabat,</span> <span class='ocrx_word' id='word_1_396' title='bbox 222 2940 251 2993; x_wconf 88' lang='lat' dir='ltr'>et</span> <span class='ocrx_word' id='word_1_397' title='bbox 265 2937 356 2993; x_wconf 89' lang='lat' dir='ltr'>maria</span> <span class='ocrx_word' id='word_1_398' title='bbox 370 2939 508 3009; x_wconf 90' lang='lat' dir='ltr'>pontibus</span> <span class='ocrx_word' id='word_1_399' title='bbox 524 2940 675 3007; x_wconf 88' lang='lat' dir='ltr'>onerabat,</span> <span class='ocrx_word' id='word_1_400' title='bbox 693 2942 720 2992; x_wconf 90' lang='lat' dir='ltr'>et</span> <span class='ocrx_word' id='word_1_401' title='bbox 736 2939 897 2993; x_wconf 91' lang='lat' dir='ltr'>immensas</span> <span class='ocrx_word' id='word_1_402' title='bbox 954 2936 1040 2990; x_wconf 84' lang='lat' dir='ltr'>fectis</span> <span class='ocrx_word' id='word_1_403' title='bbox 1052 2936 1140 3004; x_wconf 89' lang='lat' dir='ltr'>Darii,</span> <span class='ocrx_word' id='word_1_404' title='bbox 1154 2951 1231 3006; x_wconf 91' lang='lat' dir='ltr'>quos</span> <span class='ocrx_word' id='word_1_405' title='bbox 1240 2934 1301 3006; x_wconf 83' lang='lat' dir='ltr'>jam</span> <span class='ocrx_word' id='word_1_406' title='bbox 1312 2950 1371 2989; x_wconf 90' lang='lat' dir='ltr'>non</span> <span class='ocrx_word' id='word_1_407' title='bbox 1382 2937 1441 2988; x_wconf 85' lang='lat' dir='ltr'>tarn</span> <span class='ocrx_word' id='word_1_408' title='bbox 1451 2937 1542 2990; x_wconf 89' lang='lat' dir='ltr'>armis</span> <span class='ocrx_word' id='word_1_409' title='bbox 1557 2953 1645 3007; x_wconf 91' lang='lat' dir='ltr'>quam</span> <span class='ocrx_word' id='word_1_410' title='bbox 1656 2940 1785 2994; x_wconf 89' lang='lat' dir='ltr'>nominis</span> 
     </span>
     <span class='ocr_line' id='line_1_32' title="bbox 56 3023 1788 3103; baseline 0.001 -21"><span class='ocrx_word' id='word_1_411' title='bbox 56 3043 204 3100; x_wconf 84' lang='lat' dir='ltr'>aquarum</span> <span class='ocrx_word' id='word_1_412' title='bbox 212 3028 372 3098; x_wconf 87' lang='lat' dir='ltr'>voragines</span> <span class='ocrx_word' id='word_1_413' title='bbox 380 3027 577 3097; x_wconf 89' lang='lat' dir='ltr'>permeabiles</span> <span class='ocrx_word' id='word_1_414' title='bbox 589 3028 723 3096; x_wconf 83' lang='lat' dir='ltr'>iaciebat,</span> <span class='ocrx_word' id='word_1_415' title='bbox 735 3028 789 3082; x_wconf 91' lang='lat' dir='ltr'>sed</span> <span class='ocrx_word' id='word_1_416' title='bbox 800 3028 849 3081; x_wconf 92' lang='lat' dir='ltr'>uhi</span> <span class='ocrx_word' id='word_1_417' title='bbox 861 3028 897 3081; x_wconf 92' lang='lat' dir='ltr'>ad</span> <span class='ocrx_word' id='word_1_418' title='bbox 916 3040 941 3103; x_wconf 79' lang='lat'>0</span> <span class='ocrx_word' id='word_1_419' title='bbox 955 3026 1001 3079; x_wconf 91' lang='lat' dir='ltr'>sui</span> <span class='ocrx_word' id='word_1_420' title='bbox 1017 3028 1145 3079; x_wconf 82' lang='lat' dir='ltr'>terror-re</span> <span class='ocrx_word' id='word_1_421' title='bbox 1161 3023 1321 3093; x_wconf 88' lang='lat' dir='ltr'>superavit.</span> <span class='ocrx_word' id='word_1_422' title='bbox 1335 3023 1399 3077; x_wconf 78' lang='lat' dir='ltr'>tam</span> <span class='ocrx_word' id='word_1_423' title='bbox 1414 3025 1492 3076; x_wconf 89' lang='lat' dir='ltr'>enim</span> <span class='ocrx_word' id='word_1_424' title='bbox 1507 3024 1615 3080; x_wconf 88' lang='lat' dir='ltr'>milites</span> <span class='ocrx_word' id='word_1_425' title='bbox 1626 3026 1788 3083; x_wconf 89' lang='lat' dir='ltr'>Alexandri</span> 
     </span>
     <span class='ocr_line' id='line_1_33' title="bbox 57 3111 1788 3190; baseline 0 -18"><span class='ocrx_word' id='word_1_426' title='bbox 57 3117 227 3190; x_wconf 79' lang='lat' dir='ltr'>angustiae,</span> <span class='ocrx_word' id='word_1_427' title='bbox 244 3116 507 3187; x_wconf 74' lang='lat' dir='ltr'>Thermopylarum</span> <span class='ocrx_word' id='word_1_428' title='bbox 522 3117 664 3186; x_wconf 66' lang='lat' dir='ltr'>persenit,</span> <span class='ocrx_word' id='word_1_429' title='bbox 682 3133 739 3188; x_wconf 90' lang='lat' dir='ltr'>qua</span> <span class='ocrx_word' id='word_1_430' title='bbox 760 3116 897 3171; x_wconf 87' lang='lat' dir='ltr'>introitus</span> <span class='ocrx_word' id='word_1_431' title='bbox 956 3113 1231 3183; x_wconf 89' lang='lat' dir='ltr'>Persicumaurum,</span> <span class='ocrx_word' id='word_1_432' title='bbox 1246 3117 1273 3166; x_wconf 91' lang='lat' dir='ltr'>et</span> <span class='ocrx_word' id='word_1_433' title='bbox 1284 3113 1373 3166; x_wconf 90' lang='lat' dir='ltr'>totius</span> <span class='ocrx_word' id='word_1_434' title='bbox 1384 3111 1511 3166; x_wconf 88' lang='lat' dir='ltr'>Orientis</span> <span class='ocrx_word' id='word_1_435' title='bbox 1521 3127 1593 3182; x_wconf 88' lang='lat' dir='ltr'>opes</span> <span class='ocrx_word' id='word_1_436' title='bbox 1605 3117 1691 3185; x_wconf 91' lang='lat' dir='ltr'>quasi</span> <span class='ocrx_word' id='word_1_437' title='bbox 1703 3131 1788 3172; x_wconf 91' lang='lat' dir='ltr'>suam</span> 
     </span>
     <span class='ocr_line' id='line_1_34' title="bbox 57 3201 1789 3275; baseline -0.001 -13"><span class='ocrx_word' id='word_1_438' title='bbox 57 3206 207 3262; x_wconf 81' lang='lat' dir='ltr'>Graeciam</span> <span class='ocrx_word' id='word_1_439' title='bbox 222 3207 310 3274; x_wconf 87' lang='lat' dir='ltr'>patet,</span> <span class='ocrx_word' id='word_1_440' title='bbox 326 3206 451 3275; x_wconf 89' lang='lat' dir='ltr'>turpiter</span> <span class='ocrx_word' id='word_1_441' title='bbox 460 3208 507 3259; x_wconf 88' lang='lat' dir='ltr'>est</span> <span class='ocrx_word' id='word_1_442' title='bbox 517 3206 661 3273; x_wconf 84' lang='lat' dir='ltr'>devictus,</span> <span class='ocrx_word' id='word_1_443' title='bbox 674 3209 702 3259; x_wconf 92' lang='lat' dir='ltr'>et</span> <span class='ocrx_word' id='word_1_444' title='bbox 713 3222 780 3260; x_wconf 89' lang='lat' dir='ltr'>eum</span> <span class='ocrx_word' id='word_1_445' title='bbox 792 3205 897 3260; x_wconf 91' lang='lat' dir='ltr'>deinde</span> <span class='ocrx_word' id='word_1_446' title='bbox 955 3202 1084 3272; x_wconf 87' lang='lat' dir='ltr'>praedam</span> <span class='ocrx_word' id='word_1_447' title='bbox 1100 3201 1254 3270; x_wconf 90' lang='lat' dir='ltr'>ducebant,</span> <span class='ocrx_word' id='word_1_448' title='bbox 1281 3217 1335 3255; x_wconf 91' lang='lat' dir='ltr'>nec</span> <span class='ocrx_word' id='word_1_449' title='bbox 1360 3201 1428 3255; x_wconf 92' lang='lat' dir='ltr'>belli</span> <span class='ocrx_word' id='word_1_450' title='bbox 1449 3202 1716 3275; x_wconf 86' lang='lat' dir='ltr'>periculorumque,</span> <span class='ocrx_word' id='word_1_451' title='bbox 1733 3206 1789 3261; x_wconf 86' lang='lat' dir='ltr'>sed</span> 
     </span>
    </p>
   </div>
   <div class='ocr_carea' id='block_1_4' title="bbox 58 3294 906 4344">
    <p class='ocr_par' dir='ltr' id='par_1_4' title="bbox 58 3294 906 4344">
     <span class='ocr_line' id='line_1_35' title="bbox 58 3294 898 3365; baseline -0.005 -15"><span class='ocrx_word' id='word_1_452' title='bbox 58 3295 171 3350; x_wconf 81' lang='lat' dir='ltr'>fuisset</span> <span class='ocrx_word' id='word_1_453' title='bbox 183 3294 318 3348; x_wconf 87' lang='lat' dir='ltr'>terrestri</span> <span class='ocrx_word' id='word_1_454' title='bbox 335 3294 490 3365; x_wconf 78' lang='lat' dir='ltr'>navalique</span> <span class='ocrx_word' id='word_1_455' title='bbox 507 3295 609 3364; x_wconf 78' lang='lat' dir='ltr'>praetio</span> <span class='ocrx_word' id='word_1_456' title='bbox 627 3298 795 3364; x_wconf 91' lang='lat' dir='ltr'>superatus,</span> <span class='ocrx_word' id='word_1_457' title='bbox 812 3296 898 3349; x_wconf 91' lang='lat' dir='ltr'>etiam</span> 
     </span>
     <span class='ocr_line' id='line_1_36' title="bbox 58 3383 900 3454; baseline -0.002 -15"><span class='ocrx_word' id='word_1_458' title='bbox 58 3384 125 3439; x_wconf 88' lang='lat' dir='ltr'>auis</span> <span class='ocrx_word' id='word_1_459' title='bbox 138 3384 320 3454; x_wconf 88' lang='lat' dir='ltr'>contemptui</span> <span class='ocrx_word' id='word_1_460' title='bbox 332 3399 402 3438; x_wconf 89' lang='lat' dir='ltr'>esse</span> <span class='ocrx_word' id='word_1_461' title='bbox 412 3384 509 3453; x_wconf 86' lang='lat' dir='ltr'>eoepit.</span> <span class='ocrx_word' id='word_1_462' title='bbox 524 3383 682 3438; x_wconf 80' lang='lat' dir='ltr'>Deficiente</span> <span class='ocrx_word' id='word_1_463' title='bbox 694 3384 790 3454; x_wconf 90' lang='lat' dir='ltr'>itaque</span> <span class='ocrx_word' id='word_1_464' title='bbox 801 3384 900 3454; x_wconf 91' lang='lat' dir='ltr'>quoti-</span> 
     </span>
     <span class='ocr_line' id='line_1_37' title="bbox 59 3470 900 3544; baseline -0.004 -16"><span class='ocrx_word' id='word_1_465' title='bbox 59 3474 107 3528; x_wconf 91' lang='lat' dir='ltr'>die</span> <span class='ocrx_word' id='word_1_466' title='bbox 123 3472 248 3544; x_wconf 89' lang='lat' dir='ltr'>regiain</span> <span class='ocrx_word' id='word_1_467' title='bbox 261 3488 297 3527; x_wconf 91' lang='lat' dir='ltr'>eo</span> <span class='ocrx_word' id='word_1_468' title='bbox 308 3472 473 3544; x_wconf 66' lang='lat' dir='ltr'>maiestate,</span> <span class='ocrx_word' id='word_1_469' title='bbox 483 3472 651 3526; x_wconf 77' lang='lat' dir='ltr'>Artabanus</span> <span class='ocrx_word' id='word_1_470' title='bbox 663 3472 821 3542; x_wconf 71' lang='lat' dir='ltr'>praefectus</span> <span class='ocrx_word' id='word_1_471' title='bbox 833 3470 900 3543; x_wconf 81' lang='lat' dir='ltr'>ejus</span> 
     </span>
     <span class='ocr_line' id='line_1_38' title="bbox 60 3559 901 3631; baseline -0.005 -14"><span class='ocrx_word' id='word_1_472' title='bbox 60 3577 129 3617; x_wconf 90' lang='lat' dir='ltr'>eum</span> <span class='ocrx_word' id='word_1_473' title='bbox 144 3559 303 3615; x_wconf 81' lang='lat' dir='ltr'>interfecit.</span> <span class='ocrx_word' id='word_1_474' title='bbox 320 3561 469 3616; x_wconf 89' lang='lat' dir='ltr'>Artabano</span> <span class='ocrx_word' id='word_1_475' title='bbox 481 3562 672 3629; x_wconf 87' lang='lat' dir='ltr'>Artaxerxes,</span> <span class='ocrx_word' id='word_1_476' title='bbox 683 3561 733 3631; x_wconf 92' lang='lat' dir='ltr'>qui</span> <span class='ocrx_word' id='word_1_477' title='bbox 744 3564 772 3614; x_wconf 91' lang='lat' dir='ltr'>et</span> <span class='ocrx_word' id='word_1_478' title='bbox 788 3561 901 3631; x_wconf 85' lang='lat' dir='ltr'>Longi-</span> 
     </span>
     <span class='ocr_line' id='line_1_39' title="bbox 62 3649 901 3720; baseline -0.001 -16"><span class='ocrx_word' id='word_1_479' title='bbox 62 3650 348 3718; x_wconf 83' lang='lat' dir='ltr'>manus,successit.</span> <span class='ocrx_word' id='word_1_480' title='bbox 357 3649 646 3719; x_wconf 88' lang='lat' dir='ltr'>lpseestAssuerus,</span> <span class='ocrx_word' id='word_1_481' title='bbox 660 3650 717 3705; x_wconf 92' lang='lat' dir='ltr'>sub</span> <span class='ocrx_word' id='word_1_482' title='bbox 726 3649 901 3720; x_wconf 81' lang='lat' dir='ltr'>quolaetum</span> 
     </span>
     <span class='ocr_line' id='line_1_40' title="bbox 63 3737 902 3810; baseline -0.002 -16"><span class='ocrx_word' id='word_1_483' title='bbox 63 3742 110 3794; x_wconf 89' lang='lat' dir='ltr'>est</span> <span class='ocrx_word' id='word_1_484' title='bbox 127 3739 208 3810; x_wconf 88' lang='lat' dir='ltr'>quod</span> <span class='ocrx_word' id='word_1_485' title='bbox 220 3738 249 3792; x_wconf 91' lang='lat' dir='ltr'>in</span> <span class='ocrx_word' id='word_1_486' title='bbox 266 3737 373 3792; x_wconf 87' lang='lat' dir='ltr'>Esther</span> <span class='ocrx_word' id='word_1_487' title='bbox 387 3738 510 3793; x_wconf 87' lang='lat' dir='ltr'>historia</span> <span class='ocrx_word' id='word_1_488' title='bbox 523 3740 698 3793; x_wconf 90' lang='lat' dir='ltr'>continetur.</span> <span class='ocrx_word' id='word_1_489' title='bbox 712 3739 802 3793; x_wconf 91' lang='lat' dir='ltr'>Porro</span> <span class='ocrx_word' id='word_1_490' title='bbox 815 3741 902 3792; x_wconf 89' lang='lat' dir='ltr'>Arta-</span> 
     </span>
     <span class='ocr_line' id='line_1_41' title="bbox 63 3826 904 3898; baseline -0.001 -15"><span class='ocrx_word' id='word_1_491' title='bbox 63 3829 151 3883; x_wconf 86' lang='lat' dir='ltr'>xerxi</span> <span class='ocrx_word' id='word_1_492' title='bbox 167 3827 352 3898; x_wconf 81' lang='lat' dir='ltr'>Lenginrano</span> <span class='ocrx_word' id='word_1_493' title='bbox 373 3829 523 3882; x_wconf 87' lang='lat' dir='ltr'>suecessit</span> <span class='ocrx_word' id='word_1_494' title='bbox 541 3827 670 3894; x_wconf 75' lang='lat' dir='ltr'>Xerxes,</span> <span class='ocrx_word' id='word_1_495' title='bbox 696 3826 858 3896; x_wconf 85' lang='lat' dir='ltr'>secundus,</span> <span class='ocrx_word' id='word_1_496' title='bbox 876 3833 904 3882; x_wconf 88' lang='lat' dir='ltr'>et</span> 
     </span>
     <span class='ocr_line' id='line_1_42' title="bbox 64 3916 903 3988; baseline -0.002 -15"><span class='ocrx_word' id='word_1_497' title='bbox 64 3918 161 3973; x_wconf 85' lang='lat' dir='ltr'>Xerxi</span> <span class='ocrx_word' id='word_1_498' title='bbox 175 3916 310 3971; x_wconf 89' lang='lat' dir='ltr'>secundo</span> <span class='ocrx_word' id='word_1_499' title='bbox 325 3916 504 3988; x_wconf 87' lang='lat' dir='ltr'>Sogdianus,</span> <span class='ocrx_word' id='word_1_500' title='bbox 517 3919 545 3970; x_wconf 89' lang='lat' dir='ltr'>et</span> <span class='ocrx_word' id='word_1_501' title='bbox 560 3917 711 3988; x_wconf 83' lang='lat' dir='ltr'>Sogdiano</span> <span class='ocrx_word' id='word_1_502' title='bbox 728 3917 836 3971; x_wconf 88' lang='lat' dir='ltr'>Darius</span> <span class='ocrx_word' id='word_1_503' title='bbox 852 3935 903 3971; x_wconf 92' lang='lat' dir='ltr'>no-</span> 
     </span>
     <span class='ocr_line' id='line_1_43' title="bbox 65 4005 902 4077; baseline -0.006 -14"><span class='ocrx_word' id='word_1_504' title='bbox 65 4009 148 4063; x_wconf 71' lang='lat' dir='ltr'>thus,</span> <span class='ocrx_word' id='word_1_505' title='bbox 162 4006 296 4077; x_wconf 87' lang='lat' dir='ltr'>Denique</span> <span class='ocrx_word' id='word_1_506' title='bbox 305 4009 372 4075; x_wconf 89' lang='lat' dir='ltr'>post</span> <span class='ocrx_word' id='word_1_507' title='bbox 387 4007 450 4060; x_wconf 90' lang='lat' dir='ltr'>haec</span> <span class='ocrx_word' id='word_1_508' title='bbox 462 4006 612 4076; x_wconf 70' lang='lat' dir='ltr'>AEgyptus</span> <span class='ocrx_word' id='word_1_509' title='bbox 624 4022 639 4059; x_wconf 90' lang='lat' dir='ltr'>a</span> <span class='ocrx_word' id='word_1_510' title='bbox 651 4005 752 4059; x_wconf 90' lang='lat' dir='ltr'>Persis</span> <span class='ocrx_word' id='word_1_511' title='bbox 764 4007 902 4076; x_wconf 86' lang='lat' dir='ltr'>recessit,</span> 
     </span>
     <span class='ocr_line' id='line_1_44' title="bbox 66 4093 906 4166; baseline 0 -17"><span class='ocrx_word' id='word_1_512' title='bbox 66 4099 95 4149; x_wconf 89' lang='lat' dir='ltr'>et</span> <span class='ocrx_word' id='word_1_513' title='bbox 106 4095 245 4166; x_wconf 89' lang='lat' dir='ltr'>proprios</span> <span class='ocrx_word' id='word_1_514' title='bbox 257 4109 346 4165; x_wconf 90' lang='lat' dir='ltr'>reges</span> <span class='ocrx_word' id='word_1_515' title='bbox 355 4093 465 4148; x_wconf 88' lang='lat' dir='ltr'>habere</span> <span class='ocrx_word' id='word_1_516' title='bbox 477 4094 574 4164; x_wconf 89' lang='lat' dir='ltr'>coepit.</span> <span class='ocrx_word' id='word_1_517' title='bbox 587 4095 673 4148; x_wconf 87' lang='lat' dir='ltr'>Dario</span> <span class='ocrx_word' id='word_1_518' title='bbox 686 4094 776 4148; x_wconf 91' lang='lat' dir='ltr'>notho</span> <span class='ocrx_word' id='word_1_519' title='bbox 786 4111 906 4149; x_wconf 90' lang='lat' dir='ltr'>succes·</span> 
     </span>
     <span class='ocr_line' id='line_1_45' title="bbox 66 4182 905 4253; baseline -0.004 -14"><span class='ocrx_word' id='word_1_520' title='bbox 66 4185 105 4239; x_wconf 89' lang='lat' dir='ltr'>sit</span> <span class='ocrx_word' id='word_1_521' title='bbox 117 4186 301 4238; x_wconf 82' lang='lat' dir='ltr'>Artaxerxes</span> <span class='ocrx_word' id='word_1_522' title='bbox 309 4183 357 4253; x_wconf 90' lang='lat' dir='ltr'>qui</span> <span class='ocrx_word' id='word_1_523' title='bbox 371 4185 398 4236; x_wconf 90' lang='lat' dir='ltr'>et</span> <span class='ocrx_word' id='word_1_524' title='bbox 407 4182 545 4251; x_wconf 88' lang='lat' dir='ltr'>Mnenon,</span> <span class='ocrx_word' id='word_1_525' title='bbox 561 4187 589 4236; x_wconf 88' lang='lat' dir='ltr'>et</span> <span class='ocrx_word' id='word_1_526' title='bbox 602 4186 669 4253; x_wconf 91' lang='lat' dir='ltr'>post</span> <span class='ocrx_word' id='word_1_527' title='bbox 678 4183 905 4237; x_wconf 90' lang='lat' dir='ltr'>huncArtaxar-</span> 
     </span>
     <span class='ocr_line' id='line_1_46' title="bbox 66 4255 906 4344; baseline -0.002 -16"><span class='ocrx_word' id='word_1_528' title='bbox 66 4289 122 4328; x_wconf 83' lang='lat' dir='ltr'>xes</span> <span class='ocrx_word' id='word_1_529' title='bbox 136 4273 189 4344; x_wconf 87' lang='lat' dir='ltr'>qni</span> <span class='ocrx_word' id='word_1_530' title='bbox 204 4275 232 4326; x_wconf 93' lang='lat' dir='ltr'>et</span> <span class='ocrx_word' id='word_1_531' title='bbox 245 4272 356 4326; x_wconf 90' lang='lat' dir='ltr'>Ochus.</span> <span class='ocrx_word' id='word_1_532' title='bbox 370 4271 441 4325; x_wconf 89' lang='lat' dir='ltr'>Post</span> <span class='ocrx_word' id='word_1_533' title='bbox 455 4272 519 4326; x_wconf 81' lang='lat' dir='ltr'>haec</span> <span class='ocrx_word' id='word_1_534' title='bbox 531 4255 639 4325; x_wconf 75' lang='lat' dir='ltr'>Ochus</span> <span class='ocrx_word' id='word_1_535' title='bbox 647 4271 767 4326; x_wconf 87' lang='lat' dir='ltr'>Nechao</span> <span class='ocrx_word' id='word_1_536' title='bbox 781 4271 906 4343; x_wconf 71' lang='lat' dir='ltr'>AEgypti</span> 
     </span>
    </p>
   </div>
   <div class='ocr_carea' id='block_1_5' title="bbox 955 3290 1793 4345">
    <p class='ocr_par' dir='ltr' id='par_1_5' title="bbox 955 3290 1793 4345">
     <span class='ocr_line' id='line_1_47' title="bbox 955 3290 1786 3350; baseline 0.008 -6"><span class='ocrx_word' id='word_1_537' title='bbox 955 3290 1129 3345; x_wconf 85' lang='lat' dir='ltr'>devitiarum</span> <span class='ocrx_word' id='word_1_538' title='bbox 1137 3290 1338 3345; x_wconf 88' lang='lat' dir='ltr'>meminerant.</span> <span class='ocrx_word' id='word_1_539' title='bbox 1348 3291 1588 3346; x_wconf 87' lang='lat' dir='ltr'>Posthaecautem</span> <span class='ocrx_word' id='word_1_540' title='bbox 1600 3293 1706 3350; x_wconf 85' lang='lat' dir='ltr'>Darius</span> <span class='ocrx_word' id='word_1_541' title='bbox 1718 3310 1786 3350; x_wconf 88' lang='lat' dir='ltr'>eum</span> 
     </span>
     <span class='ocr_line' id='line_1_48' title="bbox 955 3379 1789 3451; baseline 0.008 -17"><span class='ocrx_word' id='word_1_542' title='bbox 955 3379 1180 3451; x_wconf 87' lang='lat' dir='ltr'>quadringentis</span> <span class='ocrx_word' id='word_1_543' title='bbox 1195 3379 1325 3434; x_wconf 86' lang='lat' dir='ltr'>millibus</span> <span class='ocrx_word' id='word_1_544' title='bbox 1340 3381 1479 3450; x_wconf 91' lang='lat' dir='ltr'>peditum,</span> <span class='ocrx_word' id='word_1_545' title='bbox 1492 3385 1521 3435; x_wconf 88' lang='lat' dir='ltr'>et</span> <span class='ocrx_word' id='word_1_546' title='bbox 1531 3386 1648 3437; x_wconf 89' lang='lat' dir='ltr'>centum</span> <span class='ocrx_word' id='word_1_547' title='bbox 1657 3383 1789 3442; x_wconf 88' lang='lat' dir='ltr'>millibus</span> 
     </span>
     <span class='ocr_line' id='line_1_49' title="bbox 955 3469 1787 3545; baseline 0.008 -23"><span class='ocrx_word' id='word_1_548' title='bbox 955 3469 1087 3539; x_wconf 92' lang='lat' dir='ltr'>equitum</span> <span class='ocrx_word' id='word_1_549' title='bbox 1100 3469 1131 3522; x_wconf 91' lang='lat' dir='ltr'>in</span> <span class='ocrx_word' id='word_1_550' title='bbox 1146 3469 1239 3522; x_wconf 90' lang='lat' dir='ltr'>aciem</span> <span class='ocrx_word' id='word_1_551' title='bbox 1255 3469 1396 3539; x_wconf 88' lang='lat' dir='ltr'>procedit.</span> <span class='ocrx_word' id='word_1_552' title='bbox 1413 3470 1547 3524; x_wconf 89' lang='lat' dir='ltr'>Occurrit</span> <span class='ocrx_word' id='word_1_553' title='bbox 1566 3472 1592 3525; x_wconf 89' lang='lat' dir='ltr'>ei</span> <span class='ocrx_word' id='word_1_554' title='bbox 1608 3472 1787 3545; x_wconf 87' lang='lat' dir='ltr'>Alexander,</span> 
     </span>
     <span class='ocr_line' id='line_1_50' title="bbox 956 3554 1789 3630; baseline 0.01 -19"><span class='ocrx_word' id='word_1_555' title='bbox 956 3562 984 3612; x_wconf 92' lang='lat' dir='ltr'>et</span> <span class='ocrx_word' id='word_1_556' title='bbox 1007 3558 1197 3611; x_wconf 89' lang='lat' dir='ltr'>committitur</span> <span class='ocrx_word' id='word_1_557' title='bbox 1217 3557 1352 3628; x_wconf 82' lang='lat' dir='ltr'>praelium</span> <span class='ocrx_word' id='word_1_558' title='bbox 1376 3554 1547 3630; x_wconf 80' lang='lat' dir='ltr'>ingentibus</span> <span class='ocrx_word' id='word_1_559' title='bbox 1565 3562 1683 3618; x_wconf 81' lang='lat' dir='ltr'>animis,</span> <span class='ocrx_word' id='word_1_560' title='bbox 1701 3565 1733 3617; x_wconf 95' lang='lat' dir='ltr'>ln</span> <span class='ocrx_word' id='word_1_561' title='bbox 1754 3579 1789 3619; x_wconf 89' lang='lat' dir='ltr'>eo</span> 
     </span>
     <span class='ocr_line' id='line_1_51' title="bbox 957 3646 1790 3718; baseline 0.01 -18"><span class='ocrx_word' id='word_1_562' title='bbox 957 3646 1060 3716; x_wconf 85' lang='lat' dir='ltr'>praelio</span> <span class='ocrx_word' id='word_1_563' title='bbox 1081 3650 1205 3718; x_wconf 89' lang='lat' dir='ltr'>uterque</span> <span class='ocrx_word' id='word_1_564' title='bbox 1227 3662 1280 3701; x_wconf 88' lang='lat' dir='ltr'>rex</span> <span class='ocrx_word' id='word_1_565' title='bbox 1304 3649 1491 3716; x_wconf 83' lang='lat' dir='ltr'>vulneratur,</span> <span class='ocrx_word' id='word_1_566' title='bbox 1514 3653 1542 3704; x_wconf 92' lang='lat' dir='ltr'>et</span> <span class='ocrx_word' id='word_1_567' title='bbox 1563 3651 1663 3706; x_wconf 89' lang='lat' dir='ltr'>tandiu</span> <span class='ocrx_word' id='word_1_568' title='bbox 1693 3656 1790 3709; x_wconf 80' lang='lat' dir='ltr'>umen</span> 
     </span>
     <span class='ocr_line' id='line_1_52' title="bbox 958 3735 1790 3813; baseline 0.008 -23"><span class='ocrx_word' id='word_1_569' title='bbox 958 3751 1068 3805; x_wconf 88' lang='lat' dir='ltr'>anceps</span> <span class='ocrx_word' id='word_1_570' title='bbox 1094 3735 1147 3790; x_wconf 87' lang='lat' dir='ltr'>suit</span> <span class='ocrx_word' id='word_1_571' title='bbox 1171 3737 1267 3806; x_wconf 89' lang='lat' dir='ltr'>quoad</span> <span class='ocrx_word' id='word_1_572' title='bbox 1289 3736 1404 3807; x_wconf 87' lang='lat' dir='ltr'>lugeret</span> <span class='ocrx_word' id='word_1_573' title='bbox 1420 3738 1536 3792; x_wconf 76' lang='lat' dir='ltr'>Darius,</span> <span class='ocrx_word' id='word_1_574' title='bbox 1554 3739 1667 3794; x_wconf 82' lang='lat' dir='ltr'>Exinde</span> <span class='ocrx_word' id='word_1_575' title='bbox 1683 3758 1790 3813; x_wconf 86' lang='lat' dir='ltr'>magna</span> 
     </span>
     <span class='ocr_line' id='line_1_53' title="bbox 959 3824 1790 3895; baseline 0.007 -16"><span class='ocrx_word' id='word_1_576' title='bbox 959 3825 1057 3879; x_wconf 81' lang='lat' dir='ltr'>caedes</span> <span class='ocrx_word' id='word_1_577' title='bbox 1074 3824 1232 3880; x_wconf 90' lang='lat' dir='ltr'>Persarum</span> <span class='ocrx_word' id='word_1_578' title='bbox 1247 3830 1348 3880; x_wconf 91' lang='lat' dir='ltr'>secuta</span> <span class='ocrx_word' id='word_1_579' title='bbox 1365 3830 1420 3895; x_wconf 90' lang='lat' dir='ltr'>est,</span> <span class='ocrx_word' id='word_1_580' title='bbox 1433 3843 1512 3881; x_wconf 88' lang='lat' dir='ltr'>caesa</span> <span class='ocrx_word' id='word_1_581' title='bbox 1524 3828 1601 3882; x_wconf 90' lang='lat' dir='ltr'>enim</span> <span class='ocrx_word' id='word_1_582' title='bbox 1617 3833 1686 3884; x_wconf 90' lang='lat' dir='ltr'>sunt</span> <span class='ocrx_word' id='word_1_583' title='bbox 1700 3847 1790 3886; x_wconf 88' lang='lat' dir='ltr'>sexa-</span> 
     </span>
     <span class='ocr_line' id='line_1_54' title="bbox 958 3913 1791 3988; baseline 0.011 -22"><span class='ocrx_word' id='word_1_584' title='bbox 958 3915 1039 3986; x_wconf 88' lang='lat' dir='ltr'>ginta</span> <span class='ocrx_word' id='word_1_585' title='bbox 1054 3913 1143 3967; x_wconf 90' lang='lat' dir='ltr'>millia</span> <span class='ocrx_word' id='word_1_586' title='bbox 1165 3918 1193 3967; x_wconf 90' lang='lat' dir='ltr'>ct</span> <span class='ocrx_word' id='word_1_587' title='bbox 1212 3931 1303 3969; x_wconf 88' lang='lat' dir='ltr'>unum</span> <span class='ocrx_word' id='word_1_588' title='bbox 1325 3916 1464 3985; x_wconf 89' lang='lat' dir='ltr'>peditum,</span> <span class='ocrx_word' id='word_1_589' title='bbox 1492 3920 1520 3970; x_wconf 90' lang='lat' dir='ltr'>et</span> <span class='ocrx_word' id='word_1_590' title='bbox 1542 3919 1672 3988; x_wconf 85' lang='lat' dir='ltr'>equiturn</span> <span class='ocrx_word' id='word_1_591' title='bbox 1688 3920 1791 3976; x_wconf 90' lang='lat' dir='ltr'>decem</span> 
     </span>
     <span class='ocr_line' id='line_1_55' title="bbox 959 4003 1791 4075; baseline 0.01 -19"><span class='ocrx_word' id='word_1_592' title='bbox 959 4003 1058 4069; x_wconf 91' lang='lat' dir='ltr'>millia,</span> <span class='ocrx_word' id='word_1_593' title='bbox 1086 4008 1169 4072; x_wconf 90' lang='lat' dir='ltr'>capta</span> <span class='ocrx_word' id='word_1_594' title='bbox 1193 4004 1387 4075; x_wconf 88' lang='lat' dir='ltr'>quadraginta</span> <span class='ocrx_word' id='word_1_595' title='bbox 1411 4006 1510 4060; x_wconf 90' lang='lat' dir='ltr'>millia.</span> <span class='ocrx_word' id='word_1_596' title='bbox 1538 4006 1560 4060; x_wconf 79' lang='lat' dir='ltr'>l]</span> <span class='ocrx_word' id='word_1_597' title='bbox 1580 4007 1791 4064; x_wconf 88' lang='lat' dir='ltr'>Macedcnibus</span> 
     </span>
     <span class='ocr_line' id='line_1_56' title="bbox 960 4091 1791 4170; baseline 0.011 -25"><span class='ocrx_word' id='word_1_598' title='bbox 960 4091 1094 4145; x_wconf 89' lang='lat' dir='ltr'>cecidere</span> <span class='ocrx_word' id='word_1_599' title='bbox 1122 4092 1237 4161; x_wconf 89' lang='lat' dir='ltr'>pedites</span> <span class='ocrx_word' id='word_1_600' title='bbox 1266 4096 1382 4146; x_wconf 86' lang='lat' dir='ltr'>centum</span> <span class='ocrx_word' id='word_1_601' title='bbox 1409 4097 1437 4147; x_wconf 89' lang='lat' dir='ltr'>et</span> <span class='ocrx_word' id='word_1_602' title='bbox 1465 4095 1598 4166; x_wconf 84' lang='lat' dir='ltr'>triginta,</span> <span class='ocrx_word' id='word_1_603' title='bbox 1625 4101 1653 4151; x_wconf 91' lang='lat' dir='ltr'>et</span> <span class='ocrx_word' id='word_1_604' title='bbox 1675 4101 1791 4170; x_wconf 89' lang='lat' dir='ltr'>equites</span> 
     </span>
     <span class='ocr_line' id='line_1_57' title="bbox 961 4180 1793 4252; baseline 0.011 -19"><span class='ocrx_word' id='word_1_605' title='bbox 961 4180 1297 4252; x_wconf 88' lang='lat' dir='ltr'>centumquadraginta.</span> <span class='ocrx_word' id='word_1_606' title='bbox 1319 4181 1351 4233; x_wconf 94' lang='lat' dir='ltr'>ln</span> <span class='ocrx_word' id='word_1_607' title='bbox 1371 4183 1478 4236; x_wconf 88' lang='lat' dir='ltr'>eastris</span> <span class='ocrx_word' id='word_1_608' title='bbox 1496 4184 1653 4239; x_wconf 87' lang='lat' dir='ltr'>Persarum</span> <span class='ocrx_word' id='word_1_609' title='bbox 1669 4189 1793 4242; x_wconf 90' lang='lat' dir='ltr'>multum</span> 
     </span>
     <span class='ocr_line' id='line_1_58' title="bbox 960 4270 1793 4345; baseline 0.008 -21"><span class='ocrx_word' id='word_1_610' title='bbox 960 4270 1023 4324; x_wconf 89' lang='lat' dir='ltr'>auri</span> <span class='ocrx_word' id='word_1_611' title='bbox 1038 4273 1066 4322; x_wconf 92' lang='lat' dir='ltr'>et</span> <span class='ocrx_word' id='word_1_612' title='bbox 1082 4273 1255 4324; x_wconf 83' lang='lat' dir='ltr'>caeterarum</span> <span class='ocrx_word' id='word_1_613' title='bbox 1271 4286 1358 4339; x_wconf 91' lang='lat' dir='ltr'>opum</span> <span class='ocrx_word' id='word_1_614' title='bbox 1373 4272 1523 4339; x_wconf 88' lang='lat' dir='ltr'>inventurn</span> <span class='ocrx_word' id='word_1_615' title='bbox 1540 4278 1603 4345; x_wconf 73' lang='lat' dir='ltr'>est,</span> <span class='ocrx_word' id='word_1_616' title='bbox 1611 4278 1640 4329; x_wconf 93' lang='lat' dir='ltr'>et</span> <span class='ocrx_word' id='word_1_617' title='bbox 1654 4276 1730 4331; x_wconf 91' lang='lat' dir='ltr'>inter</span> <span class='ocrx_word' id='word_1_618' title='bbox 1745 4293 1793 4331; x_wconf 91' lang='lat' dir='ltr'>ea-</span> 
     </span>
    </p>
   </div>
   <div class='ocr_carea' id='block_1_6' title="bbox 66 4358 1791 4436">
    <p class='ocr_par' dir='ltr' id='par_1_6' title="bbox 66 4358 1791 4436">
     <span class='ocr_line' id='line_1_59' title="bbox 66 4358 1791 4436; baseline 0 -17"><span class='ocrx_word' id='word_1_619' title='bbox 66 4379 139 4436; x_wconf 86' lang='lat' dir='ltr'>rege</span> <span class='ocrx_word' id='word_1_620' title='bbox 154 4363 187 4416; x_wconf 89' lang='lat' dir='ltr'>in</span> <span class='ocrx_word' id='word_1_621' title='bbox 203 4361 385 4431; x_wconf 82' lang='lat' dir='ltr'>AEthiopiam</span> <span class='ocrx_word' id='word_1_622' title='bbox 399 4361 496 4431; x_wconf 90' lang='lat' dir='ltr'>pulso,</span> <span class='ocrx_word' id='word_1_623' title='bbox 519 4361 683 4431; x_wconf 64' lang='lat' dir='ltr'>AEgyptum</span> <span class='ocrx_word' id='word_1_624' title='bbox 706 4363 903 4431; x_wconf 85' lang='lat' dir='ltr'>recuperarit,</span> <span class='ocrx_word' id='word_1_625' title='bbox 919 4362 945 4423; x_wconf 89' lang='lat' dir='ltr'>D</span> <span class='ocrx_word' id='word_1_626' title='bbox 961 4360 1090 4411; x_wconf 89' lang='lat' dir='ltr'>strorum</span> <span class='ocrx_word' id='word_1_627' title='bbox 1110 4358 1242 4427; x_wconf 89' lang='lat' dir='ltr'>captivos</span> <span class='ocrx_word' id='word_1_628' title='bbox 1263 4362 1346 4427; x_wconf 89' lang='lat' dir='ltr'>captu</span> <span class='ocrx_word' id='word_1_629' title='bbox 1366 4361 1412 4413; x_wconf 89' lang='lat' dir='ltr'>est</span> <span class='ocrx_word' id='word_1_630' title='bbox 1430 4359 1509 4413; x_wconf 87' lang='lat' dir='ltr'>Darii</span> <span class='ocrx_word' id='word_1_631' title='bbox 1533 4365 1635 4432; x_wconf 91' lang='lat' dir='ltr'>mater,</span> <span class='ocrx_word' id='word_1_632' title='bbox 1657 4368 1686 4419; x_wconf 93' lang='lat' dir='ltr'>et</span> <span class='ocrx_word' id='word_1_633' title='bbox 1704 4381 1791 4436; x_wconf 86' lang='lat' dir='ltr'>uxor,</span> 
     </span>
    </p>
   </div>
   <div class='ocr_carea' id='block_1_7' title="bbox 66 4450 904 4971">
    <p class='ocr_par' dir='ltr' id='par_1_7' title="bbox 66 4450 904 4971">
     <span class='ocr_line' id='line_1_60' title="bbox 66 4450 904 4521; baseline -0.005 -14"><span class='ocrx_word' id='word_1_634' title='bbox 66 4457 94 4507; x_wconf 89' lang='lat' dir='ltr'>et</span> <span class='ocrx_word' id='word_1_635' title='bbox 109 4452 221 4507; x_wconf 89' lang='lat' dir='ltr'>exinde</span> <span class='ocrx_word' id='word_1_636' title='bbox 235 4466 332 4521; x_wconf 89' lang='lat' dir='ltr'>usque</span> <span class='ocrx_word' id='word_1_637' title='bbox 347 4450 382 4504; x_wconf 87' lang='lat' dir='ltr'>ad</span> <span class='ocrx_word' id='word_1_638' title='bbox 399 4450 598 4504; x_wconf 88' lang='lat' dir='ltr'>Alexandrum</span> <span class='ocrx_word' id='word_1_639' title='bbox 609 4450 748 4521; x_wconf 85' lang='lat' dir='ltr'>Magnum</span> <span class='ocrx_word' id='word_1_640' title='bbox 760 4450 862 4504; x_wconf 85' lang='lat' dir='ltr'>Persae</span> <span class='ocrx_word' id='word_1_641' title='bbox 874 4451 904 4503; x_wconf 94' lang='lat' dir='ltr'>in</span> 
     </span>
     <span class='ocr_line' id='line_1_61' title="bbox 67 4538 899 4613; baseline -0.006 -17"><span class='ocrx_word' id='word_1_642' title='bbox 67 4542 201 4613; x_wconf 72' lang='lat' dir='ltr'>AEgypto</span> <span class='ocrx_word' id='word_1_643' title='bbox 213 4543 422 4611; x_wconf 86' lang='lat' dir='ltr'>regnaverunt,</span> <span class='ocrx_word' id='word_1_644' title='bbox 440 4540 484 4592; x_wconf 86' lang='lat' dir='ltr'>sic</span> <span class='ocrx_word' id='word_1_645' title='bbox 497 4538 607 4607; x_wconf 88' lang='lat' dir='ltr'>Ochus,</span> <span class='ocrx_word' id='word_1_646' title='bbox 621 4540 710 4593; x_wconf 88' lang='lat' dir='ltr'>Atses</span> <span class='ocrx_word' id='word_1_647' title='bbox 721 4539 793 4593; x_wconf 83' lang='lat' dir='ltr'>Ochi</span> <span class='ocrx_word' id='word_1_648' title='bbox 808 4540 899 4609; x_wconf 79' lang='lat' dir='ltr'>fitius,</span> 
     </span>
     <span class='ocr_line' id='line_1_62' title="bbox 69 4627 904 4699; baseline -0.005 -13"><span class='ocrx_word' id='word_1_649' title='bbox 69 4631 177 4685; x_wconf 86' lang='lat' dir='ltr'>Darius</span> <span class='ocrx_word' id='word_1_650' title='bbox 193 4629 279 4684; x_wconf 80' lang='lat' dir='ltr'>Arsis</span> <span class='ocrx_word' id='word_1_651' title='bbox 296 4627 385 4696; x_wconf 84' lang='lat' dir='ltr'>lilius,</span> <span class='ocrx_word' id='word_1_652' title='bbox 405 4628 573 4682; x_wconf 87' lang='lat' dir='ltr'>Alexander</span> <span class='ocrx_word' id='word_1_653' title='bbox 588 4629 725 4699; x_wconf 84' lang='lat' dir='ltr'>Magnus.</span> <span class='ocrx_word' id='word_1_654' title='bbox 742 4628 800 4682; x_wconf 79' lang='lat' dir='ltr'>Sed</span> <span class='ocrx_word' id='word_1_655' title='bbox 822 4632 904 4682; x_wconf 90' lang='lat' dir='ltr'>ante-</span> 
     </span>
     <span class='ocr_line' id='line_1_63' title="bbox 67 4717 904 4791; baseline -0.004 -17"><span class='ocrx_word' id='word_1_656' title='bbox 67 4736 157 4791; x_wconf 87' lang='lat' dir='ltr'>quam</span> <span class='ocrx_word' id='word_1_657' title='bbox 172 4719 208 4773; x_wconf 92' lang='lat' dir='ltr'>ad</span> <span class='ocrx_word' id='word_1_658' title='bbox 225 4717 378 4771; x_wconf 90' lang='lat' dir='ltr'>Persicum</span> <span class='ocrx_word' id='word_1_659' title='bbox 390 4717 508 4784; x_wconf 84' lang='lat' dir='ltr'>bellurn,</span> <span class='ocrx_word' id='word_1_660' title='bbox 522 4720 549 4771; x_wconf 91' lang='lat' dir='ltr'>et</span> <span class='ocrx_word' id='word_1_661' title='bbox 561 4721 645 4788; x_wconf 85' lang='lat' dir='ltr'>gesta</span> <span class='ocrx_word' id='word_1_662' title='bbox 662 4717 821 4771; x_wconf 86' lang='lat' dir='ltr'>Alexandri</span> <span class='ocrx_word' id='word_1_663' title='bbox 835 4734 904 4771; x_wconf 89' lang='lat' dir='ltr'>nar-</span> 
     </span>
     <span class='ocr_line' id='line_1_64' title="bbox 68 4806 904 4877; baseline -0.004 -15"><span class='ocrx_word' id='word_1_664' title='bbox 68 4807 316 4874; x_wconf 85' lang='lat' dir='ltr'>randaaecedam,</span> <span class='ocrx_word' id='word_1_665' title='bbox 327 4808 511 4877; x_wconf 84' lang='lat' dir='ltr'>priusorturn</span> <span class='ocrx_word' id='word_1_666' title='bbox 521 4808 604 4877; x_wconf 87' lang='lat' dir='ltr'>regni</span> <span class='ocrx_word' id='word_1_667' title='bbox 616 4806 795 4860; x_wconf 73' lang='lat' dir='ltr'>Macedoniae</span> <span class='ocrx_word' id='word_1_668' title='bbox 806 4806 833 4859; x_wconf 92' lang='lat' dir='ltr'>in</span> <span class='ocrx_word' id='word_1_669' title='bbox 848 4822 904 4877; x_wconf 91' lang='lat' dir='ltr'>qua</span> 
     </span>
     <span class='ocr_line' id='line_1_65' title="bbox 66 4895 904 4971; baseline -0.004 -18"><span class='ocrx_word' id='word_1_670' title='bbox 66 4899 197 4971; x_wconf 90' lang='lat' dir='ltr'>primum</span> <span class='ocrx_word' id='word_1_671' title='bbox 213 4897 277 4966; x_wconf 91' lang='lat' dir='ltr'>ipse</span> <span class='ocrx_word' id='word_1_672' title='bbox 294 4895 462 4950; x_wconf 89' lang='lat' dir='ltr'>Alexander</span> <span class='ocrx_word' id='word_1_673' title='bbox 476 4897 622 4967; x_wconf 84' lang='lat' dir='ltr'>regnarit,</span> <span class='ocrx_word' id='word_1_674' title='bbox 642 4895 745 4965; x_wconf 91' lang='lat' dir='ltr'>paucis</span> <span class='ocrx_word' id='word_1_675' title='bbox 765 4895 904 4964; x_wconf 89' lang='lat' dir='ltr'>expedire</span> 
     </span>
    </p>
   </div>
   <div class='ocr_carea' id='block_1_8' title="bbox 66 4984 264 5057">
    <p class='ocr_par' dir='ltr' id='par_1_8' title="bbox 66 4984 264 5057">
     <span class='ocr_line' id='line_1_66' title="bbox 66 4984 264 5057; baseline -0.015 -14"><span class='ocrx_word' id='word_1_676' title='bbox 66 4985 180 5043; x_wconf 90' lang='lat' dir='ltr'>curabo</span> <span class='ocrx_word' id='word_1_677' title='bbox 196 4984 264 5057; x_wconf 77' lang='grc'>(36).</span> 
     </span>
    </p>
   </div>
   <div class='ocr_carea' id='block_1_9' title="bbox 225 5126 749 5200">
    <p class='ocr_par' dir='ltr' id='par_1_9' title="bbox 225 5126 749 5200">
     <span class='ocr_line' id='line_1_67' title="bbox 225 5126 749 5200; baseline -0.002 -17"><span class='ocrx_word' id='word_1_678' title='bbox 225 5127 296 5183; x_wconf 82' lang='lat' dir='ltr'>Car.</span> <span class='ocrx_word' id='word_1_679' title='bbox 313 5126 361 5182; x_wconf 83' lang='lat' dir='ltr'>Vl.</span> <span class='ocrx_word' id='word_1_680' title='bbox 379 5127 423 5183; x_wconf 85' lang='lat' dir='ltr'>De</span> <span class='ocrx_word' id='word_1_681' title='bbox 438 5144 531 5200; x_wconf 76' lang='lat' dir='ltr'>ragno</span> <span class='ocrx_word' id='word_1_682' title='bbox 545 5127 749 5182; x_wconf 81' lang='lat' dir='ltr'>Macedonem.</span> 
     </span>
    </p>
   </div>
   <div class='ocr_carea' id='block_1_10' title="bbox 102 5251 905 5328">
    <p class='ocr_par' dir='ltr' id='par_1_10' title="bbox 102 5251 905 5328">
     <span class='ocr_line' id='line_1_68' title="bbox 102 5251 905 5328; baseline -0.006 -16"><span class='ocrx_word' id='word_1_683' title='bbox 102 5256 244 5328; x_wconf 82' lang='lat' dir='ltr'>Regnum</span> <span class='ocrx_word' id='word_1_684' title='bbox 260 5251 452 5307; x_wconf 86' lang='lat' dir='ltr'>Macedonum</span> <span class='ocrx_word' id='word_1_685' title='bbox 468 5251 525 5306; x_wconf 90' lang='lat' dir='ltr'>sub</span> <span class='ocrx_word' id='word_1_686' title='bbox 540 5252 653 5309; x_wconf 81' lang='lat' dir='ltr'>Cranno</span> <span class='ocrx_word' id='word_1_687' title='bbox 668 5252 762 5323; x_wconf 89' lang='lat' dir='ltr'>primo</span> <span class='ocrx_word' id='word_1_688' title='bbox 772 5267 905 5325; x_wconf 88' lang='lat' dir='ltr'>regeex-</span> 
     </span>
    </p>
   </div>
   <div class='ocr_carea' id='block_1_11' title="bbox 65 5340 905 5414">
    <p class='ocr_par' dir='ltr' id='par_1_11' title="bbox 65 5340 905 5414">
     <span class='ocr_line' id='line_1_69' title="bbox 65 5340 905 5414; baseline -0.006 -12"><span class='ocrx_word' id='word_1_689' title='bbox 65 5348 163 5402; x_wconf 89' lang='lat' dir='ltr'>ertum</span> <span class='ocrx_word' id='word_1_690' title='bbox 174 5342 211 5398; x_wconf 91' lang='lat' dir='ltr'>ad</span> <span class='ocrx_word' id='word_1_691' title='bbox 222 5341 390 5398; x_wconf 89' lang='lat' dir='ltr'>annotertio</span> <span class='ocrx_word' id='word_1_692' title='bbox 402 5340 600 5398; x_wconf 85' lang='lat' dir='ltr'>decimoOaiae</span> <span class='ocrx_word' id='word_1_693' title='bbox 612 5341 692 5413; x_wconf 86' lang='lat' dir='ltr'>regis</span> <span class='ocrx_word' id='word_1_694' title='bbox 707 5340 791 5397; x_wconf 80' lang='lat' dir='ltr'>tudae</span> <span class='ocrx_word' id='word_1_695' title='bbox 800 5358 905 5414; x_wconf 79' lang='lat' dir='ltr'>usqum</span> 
     </span>
    </p>
   </div>
   <div class='ocr_carea' id='block_1_12' title="bbox 66 5448 905 5722">
    <p class='ocr_par' dir='ltr' id='par_1_12' title="bbox 66 5448 905 5722">
     <span class='ocr_line' id='line_1_70' title="bbox 100 5448 905 5608; baseline -0.009 -27"><span class='ocrx_word' id='word_1_696' title='bbox 100 5522 162 5596; x_wconf 59' lang='grc' dir='ltr'>(Μ)</span> <span class='ocrx_word' id='word_1_697' title='bbox 180 5520 254 5578; x_wconf 90' lang='lat' dir='ltr'>Post</span> <span class='ocrx_word' id='word_1_698' title='bbox 268 5519 500 5608; x_wconf 78' lang='lat' dir='ltr'>Sardanapalum</span> <span class='ocrx_word' id='word_1_699' title='bbox 515 5517 603 5603; x_wconf 78' lang='lat' dir='ltr'>coepit</span> <span class='ocrx_word' id='word_1_700' title='bbox 617 5448 771 5576; x_wconf 65' lang='lat' dir='ltr'>Medohum</span> <span class='ocrx_word' id='word_1_701' title='bbox 784 5520 812 5575; x_wconf 88' lang='lat' dir='ltr'>et</span> <span class='ocrx_word' id='word_1_702' title='bbox 832 5517 905 5574; x_wconf 91' lang='lat' dir='ltr'>Par·</span> 
     </span>
     <span class='ocr_line' id='line_1_71' title="bbox 66 5590 905 5722; baseline -0.006 -70"><span class='ocrx_word' id='word_1_703' title='bbox 66 5609 172 5652; x_wconf 83' lang='lat' dir='ltr'>aarum</span> <span class='ocrx_word' id='word_1_704' title='bbox 189 5591 363 5649; x_wconf 80' lang='lat' dir='ltr'>monarchia</span> <span class='ocrx_word' id='word_1_705' title='bbox 377 5591 513 5722; x_wconf 73' lang='lat' dir='ltr'>bqrarhta</span> <span class='ocrx_word' id='word_1_706' title='bbox 530 5591 608 5646; x_wconf 82' lang='lat' dir='ltr'>anter</span> <span class='ocrx_word' id='word_1_707' title='bbox 618 5590 721 5647; x_wconf 88' lang='lat' dir='ltr'>Medos</span> <span class='ocrx_word' id='word_1_708' title='bbox 732 5592 761 5646; x_wconf 90' lang='lat' dir='ltr'>et</span> <span class='ocrx_word' id='word_1_709' title='bbox 776 5590 905 5662; x_wconf 78' lang='lat' dir='ltr'>Babylo-</span> 
     </span>
    </p>
   </div>
   <div class='ocr_carea' id='block_1_13' title="bbox 67 5662 903 5740">
    <p class='ocr_par' dir='ltr' id='par_1_13' title="bbox 67 5662 903 5740">
     <span class='ocr_line' id='line_1_72' title="bbox 67 5662 903 5740; baseline -0.005 -13"><span class='ocrx_word' id='word_1_710' title='bbox 67 5669 145 5728; x_wconf 84' lang='lat' dir='ltr'>nios.</span> <span class='ocrx_word' id='word_1_711' title='bbox 163 5664 277 5724; x_wconf 63' lang='lat' dir='ltr'>minda</span> <span class='ocrx_word' id='word_1_712' title='bbox 291 5665 386 5723; x_wconf 85' lang='lat' dir='ltr'>recita</span> <span class='ocrx_word' id='word_1_713' title='bbox 415 5665 456 5722; x_wconf 88' lang='lat' dir='ltr'>uit</span> <span class='ocrx_word' id='word_1_714' title='bbox 471 5662 528 5722; x_wconf 85' lang='lat' dir='ltr'>aab</span> <span class='ocrx_word' id='word_1_715' title='bbox 543 5663 638 5740; x_wconf 85' lang='lat' dir='ltr'>primo</span> <span class='ocrx_word' id='word_1_716' title='bbox 654 5663 740 5740; x_wconf 76' lang='lat' dir='ltr'>Cyre,</span> <span class='ocrx_word' id='word_1_717' title='bbox 761 5665 789 5722; x_wconf 88' lang='lat' dir='ltr'>et</span> <span class='ocrx_word' id='word_1_718' title='bbox 804 5662 903 5724; x_wconf 84' lang='lat' dir='ltr'>Dario.</span> 
     </span>
    </p>
   </div>
   <div class='ocr_carea' id='block_1_14' title="bbox 961 4445 1818 5417">
    <p class='ocr_par' dir='ltr' id='par_1_14' title="bbox 961 4445 1818 5417">
     <span class='ocr_line' id='line_1_73' title="bbox 962 4445 1793 4521; baseline 0.013 -22"><span class='ocrx_word' id='word_1_719' title='bbox 962 4445 1156 4517; x_wconf 80' lang='lat' dir='ltr'>ejusdemque</span> <span class='ocrx_word' id='word_1_720' title='bbox 1172 4462 1268 4514; x_wconf 90' lang='lat' dir='ltr'>soror,</span> <span class='ocrx_word' id='word_1_721' title='bbox 1289 4449 1318 4499; x_wconf 88' lang='lat' dir='ltr'>et</span> <span class='ocrx_word' id='word_1_722' title='bbox 1333 4447 1398 4501; x_wconf 80' lang='lat' dir='ltr'>duae</span> <span class='ocrx_word' id='word_1_723' title='bbox 1415 4448 1493 4501; x_wconf 84' lang='lat' dir='ltr'>Darii</span> <span class='ocrx_word' id='word_1_724' title='bbox 1509 4450 1587 4518; x_wconf 85' lang='lat' dir='ltr'>filiae,</span> <span class='ocrx_word' id='word_1_725' title='bbox 1605 4468 1729 4521; x_wconf 84' lang='lat' dir='ltr'>quarum</span> <span class='ocrx_word' id='word_1_726' title='bbox 1743 4469 1793 4509; x_wconf 87' lang='lat' dir='ltr'>re-</span> 
     </span>
     <span class='ocr_line' id='line_1_74' title="bbox 962 4535 1793 4611; baseline 0.01 -22"><span class='ocrx_word' id='word_1_727' title='bbox 962 4535 1168 4605; x_wconf 88' lang='lat' dir='ltr'>demptionem,</span> <span class='ocrx_word' id='word_1_728' title='bbox 1186 4535 1282 4589; x_wconf 88' lang='lat' dir='ltr'>oblata</span> <span class='ocrx_word' id='word_1_729' title='bbox 1297 4536 1383 4589; x_wconf 87' lang='lat' dir='ltr'>etiam</span> <span class='ocrx_word' id='word_1_730' title='bbox 1399 4536 1516 4590; x_wconf 87' lang='lat' dir='ltr'>dimidia</span> <span class='ocrx_word' id='word_1_731' title='bbox 1528 4540 1611 4609; x_wconf 88' lang='lat' dir='ltr'>regni</span> <span class='ocrx_word' id='word_1_732' title='bbox 1623 4545 1715 4611; x_wconf 89' lang='lat' dir='ltr'>parte,</span> <span class='ocrx_word' id='word_1_733' title='bbox 1734 4542 1793 4597; x_wconf 83' lang='lat' dir='ltr'>Da-</span> 
     </span>
     <span class='ocr_line' id='line_1_75' title="bbox 962 4624 1793 4687; baseline 0.011 -9"><span class='ocrx_word' id='word_1_734' title='bbox 962 4625 1024 4678; x_wconf 92' lang='lat' dir='ltr'>rius</span> <span class='ocrx_word' id='word_1_735' title='bbox 1048 4640 1107 4678; x_wconf 90' lang='lat' dir='ltr'>non</span> <span class='ocrx_word' id='word_1_736' title='bbox 1127 4624 1260 4678; x_wconf 90' lang='lat' dir='ltr'>obtinuit.</span> <span class='ocrx_word' id='word_1_737' title='bbox 1285 4624 1352 4678; x_wconf 89' lang='lat' dir='ltr'>lllns</span> <span class='ocrx_word' id='word_1_738' title='bbox 1377 4628 1472 4679; x_wconf 86' lang='lat' dir='ltr'>tamen</span> <span class='ocrx_word' id='word_1_739' title='bbox 1495 4627 1663 4682; x_wconf 90' lang='lat' dir='ltr'>Alexander</span> <span class='ocrx_word' id='word_1_740' title='bbox 1689 4631 1793 4687; x_wconf 89' lang='lat' dir='ltr'>haberi</span> 
     </span>
     <span class='ocr_line' id='line_1_76' title="bbox 961 4712 1794 4784; baseline 0.012 -18"><span class='ocrx_word' id='word_1_741' title='bbox 961 4712 1037 4782; x_wconf 89' lang='lat' dir='ltr'>apud</span> <span class='ocrx_word' id='word_1_742' title='bbox 1055 4716 1128 4767; x_wconf 90' lang='lat' dir='ltr'>sent</span> <span class='ocrx_word' id='word_1_743' title='bbox 1143 4714 1262 4784; x_wconf 87' lang='lat' dir='ltr'>reginas</span> <span class='ocrx_word' id='word_1_744' title='bbox 1277 4715 1426 4784; x_wconf 81' lang='lat' dir='ltr'>praecepit,</span> <span class='ocrx_word' id='word_1_745' title='bbox 1446 4715 1562 4769; x_wconf 90' lang='lat' dir='ltr'>tiliabus</span> <span class='ocrx_word' id='word_1_746' title='bbox 1573 4733 1631 4771; x_wconf 92' lang='lat' dir='ltr'>non</span> <span class='ocrx_word' id='word_1_747' title='bbox 1643 4720 1794 4776; x_wconf 89' lang='lat' dir='ltr'>sordidius</span> 
     </span>
     <span class='ocr_line' id='line_1_77' title="bbox 962 4802 1795 4878; baseline 0.012 -23"><span class='ocrx_word' id='word_1_748' title='bbox 962 4802 1179 4856; x_wconf 89' lang='lat' dir='ltr'>matrimonium</span> <span class='ocrx_word' id='word_1_749' title='bbox 1201 4803 1341 4874; x_wconf 86' lang='lat' dir='ltr'>dignitate</span> <span class='ocrx_word' id='word_1_750' title='bbox 1363 4805 1455 4873; x_wconf 91' lang='lat' dir='ltr'>patris</span> <span class='ocrx_word' id='word_1_751' title='bbox 1470 4820 1590 4874; x_wconf 89' lang='lat' dir='ltr'>sperare</span> <span class='ocrx_word' id='word_1_752' title='bbox 1603 4806 1705 4878; x_wconf 81' lang='lat' dir='ltr'>jhssit.</span> <span class='ocrx_word' id='word_1_753' title='bbox 1724 4808 1795 4864; x_wconf 85' lang='lat' dir='ltr'>Post</span> 
     </span>
     <span class='ocr_line' id='line_1_78' title="bbox 962 4891 1794 4963; baseline 0.012 -18"><span class='ocrx_word' id='word_1_754' title='bbox 962 4891 1027 4946; x_wconf 68' lang='lat' dir='ltr'>hacc</span> <span class='ocrx_word' id='word_1_755' title='bbox 1048 4896 1145 4946; x_wconf 89' lang='lat' dir='ltr'>autem</span> <span class='ocrx_word' id='word_1_756' title='bbox 1170 4892 1275 4945; x_wconf 85' lang='lat' dir='ltr'>ltarius</span> <span class='ocrx_word' id='word_1_757' title='bbox 1296 4892 1465 4963; x_wconf 89' lang='lat' dir='ltr'>ingratiam</span> <span class='ocrx_word' id='word_1_758' title='bbox 1487 4895 1607 4949; x_wconf 85' lang='lat' dir='ltr'>victoris</span> <span class='ocrx_word' id='word_1_759' title='bbox 1633 4898 1794 4954; x_wconf 89' lang='lat' dir='ltr'>Alexandri</span> 
     </span>
     <span class='ocr_line' id='line_1_79' title="bbox 962 4981 1795 5055; baseline 0.011 -20"><span class='ocrx_word' id='word_1_760' title='bbox 962 4982 1061 5035; x_wconf 91' lang='lat' dir='ltr'>aureis</span> <span class='ocrx_word' id='word_1_761' title='bbox 1076 4981 1203 5035; x_wconf 87' lang='lat' dir='ltr'>vincitur</span> <span class='ocrx_word' id='word_1_762' title='bbox 1219 4983 1330 5036; x_wconf 91' lang='lat' dir='ltr'>catenis</span> <span class='ocrx_word' id='word_1_763' title='bbox 1351 4999 1367 5035; x_wconf 88' lang='lat' dir='ltr'>a</span> <span class='ocrx_word' id='word_1_764' title='bbox 1383 4984 1518 5055; x_wconf 86' lang='lat' dir='ltr'>cognatis</span> <span class='ocrx_word' id='word_1_765' title='bbox 1533 4985 1608 5039; x_wconf 88' lang='lat' dir='ltr'>suis.</span> <span class='ocrx_word' id='word_1_766' title='bbox 1627 4986 1662 5041; x_wconf 86' lang='lat' dir='ltr'>Et</span> <span class='ocrx_word' id='word_1_767' title='bbox 1676 4988 1795 5044; x_wconf 88' lang='lat' dir='ltr'>vinctus</span> 
     </span>
     <span class='ocr_line' id='line_1_80' title="bbox 962 5071 1793 5150; baseline 0.013 -26"><span class='ocrx_word' id='word_1_768' title='bbox 962 5072 1070 5141; x_wconf 89' lang='lat' dir='ltr'>pariter</span> <span class='ocrx_word' id='word_1_769' title='bbox 1094 5087 1160 5124; x_wconf 91' lang='lat' dir='ltr'>cum</span> <span class='ocrx_word' id='word_1_770' title='bbox 1183 5071 1340 5126; x_wconf 87' lang='lat' dir='ltr'>Persarum</span> <span class='ocrx_word' id='word_1_771' title='bbox 1360 5088 1453 5144; x_wconf 86' lang='lat' dir='ltr'>ragno</span> <span class='ocrx_word' id='word_1_772' title='bbox 1474 5074 1563 5127; x_wconf 85' lang='lat' dir='ltr'>vitam</span> <span class='ocrx_word' id='word_1_773' title='bbox 1579 5075 1682 5133; x_wconf 82' lang='lat' dir='ltr'>sinivit.</span> <span class='ocrx_word' id='word_1_774' title='bbox 1699 5077 1793 5150; x_wconf 79' lang='lat' dir='ltr'>Cujus</span> 
     </span>
     <span class='ocr_line' id='line_1_81' title="bbox 963 5161 1795 5238; baseline 0.014 -25"><span class='ocrx_word' id='word_1_775' title='bbox 963 5176 1071 5230; x_wconf 89' lang='lat' dir='ltr'>eorpus</span> <span class='ocrx_word' id='word_1_776' title='bbox 1080 5161 1247 5215; x_wconf 89' lang='lat' dir='ltr'>Alexander</span> <span class='ocrx_word' id='word_1_777' title='bbox 1258 5177 1339 5215; x_wconf 91' lang='lat' dir='ltr'>more</span> <span class='ocrx_word' id='word_1_778' title='bbox 1350 5163 1433 5234; x_wconf 89' lang='lat' dir='ltr'>regio</span> <span class='ocrx_word' id='word_1_779' title='bbox 1444 5163 1588 5233; x_wconf 89' lang='lat' dir='ltr'>sepelivit.</span> <span class='ocrx_word' id='word_1_780' title='bbox 1601 5165 1708 5238; x_wconf 84' lang='lat' dir='ltr'>Sieque</span> <span class='ocrx_word' id='word_1_781' title='bbox 1721 5168 1795 5224; x_wconf 88' lang='lat' dir='ltr'>Per-</span> 
     </span>
     <span class='ocr_line' id='line_1_82' title="bbox 962 5251 1792 5328; baseline 0.012 -25"><span class='ocrx_word' id='word_1_782' title='bbox 962 5266 1062 5303; x_wconf 90' lang='lat' dir='ltr'>sarum</span> <span class='ocrx_word' id='word_1_783' title='bbox 1085 5266 1210 5322; x_wconf 88' lang='lat' dir='ltr'>regnum</span> <span class='ocrx_word' id='word_1_784' title='bbox 1232 5251 1324 5305; x_wconf 87' lang='lat' dir='ltr'>cessit</span> <span class='ocrx_word' id='word_1_785' title='bbox 1347 5252 1376 5305; x_wconf 92' lang='lat' dir='ltr'>in</span> <span class='ocrx_word' id='word_1_786' title='bbox 1398 5255 1572 5322; x_wconf 87' lang='lat' dir='ltr'>potestatum</span> <span class='ocrx_word' id='word_1_787' title='bbox 1588 5255 1792 5328; x_wconf 88' lang='lat' dir='ltr'>Macedonum,</span> 
     </span>
     <span class='ocr_line' id='line_1_83' title="bbox 961 5342 1818 5417; baseline 0.013 -23"><span class='ocrx_word' id='word_1_788' title='bbox 961 5343 1117 5412; x_wconf 87' lang='lat' dir='ltr'>postquam</span> <span class='ocrx_word' id='word_1_789' title='bbox 1129 5343 1248 5395; x_wconf 89' lang='lat' dir='ltr'>steterat</span> <span class='ocrx_word' id='word_1_790' title='bbox 1257 5357 1310 5411; x_wconf 91' lang='lat' dir='ltr'>per</span> <span class='ocrx_word' id='word_1_791' title='bbox 1319 5356 1413 5396; x_wconf 90' lang='lat' dir='ltr'>annos</span> <span class='ocrx_word' id='word_1_792' title='bbox 1422 5342 1566 5399; x_wconf 90' lang='lat' dir='ltr'>ducentos</span> <span class='ocrx_word' id='word_1_793' title='bbox 1576 5345 1695 5417; x_wconf 86' lang='lat' dir='ltr'>triginta</span> <span class='ocrx_word' id='word_1_794' title='bbox 1704 5359 1795 5404; x_wconf 88' lang='lat' dir='ltr'>unum</span> <span class='ocrx_word' id='word_1_795' title='bbox 1806 5367 1818 5388; x_wconf 75' lang='lat'><strong><em>.</em></strong></span> 
     </span>
    </p>
   </div>
   <div class='ocr_carea' id='block_1_15' title="bbox 961 5503 1792 5725">
    <p class='ocr_par' dir='ltr' id='par_1_15' title="bbox 961 5503 1792 5725">
     <span class='ocr_line' id='line_1_84' title="bbox 961 5503 1790 5631; baseline 0.001 -69"><span class='ocrx_word' id='word_1_796' title='bbox 961 5505 1216 5574; x_wconf 86' lang='lat' dir='ltr'>Quomodoautem</span> <span class='ocrx_word' id='word_1_797' title='bbox 1227 5503 1357 5631; x_wconf 64' lang='lat' dir='ltr'>ceperit,</span> <span class='ocrx_word' id='word_1_798' title='bbox 1371 5505 1399 5562; x_wconf 89' lang='lat' dir='ltr'>et</span> <span class='ocrx_word' id='word_1_799' title='bbox 1410 5504 1571 5562; x_wconf 84' lang='lat' dir='ltr'>subsecuta</span> <span class='ocrx_word' id='word_1_800' title='bbox 1578 5504 1665 5562; x_wconf 83' lang='lat' dir='ltr'>ruerit</span> <span class='ocrx_word' id='word_1_801' title='bbox 1671 5503 1790 5575; x_wconf 88' lang='lat' dir='ltr'>divisio,</span> 
     </span>
     <span class='ocr_line' id='line_1_85' title="bbox 961 5574 1792 5656; baseline 0.006 -23"><span class='ocrx_word' id='word_1_802' title='bbox 961 5578 1054 5656; x_wconf 87' lang='lat' dir='ltr'>habes</span> <span class='ocrx_word' id='word_1_803' title='bbox 1070 5577 1216 5646; x_wconf 86' lang='lat' dir='ltr'>distincte,</span> <span class='ocrx_word' id='word_1_804' title='bbox 1229 5580 1257 5630; x_wconf 90' lang='lat' dir='ltr'>et</span> <span class='ocrx_word' id='word_1_805' title='bbox 1287 5574 1374 5636; x_wconf 82' lang='lat' dir='ltr'>illusa</span> <span class='ocrx_word' id='word_1_806' title='bbox 1385 5592 1423 5634; x_wconf 90' lang='lat' dir='ltr'>ex</span> <span class='ocrx_word' id='word_1_807' title='bbox 1436 5578 1549 5636; x_wconf 81' lang='lat' dir='ltr'>tornae</span> <span class='ocrx_word' id='word_1_808' title='bbox 1567 5577 1677 5636; x_wconf 83' lang='lat' dir='ltr'>Lucida</span> <span class='ocrx_word' id='word_1_809' title='bbox 1695 5576 1746 5636; x_wconf 87' lang='lat' dir='ltr'>lib.</span> <span class='ocrx_word' id='word_1_810' title='bbox 1762 5593 1792 5642; x_wconf 81' lang='grc'>111</span> 
     </span>
     <span class='ocr_line' id='line_1_86' title="bbox 962 5650 1307 5725; baseline -0.006 -15"><span class='ocrx_word' id='word_1_811' title='bbox 962 5651 1184 5721; x_wconf 79' lang='lat' dir='ltr'>Chronicororn,</span> <span class='ocrx_word' id='word_1_812' title='bbox 1202 5665 1264 5725; x_wconf 88' lang='lat' dir='ltr'>cap.</span> <span class='ocrx_word' id='word_1_813' title='bbox 1281 5650 1307 5708; x_wconf 74' lang='grc'>2.</span> 
     </span>
    </p>
   </div>
   <div class='ocr_carea' id='block_1_16' title="bbox 0 0 1928 6022">
    <p class='ocr_par' dir='ltr' id='par_1_16' title="bbox 0 0 1928 6022">
     <span class='ocr_line' id='line_1_87' title="bbox 0 0 1928 6022; baseline 0 0"><span class='ocrx_word' id='word_1_814' title='bbox 0 0 1928 6022; x_wconf 95' lang='lat' dir='ltr'> </span> 
     </span>
    </p>
   </div>
  </div>
 </body>
</html>
