3796 6022
83 230 141 343 tltt

726 234 954 302 SERMONES
977 238 1167 305 CENTUM.

1748 248 1807 312 942

83 435 197 506 matriS,
215 452 319 490 saxum
334 452 405 491 rere
422 437 571 508 significat
586 438 736 494 Christum
752 440 781 494 in
798 440 918 496 dexteru
932 426 961 486 Α
976 459 1013 497 ex
1025 443 1089 513 ipso
1102 444 1199 498 osticio
1212 445 1320 516 angeli,
1334 445 1362 498 id
1374 448 1419 500 est
1431 447 1523 500 nuntii
1536 463 1651 518 samnS,
1665 450 1807 520 etpopulo

84 527 137 581 Dei
149 526 344 581 Patris.Petra
356 526 491 580 tlbristus
502 528 530 580 in
543 529 772 598 mendosorum
780 528 918 585 Christus

83 617 113 670 in
125 616 210 671 coeto.
227 615 281 670 Vis
293 615 393 670 videre
410 614 560 670 Christum
572 622 684 687 petram
697 635 816 688 parvam
826 621 840 673 't
851 620 918 674 ride

83 721 151 760 eum
169 705 198 759 in
215 705 301 759 cunis
321 705 492 777 latitantem,
509 707 555 760 rel
571 707 601 760 in
617 708 679 761 sota
693 708 795 762 tuclaea
810 710 920 779 praedi-

83 798 208 850 cantem.
221 795 276 849 aas
287 794 387 849 videre
402 794 552 849 Christum
567 811 673 850 saxum
684 800 844 869 magnum‘.t
853 799 921 852 ride

83 883 202 939 eumad
221 883 373 939 dexteram
389 885 485 938 Patris
502 884 708 957 sublimatum,
725 886 762 941 ad
777 887 921 942 terminos

83 973 921 1044 terroepertrdemincordibuscredentiumdilatatumHic

84 1062 923 1137 esttapis,dcquoscriplumest:Lapisabseissnsdomon·

85 1152 281 1207 tesinemann
294 1153 422 1208 bominis
440 1153 538 1209 taetus
550 1162 596 1210 est
605 1156 920 1228 nronsmapaas,etim·

80 1240 177 1313 plcrit
196 1243 401 1313 terranrtllan.
414 1244 455 1314 n).
464 1243 516 1298 Vis
532 1244 633 1299 ridere
644 1244 794 1299 Christum
807 1247 920 1315 petram

84 1329 921 1405 tragilomtvideragientem,esurientem,sitientem,tas-

84 1422 921 1496 sescentemalgeutem,lacrymantemssageltatam,mor·

82 1509 236 1566 tihealurn.
247 1511 299 1566 vis
311 1511 412 1567 videre
426 1512 577 1567 Christum
588 1530 692 1567 saxam
706 1514 920 1568 durissimmn?

84 1599 250 1690 videquod
266 1601 406 1657 Christus
418 1617 584 1673 resurgens
599 1618 638 1657 er
651 1603 846 1675 mortnisjam
863 1621 919 1658 non

84 1696 221 1763 moritur,
231 1691 372 1747 morsille
383 1691 458 1746 ultra
469 1708 524 1745 non
532 1692 743 1762 domirrabitnr3
755 1693 830 1764 quod
841 1693 918 1747 eninr

976 549 1009 588 ea
1026 549 1092 603 quae
1111 534 1162 587 Dei
1173 537 1240 588 sunt
1257 535 1392 589 nuntiare
1409 536 1562 591 debentne.
1578 538 1631 607 lte,
1647 537 1746 610 angeli
1760 555 1808 594 rc-

975 621 1063 685 Ιοοον,
1076 623 1423 694 adgentemconi'rrtsam.
1433 626 1554 680 Duobus
1564 626 1808 697 modisprobatur

976 710 1101 765 humana
1119 716 1220 766 natura
1241 714 1301 768 Deo
1319 715 1475 784 inherere,
1498 719 1526 770 et
1545 717 1573 769 in
1593 716 1658 786 ipso
1676 715 1808 770 radicem

975 799 1095 868 habere,
1112 803 1277 856 secundnm
1289 804 1346 858 hoc
1363 805 1501 859 videlicet
1517 807 1594 877 qnod
1611 806 1688 860 tacta
1704 807 1760 867 est,
1776 808 1808 860 ut

976 888 1033 942 alio
1056 889 1122 944 loco
1144 890 1205 961 jam
1231 892 1372 964 diximus,
1399 895 1434 948 ad
1458 895 1615 966 imaginem
1640 895 1702 962 Dei,
1726 894 1756 949 in
1772 909 1807 950 eo

977 979 1056 1049 quod
1078 995 1181 1032 rerum
1197 985 1295 1050 potest
1310 999 1511 1055 cognoscere,
1528 987 1556 1037 et
1571 984 1735 1039 seeundum
1750 984 1808 1039 hoc

976 1067 1566 1138 quodt'aetaestadsimilitudinemlleiin
1578 1089 1612 1128 ee
1624 1073 1808 1144 qnodpotest

974 1157 1088 1211 bonum
1099 1158 1233 1230 diligere.
1246 1160 1299 1215 llis
1312 1162 1388 1215 enim
1397 1162 1660 1217 modisnonsolum
1669 1162 1807 1232 humana,

976 1249 1810 1324 rertnnetangelieacreaturaCreatoriconjunctadigno·

978 1336 1081 1405 scitur,
1095 1337 1164 1390 dum
1176 1341 1203 1391 et
1216 1338 1384 1409 cognitione
1402 1339 1469 1409 ejus
1485 1340 1658 1410 sapientiam
1675 1343 1808 1397 contern-

973 1425 1079 1494 ptatur,
1093 1428 1121 1479 el
1132 1426 1477 1483 dilectionebeatitmtine
1487 1428 1553 1499 ejas
1568 1428 1681 1500 jugiter
1690 1429 1807 1485 fruitur.

974 1514 1028 1567 His
1043 1515 1160 1570 duobus
1174 1516 1268 1570 modis
1288 1517 1359 1571 vitat
1370 1517 1489 1586 malum,
1506 1519 1575 1588 qnia
1590 1520 1618 1573 ct
1637 1535 1691 1589 per
1707 1517 1809 1591 cogni·

974 1604 1083 1658 tionem
1096 1604 1241 1674 i‘eritatis3
1254 1621 1341 1675 quam
1354 1606 1442 1660 habet
1455 1607 1482 1660 in
1493 1607 1590 1660 dirina
1607 1607 1666 1660 sibi
1677 1607 1809 1679 origina-

973 1691 1041 1746 liter
1053 1693 1144 1746 insita
1168 1693 1307 1765 imagine,
1324 1695 1404 1765 pellit
1415 1711 1562 1765 errorem,
1575 1700 1602 1750 et
1618 1710 1810 1768 peremerem

88 1785 118 1840 vi
123 1785 174 1854 rit,
188 1781 680 1851 ririttlcotllern.vr).btclde'petra
695 1782 843 1854 significat
854 1799 919 1854 gra·
976 1782 1103 1848 virtutiS,
1122 1799 1210 1853 qnam
1226 1782 1351 1837 habetin
1363 1784 1461 1857 divina
1472 1785 1673 1855 similitudine,
1686 1785 1746 1840 odit
1756 1783 1811 1839 ini-

84 1876 154 1930 tiam
169 1871 391 1942 redemptionis,
403 1869 506 1925 Oleum
516 1873 613 1924 autem
625 1871 659 1925 do
670 1887 742 1925 saxo
755 1871 917 1926 durissimo
975 1871 1124 1942 quitatem.
1147 1871 1328 1925 Subintrarit
1348 1875 1443 1926 autem
1461 1874 1489 1927 in
1505 1877 1638 1928 naturam
1653 1875 1810 1929 humanam

84 1963 211 2037 gloriam
219 1960 422 2017 beatitudinis
439 1958 522 2015 Sicut
535 1976 660 2032 namque
672 1960 728 2014 mel
742 1977 804 2031 prae
821 1962 916 2016 omni·
972 1976 1025 2030 per
1040 1962 1269 2032 suggestionem
1284 1961 1459 2017 diabolicam
1476 1963 1649 2034 ignorantia,
1668 1966 1696 2018 et
1710 1962 1809 2019 evellit

82 2053 151 2123 buS,
168 2068 234 2123 quae
251 2050 446 2105 comeduntur
460 2049 556 2120 palato
571 2049 688 2109 dulcius
699 2052 787 2122 sapit,
797 2052 840 2106 sie
855 2068 920 2123 gra·
970 2051 1000 2103 in
1012 2050 1130 2104 homine
1141 2050 1272 2105 radicem
1283 2049 1391 2106 divinae
1403 2052 1595 2124 cognitioniS,
1605 2054 1632 2106 et
1644 2053 1723 2106 venit
1734 2068 1808 2107 con-

82 2142 123 2196 tia
148 2140 361 2211 redemptionis
384 2155 446 2210 prae
463 2135 617 2207 omnibus,
641 2140 753 2211 quaein
777 2142 919 2211 praesenti
971 2140 1168 2209 cupiscentia,
1186 2143 1214 2194 et
1229 2140 1388 2194 eradicavit
1404 2141 1530 2210 plantam
1547 2141 1725 2196 dilectionis.

71 2231 196 2291 ,saeculo
207 2232 334 2302 possunt
349 2229 459 2283 homini
475 2229 505 2282 in
522 2229 663 2283 cordibus
679 2228 841 2284 electorum
852 2230 918 2284 dul·
1005 2229 1085 2284 Gens
1095 2229 1192 2300 itaque
1202 2229 1584 2301 quaelibetimpiaadivinis
1596 2233 1624 2285 et
1633 2229 1807 2285 caelestibus

83 2322 185 2376 rescit.
200 2320 235 2375 Et
245 2319 392 2391 quomodo
402 2318 498 2373 oleum
510 2317 775 2390 cunctosliquores
789 2320 917 2390 excellit,
970 2317 1058 2373 bonis
1074 2335 1127 2388 ρον
1142 2319 1258 2389 culpam
1272 2318 1418 2390 elongata,
1432 2319 1550 2373 dnobus
1568 2318 1806 2389 praecedentibus

82 2411 128 2465 sic
144 2410 238 2482 gloria
260 2408 460 2477 beatitudinis,
476 2423 543 2477 quae
559 2423 706 2461 summum
722 2410 768 2463 est
789 2408 916 2479 bonurn,
971 2407 1059 2462 bonis
1073 2409 1103 2461 in
1117 2407 1195 2463 bono
1213 2409 1339 2478 primurn
1354 2409 1491 2479 plantata,
1508 2409 1625 2464 duobus
1640 2408 1807 2464 succeden-

81 2500 161 2555 bona
177 2502 282 2554 cuncta
299 2500 419 2568 superat
444 2500 472 2550 et
495 2497 620 2551 excedit.
638 2497 788 2553 Debemus
803 2499 916 2570 itaque,
972 2497 1051 2551 tibus
1063 2497 1147 2551 malis
1157 2497 1299 2567 deinceps
1316 2500 1395 2551 recte
1412 2499 1593 2551 monstratur
1608 2498 1636 2552 cl
1649 2500 1772 2553 vocatur
1790 2513 1808 2552 a

82 2588 202 2658 fratrea,
219 2603 288 2642 esse
304 2585 455 2642 constituti
474 2602 566 2656 super
576 2587 726 2641 excelsam
742 2590 854 2659 petram
866 2605 919 2660 per
971 2585 1049 2640 hono
1062 2586 1214 2640 convulsa.
1232 2586 1276 2640 lte
1288 2602 1371 2658 ergo,
1385 2585 1486 2658 anpeh'
1504 2587 1677 2656 reloeoS,ad
1687 2591 1807 2660 pontem

82 2678 271 2734 eminentiam
293 2677 447 2746 virtutum,
465 2676 620 2731 comedere
642 2676 758 2733 fructus
778 2695 919 2750 agrorum
973 2675 1151 2741 conuulsam,
1166 2680 1193 2730 ct
1208 2692 1266 2730 non
1283 2676 1381 2731 solum
1398 2675 1583 2745 convulsam,
1595 2674 1808 2731 sedeldilaee·

83 2767 240 2822 lectionem
264 2765 492 2836 Scripturarum,
519 2767 546 2819 et
570 2781 623 2834 per
643 2767 918 2838 contemplationem
972 2768 1074 2820 ratam.
1100 2764 1310 2820 Convulsama
1335 2766 1423 2835 bono,
1448 2765 1638 2820 dilaceratam
1664 2764 1694 2819 in
1718 2766 1806 2822 malo.

84 2860 288 2912 creaturarum
303 2870 412 2927 sugere
421 2854 478 2908 mel
494 2854 530 2908 dc
545 2858 638 2925 petra,
649 2856 841 2926 suscipiendo
851 2874 918 2929 gra-
972 2854 1106 2909 Humana
1118 2870 1243 2926 namquo
1259 2857 1362 2909 natura
1377 2857 1536 2925 postquam
1552 2871 1568 2908 a
1583 2854 1662 2910 bono
1678 2854 1807 2926 vellitur,

83 2947 154 3001 tiam
168 2945 380 3016 redemptionis
396 2944 551 3015 oleumque
576 2945 612 2998 de
637 2961 710 2999 saxo
736 2945 915 3018 durissimo,
974 2945 1071 2998 statim
1083 2944 1112 2997 in
1124 2944 1200 2998 mato
1211 2944 1389 2998 dilaceratur
1400 2943 1611 3014 multipliciter,
1624 2945 1692 2999 dum
1708 2945 1808 3000 diver-

85 3036 233 3108 sperando
245 3033 368 3107 gloriam
378 3034 578 3088 beatitudinis.
591 3034 633 3088 hd
650 3051 801 3104 quamnos
815 3037 919 3107 pentu-
936 3070 960 3131 C
976 3033 1019 3087 sis
1036 3032 1117 3086 vitiis
1129 3035 1156 3086 et
1174 3032 1304 3102 peccatis
1316 3033 1351 3085 ad
1372 3033 1587 3086 damnationem
1599 3033 1809 3103 pertrahuntur

85 3141 154 3180 cere
169 3125 308 3197 dignetur
320 3125 371 3196 qni
387 3124 458 3176 vivit
473 3127 501 3177 et
516 3126 629 3195 regnat,
647 3127 702 3179 ete.

374 3212 503 3268 Stlttth
523 3213 632 3268 Xthl.

293 3303 342 3358 Ad
358 3302 532 3357 sacerdotes
547 3304 577 3357 in
590 3304 712 3375 synodo.

977 3121 1088 3177 diversi
1102 3137 1108 3175 :
1120 3121 1168 3174 alii
1189 3136 1242 3190 per
1253 3120 1433 3191 snperbiam,
1456 3120 1503 3174 alii
1521 3137 1574 3191 per
1591 3121 1743 3192 invidiam,
1758 3121 1807 3177 alii

976 3229 1029 3284 per
1048 3211 1131 3275 iram,
1156 3211 1204 3263 atii
1219 3225 1272 3280 per
1286 3209 1428 3279 acediam,
1447 3210 1495 3263 alii
1511 3227 1564 3280 ρον
1581 3210 1742 3282 avaritiam,
1760 3211 1809 3266 atii

975 3301 1152 3374 pergulam,
1175 3300 1224 3353 alii
1237 3315 1290 3369 per
1305 3299 1461 3369 luxuriam,
1479 3300 1527 3353 atii
1543 3316 1596 3370 per
1611 3315 1743 3371 usuram,
1759 3301 1809 3355 alii

122 3390 167 3448 Ite
178 3393 278 3466 angeli
287 3393 412 3463 reloceS,
423 3392 461 3447 ad
468 3397 587 3464 gentem
598 3393 766 3448 convulsam
774 3401 803 3449 et
811 3394 920 3449 dilace-
974 3409 1028 3463 per
1048 3391 1194 3461 rapinam,
1213 3389 1263 3442 alii
1278 3404 1331 3458 per
1346 3387 1465 3458 tartum,
1483 3388 1531 3442 alii
1547 3405 1600 3459 per
1624 3389 1732 3445 talsum
1746 3394 1809 3445 tes-

85 3488 192 3553 ratam,
212 3482 250 3537 ad
263 3481 398 3554 populum
418 3481 598 3550 terribilem,
613 3489 680 3554 post
701 3499 785 3555 praem
800 3499 856 3538 non
874 3488 920 3537 est
975 3482 1139 3548 timonium,
1152 3477 1201 3531 alii
1216 3493 1270 3547 per
1283 3477 1456 3549 perjurium,
1473 3478 1520 3532 alii
1539 3495 1592 3549 per
1607 3479 1808 3549 homicidium,

86 3569 173 3641 alins,
180 3576 298 3643 gentem
307 3575 527 3642 exspectantem
538 3576 566 3625 et
578 3572 774 3627 conculcatam
782 3589 864 3645 crpus
873 3572 919 3626 di·
975 3570 1024 3627 alii
1035 3568 1162 3623 videndo
1174 3567 1328 3622 mutierem
1346 3568 1381 3622 ad
1392 3568 1663 3639 concupiscendum
1678 3568 1811 3639 eam,alii

86 3659 369 3731 ripuarnattlnmina
382 3665 494 3714 terram
504 3659 647 3732 ejrrsttsa.
659 3661 849 3731 xvndtlcce,
860 3662 920 3716 tra·
976 3659 1101 3714 dicendo
1126 3657 1207 3711 tratri
1233 3657 1324 3725 tatae,
1342 3661 1369 3711 et
1394 3673 1447 3726 per
1462 3657 1518 3710 alia
1534 3657 1561 3710 si
1583 3674 1640 3728 qna
1655 3661 1725 3712 sunt
1740 3657 1811 3712 vitia

85 3752 149 3803 tres
159 3748 338 3817 charissimi,
351 3748 483 3802 divinum
498 3748 585 3804 nohis
595 3749 725 3804 osticium
736 3750 919 3823 injunctam:
977 3749 1041 3804 sive
1058 3751 1188 3819 peccata,
1205 3747 1283 3802 intus
1296 3747 1341 3801 vel
1354 3747 1438 3814 toriS,
1458 3763 1524 3816 quae
1536 3751 1655 3816 propter
1672 3762 1810 3816 praesens

88 3853 159 3892 eece
177 3853 261 3906 cura,
282 3837 450 3892 sollicitudo
466 3839 609 3911 laborque
629 3841 826 3895 sacerdotum.
845 3840 921 3895 Eece
978 3838 1183 3908 compendium
1193 3853 1247 3890 nee
1258 3835 1458 3890 volumusnec
1468 3835 1600 3889 vatemus
1610 3836 1808 3891 dinumerare.

87 3926 180 3998 pium,
191 3926 450 3996 sedperieutosum
461 3943 537 3982 onas
547 3928 795 3999 iltisimpositum.
807 3930 857 3999 lto,
868 3946 922 3983 aa·
977 3927 1023 3982 lte
1038 3927 1137 3998 igitur,
1151 3925 1250 3998 angeli
1271 3924 1393 3990 reloces',
1411 3924 1449 3979 ad
1459 3930 1578 3995 pontem
1595 3924 1765 3980 convulsam
1780 3929 1810 3978 et
1860 3918 1863 3927 “

89 4016 288 4089 geliveloccs.
300 4016 680 4072 Admonetnoshocinloco
690 4018 923 4089 sermoprophe-
978 4016 1181 4079 dilaceratam,
1195 4017 1226 4068 ut
1240 4030 1292 4084 per
1302 4017 1430 4068 vestram
1440 4013 1680 4084 praedicationem
1690 4013 1722 4069 in
1733 4010 1810 4069 malo

90 4105 629 4175 licusimodivinus,neministerinm
641 4107 925 4163 nobisdivinitustn-
979 4105 1166 4160 dilaceratam
1183 4104 1366 4172 coadunetis
1377 4103 1812 4175 etabonoconvalsamreplun·

87 4193 922 4268 junotumcontemnamus,nesanctumonusdejieiamas,
978 4192 1811 4266 tetislte,arrpeti,iteveloeeS,iteadpentemconrnlsam

89 4299 127 4339 ne
139 4287 255 4356 gentem
265 4285 301 4338 ad
316 4285 473 4357 imaginem
486 4288 513 4340 et
522 4286 745 4340 similitudinem
754 4286 805 4341 [lei
819 4285 924 4341 torma·
982 4290 1010 4340 et
1022 4284 1223 4348 dilaceratam,
1233 4282 1655 4354 adpopuhnnterribilempost
1664 4298 1812 4355 qnernnon

88 4374 158 4444 tam,
175 4375 305 4445 pretioso
328 4375 474 4447 sanguine
496 4375 605 4430 Christi
623 4375 813 4446 redemptam,
833 4377 922 4431 nobis
938 4386 965 4451 Ι)
982 4381 1028 4430 est
1040 4372 1278 4441 aliusQnandiu,
1291 4371 1398 4425 fratres
1409 4371 1590 4441 charissimi,
1603 4371 1690 4426 homo
1702 4368 1811 4427 nobili-

90 4463 280 4517 commissam
290 4464 487 4535 negligamus
500 4480 597 4536 neper
607 4465 722 4536 eulpam
731 4466 922 4536 temporalem

88 4550 126 4605 ad
138 4554 277 4606 aeternam
293 4553 401 4608 dettnat
415 4554 642 4625 damnationem,
662 4571 698 4610 ne
717 4555 923 4628 (quodabsitt)

89 4656 150 4697 non
162 4642 299 4696 selamin
315 4642 363 4697 illa
378 4642 428 4696 dat
442 4648 594 4713 peccatum
609 4648 730 4716 propter
744 4645 839 4716 ipsius
856 4646 926 4700 deli·

90 4733 136 4785 cta
148 4730 277 4800 propria,
295 4732 349 4785 sed
364 4734 392 4786 et
407 4731 436 4785 in
451 4733 538 4788 nohis
555 4734 605 4789 liat
620 4750 711 4804 supra
726 4735 845 4790 modum
860 4752 927 4806 pes-

90 4835 164 4874 cans
189 4823 341 4890 peecatum
368 4824 488 4893 propter
512 4822 620 4876 delicta
641 4821 746 4879 aliena.
770 4823 925 4878 Reddituri

89 4924 218 4981 namque
234 4925 338 4965 snmus
354 4911 497 4966 rationem
511 4927 570 4965 non
587 4911 684 4967 solnm
700 4913 736 4966 de
751 4913 851 4983 nohis,
872 4914 925 4968 sed

90 4998 178 5054 etiarn
190 4998 226 5054 de
236 4999 392 5055 animabus
401 4999 488 5055 nobis
496 5001 677 5071 commissis,
686 5000 743 5056 nisi
751 5002 809 5056 illis
817 5002 926 5057 instan-

89 5089 545 5145 terannantiarerimusverbum
559 5091 674 5146 salutis
688 5091 850 5146 ¹tediumus
867 5092 924 5164 igi-

89 5179 612 5251 turattentiusquodnobisdivinitns
624 5182 730 5236 dicitur
742 5198 748 5238 :
761 5180 817 5252 Ite,
826 5181 926 5253 migeti

94 5267 926 5342 reloces,adgentcmconralsrrrrr.Saceratotessuntange-

90 5355 122 5426 li,
133 5357 210 5412 sicul
221 5359 349 5430 quodam
361 5359 428 5414 loeo
437 5360 588 5431 Scriptura
598 5361 692 5415 innuit
701 5362 818 5416 dicens:
832 5359 925 5415 Labie

91 5445 762 5522 sacerdotiscustodiuntsapientiam,ettepem
769 5451 925 5523 requirent

92 5552 133 5594 en
146 5550 199 5593 ora
214 5536 287 5611 ejas,
302 5539 368 5612 qnia
389 5539 514 5613 angelus
532 5538 651 5594 Domini
669 5539 854 5596 enereituuar
879 5545 925 5594 est

93 5623 262 5708 (tratrem).
274 5628 355 5708 Ergo
367 5631 394 5689 si
403 5628 575 5694 sacerdotes
586 5628 825 5708 Dominisamus,
838 5630 925 5693 etiam

981 4469 1079 4534 tatem,
1093 4463 1279 4535 elegantiam,
1288 4477 1321 4514 ac
1331 4461 1580 4531 pulchritudinem
1589 4477 1652 4515 suar
1664 4461 1812 4515 conditio-

982 4555 1029 4610 nis
1043 4570 1096 4625 ρον·
1112 4552 1257 4624 justitiam
1274 4553 1441 4620 conservat,
1458 4550 1615 4620 speciosas
1632 4564 1701 4604 esse
1717 4549 1812 4604 torma

982 4643 1199 4715 comprobatur.
1216 4640 1337 4706 Quando
1353 4656 1424 4693 roro
1437 4640 1573 4693 decorem
1584 4637 1812 4708 pulchritudinis

980 4733 1010 4787 in
1030 4733 1191 4802 semetipso
1203 4747 1256 4801 per
1267 4729 1381 4798 culpam
1403 4729 1501 4797 soedat,
1518 4729 1615 4781 statim
1627 4726 1769 4784 deformis
1785 4731 1814 4783 et

980 4821 1132 4876 horribilis
1150 4821 1306 4887 invenitur,
1325 4817 1576 4887 dissimilistleo,
1594 4818 1681 4871 etiam
1705 4817 1813 4872 similis

981 4910 1075 4965 tactus
1092 4909 1219 4963 diabolo.
1242 4905 1320 4960 ileu!
1337 4922 1425 4977 qnam
1441 4906 1544 4975 tarpiS,
1562 4921 1650 4975 quam
1665 4906 1812 4962 terribilis

980 5002 1027 5054 est
1037 4998 1164 5069 populas
1181 4994 1251 5051 istet
1265 4996 1321 5049 Atii
1331 4998 1360 5049 in
1371 4995 1479 5066 populo
1490 4995 1547 5049 isto
1560 5000 1629 5050 sunt
1640 4996 1812 5054 deformiter

980 5089 1057 5160 nigri
1081 5103 1134 5157 por
1149 5086 1357 5157 cogitationem
1371 5085 1560 5153 immundam,
1578 5085 1630 5139 atii
1654 5087 1725 5142 eieci
1742 5090 1811 5141 sunt

979 5194 1032 5248 ρον·
1047 5175 1252 5249 ignorantiam,
1263 5174 1309 5227 alii
1323 5179 1422 5228 carent
1432 5175 1554 5228 naribus
1567 5174 1812 5244 perindiscretio·

980 5284 1057 5337 nem,
1075 5267 1122 5320 alii
1138 5267 1240 5337 lingna
1254 5262 1300 5318 vel
1318 5264 1404 5318 tabiis
1423 5281 1476 5334 per
1495 5265 1613 5319 noxiam
1629 5264 1811 5319 taciturnita-

979 5361 1047 5428 tem,
1066 5358 1095 5411 in
1110 5357 1176 5410 aliis
1196 5358 1385 5408 retroversus
1409 5357 1453 5407 est
1475 5355 1574 5407 vultus
1596 5368 1649 5422 per
1672 5351 1813 5406 transacti

980 5447 1112 5503 criminis
1125 5444 1358 5501 recordationem
1369 5445 1398 5498 et
1408 5443 1639 5506 delectationem,
1651 5440 1717 5495 aliis
1729 5439 1813 5496 solus

978 5538 1121 5594 remansit
1132 5530 1630 5608 corporistruncusoapiteproeciso
1641 5530 1813 5602 permeatis

979 5625 1195 5706 alienationem,
1221 5625 1271 5689 alii
1294 5638 1412 5705 quoque
1437 5624 1538 5688 curent
1553 5619 1675 5688 brachis
1697 5619 1812 5713 perdito
