3796 6022
114 273 173 342 t11

487 278 707 342 APPENDIX
728 277 786 340 AD
810 277 1000 342 HUGONIS
1021 278 1166 342 OPERA
1189 280 1456 346 uoamavtcn.

1706 382 1709 387 Ι
1785 286 1845 351 412

117 481 273 550 vitatibuS,
296 481 434 535 dicuntur
447 480 556 533 Preces
578 481 607 532 et
629 478 743 532 alliscrc
765 479 835 542 mei,
860 478 949 532 Dens.
967 462 995 523 Α
1011 483 1155 550 occupent
1171 486 1296 536 mentem
1310 482 1384 553 justi
1397 485 1483 538 etiam
1498 500 1552 569 per
1562 484 1655 540 diem?
1665 487 1748 541 Oculi
1765 488 1844 543 enim

120 570 436 642 Precesproplerlevia
444 570 472 623 et
480 568 647 639 quotidiana
655 572 772 638 peccatu
782 584 788 633 ς
800 568 952 620 Miserere

121 660 188 727 mei,
207 661 287 714 Deris
306 658 400 729 ‹ji-'sal
422 658 459 726 u),
478 660 598 727 propter
612 659 723 728 gravio.
742 657 777 710 El
792 658 951 711 nolamlnm

119 749 199 820 quod
214 764 319 819 preces
337 748 461 800 retinent
472 747 577 800 modos
589 746 690 799 orandi
708 763 783 816 quos
799 751 951 800 enumerat

120 836 354 892 Paulusdicens:
370 836 632 906 Obscaroprirnnm
641 836 710 889 lieri
716 836 947 902 obsecrationes,

120 926 280 993 orationes,
284 925 679 996 postulationes,pretiorum
687 926 828 989 arationes,
834 943 951 996 promn-

119 1014 208 1068 nibus
222 1013 401 1078 horninibus,
423 1020 452 1068 cl
468 1031 523 1085 pro
534 1015 574 1067 iis
585 1014 634 1086 qui
644 1015 675 1067 in
687 1014 870 1069 sublimitate
882 1023 949 1069 snat

119 1103 281 1166 constituti,
288 1104 486 1174 nlprrictamcl
495 1104 682 1175 tranquillam
693 1104 781 1158 vitem
790 1120 910 1175 erpeinus
919 1105 950 1157 in

36 1215 37 1218 ¹
118 1193 176 1246 orni
186 1193 301 1264 pictate
319 1197 348 1245 et
368 1192 506 1245 institere
521 1192 609 1253 (Tim.
628 1209 661 1258 u,
674 1192 756 1247 Psnl.
768 1193 840 1259 XL).
857 1192 949 1247 Obse-

119 1280 848 1352 orntioestcumsolutionemmalorumpetimus,ul
859 1282 929 1337 illud
942 1299 947 1337 :

118 1369 184 1442 Epo
205 1370 285 1430 dian·
303 1369 442 1438 Domine,
467 1386 614 1425 miserare
633 1371 692 1424 mci
705 1371 799 1439 (Psal.
816 1371 875 1440 xe),
892 1375 947 1426 ele.

118 1457 216 1511 Oratio
227 1461 273 1511 est
284 1473 350 1511 cum
364 1458 547 1527 postulamus
562 1460 638 1514 bona
652 1460 739 1514 nobis
752 1477 768 1514 a
779 1460 910 1515 Deodari
919 1464 950 1515 ut

118 1544 205 1600 illud:
220 1545 352 1601 Ostende
363 1547 457 1607 nobis,
473 1548 604 1615 Domino,
622 1550 860 1604 misericordiam
872 1557 949 1604 tunm

118 1634 211 1702 (Psal.
222 1638 354 1705 cxxxiv).
367 1636 528 1692 Postulatio
540 1642 586 1692 est
602 1653 668 1692 cum
679 1655 835 1709 precamur
846 1642 877 1693 ut
888 1655 949 1694 om-

1008 568 1158 623 adducunt
1173 571 1208 623 nd
1225 587 1288 624 earn
1306 571 1400 627 illices
1417 573 1538 627 tarmes
1558 574 1613 627 Per
1628 590 1715 630 aures
1731 576 1841 631 intrant

1008 658 1100 711 vcrlrn
1124 660 1314 714 detractionis
1338 665 1387 714 aut
1409 662 1508 716 luxua.
1533 662 1629 717 Nares
1646 680 1764 735 quoque
1784 681 1843 721 nou

1008 750 1078 800 stant
1093 747 1196 802 alienae
1212 748 1248 801 ab
1275 749 1330 803 hoe
1354 750 1496 821 pestifero
1519 751 1709 807 internuntio.
1735 753 1793 807 Per
1807 770 1841 808 os

1008 851 1126 906 quoque
1138 852 1223 891 mens
1233 838 1383 908 polluitur,
1391 839 1509 910 quando
1518 840 1677 895 criminosa
1691 857 1745 895 sou
1757 842 1843 895 etiam

1008 925 1101 978 otiosa
1117 925 1247 997 loquitur
1263 927 1364 990 verbo.
1379 929 1595 999 llrrnnsprocul
1606 929 1696 984 dubio
1712 933 1740 984 el
1750 930 1841 1000 pedes

1008 1013 1035 1067 id
1051 1016 1194 1084 tangunt:
1220 1016 1296 1070 unde
1310 1016 1406 1070 anima
1423 1017 1454 1071 nt
1479 1017 1608 1071 deterior
1622 1033 1675 1089 per
1692 1018 1843 1091 cogitatio·

1007 1118 1084 1156 nem.
1103 1104 1198 1175 Atque
1217 1104 1245 1158 in
1271 1105 1337 1160 istis
1352 1106 1483 1177 quinque
1498 1106 1641 1160 sensibus
1670 1107 1840 1177 quotidiano

1007 1191 1157 1246 tundimur
1172 1192 1297 1247 assultu.
1316 1193 1400 1248 Unde
1413 1193 1441 1247 in
1462 1195 1557 1248 noctis
1573 1194 1656 1249 initio
1672 1195 1789 1265 quando
1804 1196 1841 1250 ad

1007 1278 1212 1335 dormitionem
1228 1282 1408 1350 accedimus,
1420 1299 1486 1353 quae
1498 1282 1584 1353 quasi
1595 1283 1730 1354 quaedam
1741 1285 1840 1356 imago

1007 1369 1111 1422 mortis
1125 1372 1180 1438 est,
1198 1373 1226 1423 et
1243 1370 1288 1424 cui
1300 1371 1390 1425 mulla
1406 1371 1552 1425 assistunt
1566 1371 1706 1441 pericula,
1723 1373 1840 1443 proda-

1007 1456 1085 1511 lictis
1100 1458 1230 1529 quinque
1246 1474 1369 1514 sensum
1385 1461 1501 1514 veniam
1512 1461 1839 1533 deprecandoquinque

1007 1546 1122 1616 psalmo
1138 1551 1301 1604 cantamus.

1074 1688 1144 1744 Car.
1163 1691 1211 1744 vl.
1231 1691 1315 1746 tindn
1331 1694 1419 1764 caepit
1434 1694 1671 1766 Antiplronnrnm
1688 1711 1766 1748 tlstls'.

118 1723 166 1777 nia
181 1740 247 1795 quae
264 1728 332 1779 stant
347 1727 493 1780 contraria
508 1726 595 1781 bonis
612 1729 734 1797 nostriS,
746 1731 777 1782 ul
788 1732 833 1782 est
844 1729 949 1783 subre-

118 1813 178 1882 ptio
189 1813 365 1882 daemonum,
379 1816 443 1870 sive
454 1817 598 1871 molestiae
609 1817 769 1887 passionis,
780 1819 949 1871 minuantur
1045 1815 1243 1886 llosquinqua
1253 1817 1384 1887 psalmos
1393 1818 1626 1888 Antiphonarum
1634 1819 1766 1873 solemus
1776 1836 1842 1873 can·

117 1905 146 1956 et
160 1907 346 1972 superentur.
365 1904 449 1959 Unde
466 1903 552 1959 illud:
582 1906 780 1972 Convertere,
808 1907 945 1969 Dorrrine,
1008 1906 1080 1957 tare.
1098 1903 1180 1958 Usus
1206 1905 1440 1975 Antiphonorum
1458 1906 1487 1960 in
1510 1907 1707 1962 Ecclesiisnb
1730 1908 1841 1979 ignatio

119 1993 772 2068 traquequootdeprecabaristPsal.cxxxix).
785 1996 948 2051 Gratiarum
1008 1993 1148 2062 episcopo
1174 1994 1339 2048 Antiochiae
1365 1997 1395 2048 ul
1416 1995 1572 2065 Tripartitn
1595 2000 1694 2051 narrat
1715 1997 1839 2052 historia

29 2146 32 2153 Ι
118 2095 188 2133 vero
204 2081 280 2135 aetio
296 2086 343 2136 est
357 2085 385 2135 ut
402 2082 491 2137 illud:
511 2083 716 2139 Gondtcancm·
730 2085 795 2151 tini,
813 2086 946 2149 Domine,
1007 2081 1095 2151 coepit
1110 2081 1232 2135 actitari.
1248 2083 1287 2135 lta
1302 2083 1380 2137 enim
1392 2087 1499 2138 narrat.
1514 2084 1676 2139 Dicendum
1688 2089 1841 2140 esttamen

118 2171 213 2223 omnia
225 2176 371 2240 operatae
383 2170 478 2237 (Psal.
496 2175 604 2239 cxciv).
617 2174 673 2228 Pro
686 2174 733 2228 his
744 2175 794 2245 qui
809 2175 838 2228 in
853 2173 948 2229 subli-
1007 2170 1083 2224 unde
1100 2171 1188 2241 coepit
1204 2171 1317 2225 initium
1340 2175 1370 2226 ut
1386 2172 1414 2225 in
1438 2172 1572 2227 Ecclesia
1597 2174 1773 2244 Antiphone.»
1789 2176 1841 2230 de·

118 2257 216 2312 mitate
227 2261 469 2329 comprecamur,
480 2262 611 2316 utillud:
630 2263 763 2332 Domine,
776 2262 889 2317 salvum
902 2262 948 2317 iar
1007 2262 1170 2313 cantentur.
1199 2258 1341 2331 lgnatiua,
1366 2260 1531 2315 Antiochiae
1553 2261 1842 2333 Sprioetcrtiuspost

118 2347 411 2417 reperrrtPsal.x1xl;
429 2354 470 2404 et:
485 2349 611 2404 Orernns
618 2368 674 2422 pro
683 2351 823 2422 pontiden
835 2358 946 2406 nostro.
1006 2348 1173 2416 apostolum
1191 2348 1308 2402 Petrum
1323 2349 1494 2419 episcopua
1512 2350 1563 2420 qui
1578 2351 1666 2407 etiam
1686 2368 1751 2406 cum
1766 2353 1840 2422 ipsis

119 2435 193 2489 Dum
210 2437 319 2491 Preces
329 2437 477 2507 dicuntur,
490 2440 643 2508 sacerdoS,
656 2441 723 2510 quia
740 2442 877 2510 peccator
891 2445 947 2509 est,
1005 2434 1132 2508 degebat
1147 2437 1301 2506 apostolia,
1325 2437 1397 2491 vidit
1413 2439 1587 2510 angelorum
1601 2434 1748 2495 visionem
1764 2458 1839 2513 quo-

119 2540 185 2578 cum
201 2527 406 2595 precatoribus
428 2531 595 2597 prostratus
620 2533 675 2584 est,
698 2529 949 2600 sedquinvicam
1004 2524 1092 2578 modo
1121 2541 1174 2595 por
1202 2526 1387 2596 antiphonas
1412 2531 1524 2582 sanctae
1540 2528 1674 2583 'trinitati
1703 2530 1841 2585 dicebant

117 2617 196 2669 tanet
211 2615 336 2684 Christi,
359 2617 463 2671 stando
486 2617 557 2671 dicit
575 2617 752 2686 Orationem,
770 2622 800 2672 ut
815 2634 949 2672 resurre·
1005 2612 1149 2684 Hymaos.
1167 2614 1256 2685 Isque
1274 2616 1392 2671 modum
1407 2617 1535 2672 visionis
1552 2618 1743 2674 Antiochense
1752 2621 1841 2674 tradi-

118 2704 244 2759 ctionem
254 2706 364 2759 recolat
372 2704 439 2775 ejus
449 2706 637 2777 cujusvicem
645 2709 732 2762 tenet.
744 2708 775 2761 ln
786 2707 948 2762 Dominicis
1004 2700 1087 2756 disse
1103 2703 1245 2773 probatur
1255 2704 1401 2759 Ecclesiae
1414 2721 1420 2774 3
1433 2709 1461 2759 et
1472 2722 1509 2760 ex
1520 2705 1577 2760 hoc
1586 2707 1621 2761 ad
1632 2711 1754 2761 cunctas
1763 2712 1840 2762 tran-

116 2795 146 2847 et
161 2794 279 2848 festivis
294 2794 400 2849 (liebus
416 2812 474 2849 non
494 2796 568 2850 liunt
582 2795 753 2868 hujusmodi
773 2797 881 2851 l'reoes
896 2811 950 2866 per
1006 2790 1076 2844 sivit
1091 2791 1255 2847 Ecclesins.
1284 2793 1450 2864 Antiphone
1466 2799 1563 2849 autem
1586 2796 1693 2849 dicitur
1707 2813 1742 2851 eo
1762 2797 1839 2867 quod

117 2881 224 2950 Horas,
237 2883 313 2936 ulad
325 2885 495 2938 memoriam
511 2886 702 2953 reducamuS,
720 2885 789 2956 quia
807 2885 836 2939 in
852 2885 948 2939 tutum
1005 2878 1502 2951 juxtaejusmodulntionemaltera
1512 2901 1582 2954 pars
1592 2884 1674 2938 chori
1687 2887 1839 2940 contraul-

116 2974 347 3040 resurrectione,
359 2974 410 3028 ubi
422 2974 477 3027 erit
487 2990 556 3028 vera
573 2974 694 3028 libertos
705 2977 813 3028 atvero
828 2979 948 3029 sancto·
1006 2970 1100 3023 teram
1111 2974 1206 3037 sonet,
1217 2971 1286 3026 dum
1296 2971 1450 3026 dute'cbori
1459 2973 1710 3042 pattesspalnvum
1719 2975 1840 3029 alterna·

117 3076 181 3115 rum
193 3078 259 3116 cum
270 3063 386 3134 angelis
398 3063 538 3131 societas,
551 3062 629 3117 nulla
645 3063 812 3133 deprecatio
828 3080 882 3134 pro
896 3064 948 3117 mi·
965 3057 1055 3148 clim
1072 3057 1237 3113 decantant.
1255 3060 1326 3114 Post
1342 3060 1406 3115 haec
1422 3061 1557 3130 sequitur
1572 3061 1674 3115 Lectio
1689 3078 1704 3115 a
1721 3065 1839 3132 pastore

117 3151 206 3206 scriis
222 3151 277 3205 erit
292 3152 475 3206 necessaria.
493 3151 634 3206 Salutatio
645 3152 786 3222 p1aecedit
802 3156 831 3207 et
846 3153 950 3207 subse·
1004 3147 1127 3216 prolata,
1146 3148 1252 3203 deinde
1263 3148 1447 3219 spalmus-El
1457 3147 1596 3220 quoniam
1611 3149 1641 3204 in
1651 3166 1687 3204 eo
1698 3151 1801 3205 suavis
1811 3154 1840 3207 et

116 3240 217 3310 quitur
243 3240 428 3310 Orationem,
459 3243 578 3311 propter
600 3240 747 3311 duplicem
772 3241 887 3296 Domini
912 3242 947 3295 nd
1003 3235 1838 3309 beneplacitaestmodulatio,necorsuioblitumperau-

116 3328 281 3399 discipuloa
296 3328 500 3384 salutationem
512 3329 656 3384 dicentis:
674 3330 742 3384 Pax
759 3330 946 3399 vobistdoan.
1004 3326 1136 3394 perbiam
1146 3327 1837 3405 quaeexdulcimodulationenasci‘soletevanu-

116 3419 178 3487 xx).
197 3417 269 3473 Post
282 3419 450 3473 Orationem
470 3423 566 3472 autem
582 3419 718 3488 sequitur
734 3419 949 3473 Benedicamus
1003 3414 1063 3468 eris
1076 3416 1212 3487 sequitur
1222 3432 1329 3471 versus
1338 3432 1391 3486 por
1401 3416 1627 3487 quernmensad
1638 3432 1670 3470 se
1680 3421 1838 3471 revocatur

114 3505 248 3572 Dorrnno,
267 3513 296 3561 et
307 3506 369 3562 Deo
382 3507 507 3577 pretias,
521 3507 589 3577 quia
605 3506 683 3561 aient
699 3507 851 3573 llominus,
868 3510 948 3577 post·
1005 3505 1033 3557 et
1048 3504 1203 3571 excitatur,
1221 3508 1251 3559 ul
1267 3503 1373 3560 melius
1387 3504 1517 3559 attendat
1531 3504 1684 3575 sequentia
1697 3504 1837 3575 hymnum

116 3610 205 3666 qnam
221 3595 359 3651 salutavit
373 3595 547 3665 discipulos,
561 3595 666 3649 iterum
682 3595 833 3650 benedixit
848 3595 902 3664 eis,
920 3598 949 3650 et
1005 3592 1224 3648 scilicetbeatae
1232 3594 1341 3660 Mariae,
1351 3593 1837 3664 quiadexpellendasdiurnaaille·

114 3681 157 3737 illi
169 3685 280 3756 gratias
290 3684 445 3739 referendo
454 3684 651 3738 adoraverunt
659 3699 736 3751 eum,
747 3683 784 3736 ita
793 3684 949 3754 presbyter
1005 3681 1112 3735 cebras
1122 3681 1151 3735 in
1160 3681 1242 3736 initio
1252 3682 1348 3737 noctis
1356 3683 1537 3736 decantatur.
1545 3681 1636 3747 Quam
1645 3681 1724 3736 anim
1732 3698 1836 3752 super·

115 3771 165 3842 qui
181 3772 310 3827 vicarius
322 3772 389 3843 ejus
401 3775 457 3839 est,
469 3775 537 3841 post
555 3772 659 3826 iterum
677 3771 782 3825 iactam
794 3772 948 3826 salutatio·
1004 3769 1052 3823 bia
1062 3770 1092 3823 in
1101 3770 1147 3824 die
1163 3771 1238 3840 rapit
1248 3775 1331 3825 extra
1341 3787 1384 3838 se,
1394 3769 1519 3824 audiens
1530 3770 1683 3842 llispersit
1692 3771 1837 3841 superbos

115 3875 182 3914 nom
192 3861 391 3916 confratribus
403 3862 487 3915 dicit:
500 3860 855 3925 IicnedicnrnusDomino,
868 3861 948 3914 scili·
1003 3858 1084 3920 (Lare.
1093 3859 1123 3929 ι),
1133 3858 1426 3914 revertatur·adse.Si
1435 3859 1838 3929 quemtemporaliumrerum

115 3951 161 4001 cet
172 3949 376 4005 subaudiendo
388 3950 476 4022 cujus
488 3949 619 4003 mambra
637 3965 741 4003 sumus
753 3949 781 4003 in
793 3965 850 4019 quo
861 3950 948 4003 baue-
1002 3947 1149 4016 appetitus
1157 3948 1281 4002 delectat
1289 3949 1321 4002 di
1326 3949 1403 4002 vites
1409 3948 1524 4003 dimisit
1532 3947 1796 4011 inanestibidleum
1802 3948 1838 4001 ad

116 4033 243 4090 dicimur
258 4052 372 4091 omnes.
391 4038 425 4091 bt
441 4037 606 4092 confratres
626 4038 736 4109 gratias
752 4037 883 4092 referunt
900 4039 946 4091 di·
1002 4051 1035 4089 se
1051 4035 1188 4090 retrahat.
1205 4035 1235 4091 Si
1245 4052 1332 4107 quem
1342 4035 1611 4106 specialisaillictio
1621 4036 1787 4105 conturbat,
1798 4052 1840 4090 re·

115 4127 233 4178 centes:
252 4125 314 4179 lieo
327 4127 453 4197 pretias.
1002 4125 1113 4196 cogitet
1127 4125 1195 4195 quia
1205 4125 1347 4180 Dominus
1362 4124 1475 4179 exaltat
1485 4125 1613 4179 liurniles
1628 4125 1726 4195 (ibid).
1744 4125 1774 4180 Si
1791 4125 1837 4178 eui

1001 4212 1118 4282 obrepit
1133 4214 1262 4283 petentia
1272 4212 1364 4283 hujus
1376 4212 1490 4281 saculi,
1503 4213 1739 4284 suppa-imateam
1746 4213 1839 4285 Depo·

1000 4302 1193 4372 snipotantes
1203 4302 1302 4371 (ibid).
1313 4302 1353 4355 De
1364 4303 1506 4367 oratione,
1517 4305 1545 4354 et
1555 4301 1672 4372 quando
1681 4317 1787 4372 preces
1797 4301 1838 4356 ia·

149 4392 180 4446 ln
193 4395 289 4448 noctis
300 4394 393 4464 initio,
406 4395 615 4449 solevidelieet
626 4395 789 4460 occidente,
802 4395 943 4463 vesperti-
959 4393 985 4452 D
1001 4389 1114 4443 ciendae
1130 4390 1199 4457 sint,
1217 4391 1262 4443 vel
1278 4406 1347 4457 oon,
1365 4394 1392 4443 et
1402 4406 1493 4460 ‹punre
1505 4391 1644 4461 superius
1656 4390 1765 4443 dictum
1781 4394 1836 4445 cst.

112 4497 182 4536 num
195 4483 255 4537 Deo
263 4482 415 4538 ollerimus
427 4483 617 4547 sacrificium,
630 4484 747 4553 quando
756 4484 792 4537 ad
806 4483 945 4537 cantiten-

113 4570 182 4625 dum
201 4573 325 4626 Domino
347 4573 552 4628 convenimus.
574 4573 649 4626 llicit
669 4573 802 4626 lsidorns
821 4573 852 4625 in
867 4571 944 4625 libro

279 4272 348 4323 tina.
366 4269 400 4323 V.
418 4270 461 4324 De
477 4269 575 4324 cilicio
595 4270 774 4340 vespertino.

1204 4535 1274 4585 liar.
1292 4532 1403 4586 vum·
1421 4531 1627 4603 Corrrplrtorio.

113 4658 381 4733 Etpmologinrum:
400 4661 607 4731 Vespertinum
619 4662 837 4717 osticiumestin
849 4661 944 4714 noctis
1036 4658 1266 4728 ooniplctorium
1278 4656 1345 4710 ideo
1358 4656 1475 4724 dicitur,
1489 4656 1556 4727 quin
1568 4656 1597 4708 in
1608 4671 1644 4710 eo
1654 4655 1838 4725 complentur

112 4748 196 4803 initio
210 4755 346 4805 vocatum
361 4767 377 4803 a
394 4751 478 4806 stella
490 4766 625 4821 vespera,
639 4766 705 4821 quaa
721 4751 817 4821 surgit
832 4749 945 4803 oriente

113 4841 209 4891 noete.
227 4834 263 4890 at
278 4840 464 4910 Augustinus
483 4840 512 4893 in
528 4840 643 4909 psalmo
659 4855 750 4893 xxix:
769 4839 900 4908 Vespera
915 4839 946 4892 llt

112 4924 945 4998 quandosoloceiditflincpossumusconjicere,quando

112 5011 207 5066 laetos
223 5016 252 5067 et
265 5031 281 5067 a
296 5015 397 5068 servili
414 5031 503 5085 opere
518 5015 640 5071 laniatos
656 5017 721 5071 dies
737 5016 944 5084 observamus,

112 5101 191 5172 quod
206 5115 259 5156 eos
280 5102 440 5157 observare
461 5104 604 5159 debemus
623 5122 638 5158 n
654 5120 781 5175 vespera
798 5105 945 5175 usquead

112 5203 279 5259 vesperam,
291 5190 320 5243 id
332 5194 426 5245 estex
441 5206 500 5261 quo
518 5192 563 5246 sol
580 5193 687 5246 occidit
698 5209 794 5264 usque
805 5193 841 5246 ad
856 5192 947 5248 alium

112 5277 187 5332 solis
207 5293 357 5333 occasum.
380 5277 574 5343 Quotidianus
600 5297 674 5334 usus
700 5284 801 5335 noster
822 5283 901 5336 tenet
915 5284 947 5335 ut

110 5367 946 5440 quinquepsalmoscantemusinoillciovespertinoQuis

111 5456 190 5512 anim
205 5457 310 5526 nescit,
327 5472 495 5528 quanquam
510 5475 564 5528 per
574 5461 700 5530 qviatuor
711 5459 801 5513 horas
817 5459 875 5515 diei
890 5476 945 5515 nos

113 5544 173 5600 Deo
185 5545 466 5619 commendavimus,
474 5547 552 5601 sicut
561 5546 763 5617 supradictum
771 5551 826 5618 est,
837 5552 945 5619 quanta

112 5634 319 5704 impedimenta
339 5639 366 5689 et
386 5639 457 5706 quot
480 5634 607 5691 tristitiae
631 5650 685 5691 sau
710 5636 818 5691 laetitiae
842 5637 945 5692 inanes

1000 4762 1067 4818 qliae
1084 4763 1180 4816 usque
1204 4746 1240 4799 ud
1262 4744 1448 4798 dormitionis
1465 4745 1593 4814 quietem
1608 4743 1742 4797 iacienda
1758 4748 1836 4798 sunt.

1002 4835 1086 4891 Unde
1102 4835 1214 4905 etapud
1226 4833 1555 4888 monachostenelurex
1568 4833 1681 4904 llegnla
1693 4832 1771 4887 beati
1781 4832 1837 4886 llc-

1003 4924 1112 4978 aedicti
1124 4927 1154 4977 ut
1165 4923 1200 4976 ad
1213 4921 1281 4994 ejas
1292 4921 1391 4976 cilicio
1401 4920 1529 4975 claustra
1544 4921 1605 4976 oris
1617 4921 1758 4990 muniunt,
1767 4925 1837 4975 elea

1000 5011 1214 5067 alienatae-iant
1229 5028 1245 5064 a
1261 5011 1408 5065 communi
1425 5010 1574 5082 colloquio
1590 5025 1685 5081 usque
1701 5010 1769 5064 dum
1785 5010 1837 5064 ite·

1000 5117 1066 5155 rum
1076 5102 1112 5155 ad
1129 5116 1218 5170 opera
1235 5100 1364 5154 redeant.
1379 5101 1410 5153 ln
1425 5114 1460 5154 eo
1475 5098 1575 5154 alticio
1592 5101 1717 5170 quatuor
1731 5099 1837 5168 psalmi

999 5189 1172 5244 recoluntur
1185 5204 1281 5260 usque
1296 5188 1332 5242 ad
1349 5188 1487 5242 Versum.
1505 5188 1536 5241 ln
1558 5190 1683 5258 quatuor
1699 5186 1836 5257 psalmis,

1000 5275 1835 5349 quatuoretementunostricorporislleocommcndnmus

1000 5366 1083 5433 Quod
1107 5367 1266 5421 ostendunt
1282 5366 1345 5435 ipsn
1367 5365 1549 5435 psalmorum
1566 5364 1667 5419 verba.
1687 5365 1719 5417 In
1739 5365 1837 5434 primo

1001 5457 1109 5511 dicitur
1126 5472 1132 5510 :
1148 5455 1182 5509 In
1195 5471 1268 5526 pace
1294 5453 1469 5525 inidipsum
1488 5454 1632 5508 dormiam
1654 5458 1684 5507 et
1700 5454 1836 5525 requies·

1002 5562 1064 5600 eam
1079 5543 1174 5614 (Psal.
1191 5546 1242 5612 iv).
1261 5543 1344 5608 erod
1364 5542 1432 5597 licet
1448 5542 1590 5612 propbeta
1606 5542 1642 5596 dc
1659 5541 1835 5597 dormitione

1001 5635 1105 5690 mortis
1121 5633 1307 5709 intellexerit,
1325 5630 1577 5687 tameninstitutor
1589 5630 1678 5685 olilcii
1690 5629 1726 5684 ad
1739 5631 1835 5685 somni
