3816 6030
47 269 129 335 1125
708 271 937 340 SERMONES
960 271 1137 339 CENTUM
1705 277 1785 346 1126
1839 370 1847 382 ¹

10 448 30 491 “
53 472 253 528 maledictioni
262 471 469 544 subjiciamus.
486 473 545 529 Sed
560 473 617 529 etsi
631 473 734 528 Aehan
746 473 887 545 spiritua·
900 458 930 518 Α
947 476 1030 529 trans
1045 473 1205 531 «Iordanem
1227 475 1358 531 hostium
1382 491 1475 548 regna
1499 476 1654 548 subvertit,
1679 478 1783 535 dividit

10 522 885 632 hlaempraevaricationemspiritualianathematecontami·
944 562 1779 638 terramvictoripopulo,etpersingulasurbes,viculos,

10 630 25 715 Ι,
48 650 573 716 natuminternosonimadvertimus,
590 652 764 706 statimeum
781 651 888 705 advel-
944 654 1071 718 montes,
1086 651 1384 722 flumina,torrcntes,
1395 654 1782 729 atquecontlniaEcclesiae,

10 721 23 763 ¹
47 738 112 793 lem
134 739 347 793 humiliationis
373 740 580 809 perducamus,
609 739 767 809 lapidibus,
784 739 814 794 id
839 743 887 795 est
947 739 1781 815 coelestisquehierusalemspiritualiaregnadescribit.»

10 806 19 855 ¹
49 827 134 882 duris
143 827 245 881 verbis
257 828 428 896 obruamus,
439 830 479 893 ut,
488 828 672 898 quantumad
684 829 883 899 nospertinet,
945 828 994 883 Sic
1002 828 1092 883 lesus
1104 831 1217 898 noster,
1234 828 1330 900 ejecto
1342 830 1475 903 principe
1486 830 1586 885 mundi
1598 833 1627 885 et
1637 831 1782 889 militibus

10 905 21 943 Ι
47 917 244 972 mortificetur
255 917 382 985 diabolo,
394 918 473 971 vivat
490 918 561 986 Deo,
574 932 622 987 ne,
643 918 668 971 si
685 916 752 988 ejus
768 917 884 987 eulpam
944 915 1011 988 ejus
1023 916 1116 987 toros,
1129 918 1159 971 in
1171 917 1274 972 electis
1289 920 1437 988 operatur,
1451 918 1519 973 dum
1531 919 1780 993 modouaicuique

10 995 19 1034 ¹
48 1006 245 1075 sustinemus,
258 1004 600 1076 apudjustumjudicem
611 1005 807 1061 deeousensu
818 1022 886 1076 pec·
943 1005 1033 1060 datur
1055 1003 1259 1061 manifestatio
1280 1005 1416 1078 Spiritus
1437 1007 1476 1063 ad
1493 1008 1662 1075 utilitatem,
1679 1008 1782 1064 etalii

10 1086 17 1139 ¹
49 1095 109 1149 cati
125 1093 263 1163 convicti,
281 1094 441 1164 participes
463 1094 721 1149 contaminationis
736 1093 803 1166 ejus
825 1095 887 1149 exi·
946 1094 1063 1166 quidem
1080 1094 1169 1150 datur·
1180 1110 1239 1167 per
1253 1094 1392 1166 spiritum
1416 1111 1516 1151 sermo
1534 1096 1701 1168 sapientiae,
1727 1096 1784 1153 alii

10 1182 16 1227 i
49 1184 176 1237 stamus.
193 1181 368 1238 Consentire
383 1187 431 1238 est
439 1186 547 1254 tacere,
560 1199 627 1239 cum
635 1182 737 1254 possis
749 1199 886 1255 arguere.
943 1198 1041 1238 sermo
1049 1183 1194 1252 scientiae,
1203 1182 1294 1238 alteri
1300 1181 1442 1253 fidesalii
1447 1185 1547 1256 pratia
1554 1184 1783 1252 sanitatum,alii

10 1266 175 1342 'Semper
194 1273 292 1343 itaque
317 1288 466 1327 memores
484 1273 579 1328 simus
604 1272 682 1344 quod
707 1287 761 1342 per
784 1272 888 1327 hohan
944 1271 1779 1347 operatiovirtutum,aliiproplretia,aliidisoretiospiri-
1878 1337 1883 1341 ,

10 1359 12 1394 l
49 1359 202 1415 hominem
218 1364 297 1415 totus
315 1361 406 1415 lsrael
421 1361 557 1417 turbatus
574 1365 630 1416 est.
641 1361 753 1416 Adhoc
769 1376 888 1433 quoque
945 1366 1034 1429 tuum,
1045 1359 1406 1433 altipeaeralinpuarum,
1420 1362 1475 1416 alii
1489 1361 1703 1434 interpretatio
1712 1378 1781 1419 scr·

49 1453 187 1519 spectare
203 1450 320 1504 videtur
334 1450 414 1522 quod
429 1451 539 1506 Paulus
565 1449 727 1506 Corinthiis
750 1449 888 1505 scribens
944 1465 1060 1504 monum
1071 1448 1120 1516 (II
1134 1449 1202 1504 Cor.
1224 1449 1287 1520 xu),
1306 1452 1334 1504 et
1349 1449 1537 1519 postmodum
1552 1451 1712 1524 unicuique
1728 1467 1779 1508 so·

48 1537 86 1591 de
97 1537 146 1591 illo
155 1553 213 1592 uno
224 1537 402 1593 fornicatore
414 1538 502 1594 dixit:
515 1539 654 1594 Nescitis
662 1539 729 1610 quia
744 1538 889 1594 modicum
945 1538 1074 1593 cundum
1092 1536 1285 1594 differentiam
1302 1538 1447 1593 donorum
1461 1538 1607 1594 tribuetur
1616 1539 1780 1601 differentia

47 1624 230 1681 fermentum
248 1633 335 1682 totam
357 1643 484 1682 massam
507 1627 693 1698 corrumpit?
713 1626 890 1699 Expurgate
946 1626 1111 1683 coelestium
1119 1627 1276 1697 bonorum,
1287 1629 1315 1682 et
1333 1627 1498 1683 secundum
1507 1628 1610 1683 merita
1618 1628 1783 1687 retribuen-

51 1714 890 1786 vetussermeatum,utsitisuovacouspersio,sioutestis
945 1720 993 1770 tur
1019 1716 1150 1786 praemia.
1175 1716 1243 1771 Non
1273 1716 1374 1788 igitur,
1402 1716 1520 1787 tratres,
1543 1733 1728 1775 marceamus
1751 1719 1783 1775 in

48 1805 151 1876 azymi
161 1803 187 1874 (l
199 1805 266 1859 Cor.
277 1805 317 1875 v),
332 1805 398 1859 Nou
407 1808 503 1861 autem
521 1806 617 1860 solum
632 1805 769 1872 maxima,
792 1804 845 1859 sed
859 1805 887 1858 et
946 1821 1055 1877 pugna,
1068 1805 1145 1859 sicut
1157 1805 1210 1859 tilii
1222 1805 1325 1874 lsrael,
1335 1805 1445 1876 quibus
1456 1806 1495 1859 ait
1506 1805 1612 1861 Josue:
1629 1806 1784 1882 Usquequo

45 1892 171 1947 minima
187 1909 313 1964 qumque
329 1897 449 1965 peccata
464 1894 608 1949 dehemus
624 1894 771 1949 internos
789 1892 884 1948 corri-
946 1893 1091 1948 marcetis
1106 1893 1236 1965 ignavia,
1254 1901 1284 1948 et
1297 1909 1354 1948 uon
1378 1894 1504 1949 intratis
1518 1894 1557 1949 ad
1568 1896 1782 1966 possidendam

47 1997 133 2053 gere,
151 1998 188 2037 ne
203 1982 230 2036 si
246 1986 440 2038 succrescant
455 1984 484 2037 et
498 1983 686 2053 roborentur,
704 1981 825 2038 difficile
838 1981 888 2037 vel
948 1980 1784 2055 terram,qiranrDomiausDeuspatrumvestrorumdedit

54 2070 734 2140 nullatenusvalcantemendari.Beatuseuim,
745 2071 794 2144 qui
808 2077 888 2127 terret
948 2070 1055 2126 robis?
1078 2070 1178 2140 (dosoc
1199 2071 1292 2143 xum).
1310 2071 1481 2143 Pugnemus
1497 2072 1594 2143 itaque
1609 2072 1735 2129 viriliter
1750 2073 1781 2129 in

55 2163 86 2214 et
98 2158 175 2213 alliit
188 2160 331 2232 parvulos
349 2176 417 2216 suos
428 2161 466 2216 ad
472 2167 589 2233 petram
598 2161 691 2230 (Psal.
705 2159 836 2231 cxxxvi).
854 2159 890 2214 Et
946 2162 1089 2230 tempore,
1113 2162 1143 2213 ut
1158 2159 1325 2214 sublimiter
1348 2175 1525 2215 coronemur
1548 2160 1578 2214 in
1603 2162 1776 2219 aeternitate.

53 2248 142 2303 illud:
155 2247 210 2313 Qui
216 2249 336 2303 minima
343 2250 515 2315 coutemnit,
523 2249 666 2322 paulatim
674 2248 886 2314 detluetlEccl.
947 2247 1031 2313 Quod
1047 2248 1135 2303 uobis
1151 2251 1294 2318 prestare
1310 2248 1448 2320 dignetur
1458 2249 1549 2304 lesus
1563 2249 1712 2320 Christus
1723 2253 1780 2309 ete.

51 2337 127 2405 aux).
140 2338 202 2392 Nec
222 2339 251 2392 in
268 2338 410 2408 colandis,
422 2338 657 2408 dissimulandis,
669 2338 888 2409 tolerandisque
1234 2336 1363 2392 suamc
1375 2337 1495 2393 Lxxll.

49 2426 134 2481 vitiis
142 2426 248 2481 alienis
255 2427 466 2483 misericordes
474 2427 890 2498 cupiamusexistimari:quia
947 2425 978 2481 la
994 2441 1069 2480 anuo
1085 2441 1170 2497 noro,
1190 2426 1239 2481 vel
1249 2427 1280 2480 iu
1296 2425 1482 2482 testosaneti
1491 2427 1615 2484 daunais
1625 2428 1779 2503 Baptiste.

52 2515 132 2570 sicut
141 2515 449 2588 meliorestiuiquitas
461 2517 528 2583 viri,
539 2516 889 2589 quamberelaeleasma-
985 2514 1155 2570 Benediees
1166 2530 1282 2570 coronae
1292 2514 1639 2589 auuibeoipnitatistuae,
1653 2519 1784 2592 etoampi
1825 2530 1828 2534 ’

51 2603 223 2674 Iie1·(Ecel.
248 2606 328 2674 xiii),
346 2607 391 2658 sic
407 2605 504 2677 magis
525 2605 683 2660 laudabilis
698 2605 815 2660 videtur
830 2604 890 2659 hlia
950 2604 995 2657 tui
1000 2603 1197 2675 replebuntur
1205 2604 1350 2660 abertate.
1358 2604 1563 2677 Pinguescent
1578 2608 1712 2679 speciosa
1728 2607 1783 2664 de·

52 2693 140 2762 lude,
164 2709 231 2764 queo
255 2709 315 2748 non
339 2694 467 2748 sustinet
480 2694 674 2765 iniquitatem,
697 2710 785 2765 quam
799 2710 890 2767 reges
948 2692 1027 2747 serti
1042 2698 1071 2747 et
1092 2691 1291 2748 exsultatione
1305 2692 1397 2748 eolles
1415 2695 1598 2766 accingetur,
1615 2699 1671 2751 etc.
1687 2695 1781 2767 (Psal.

56 2782 160 2851 lsrael,
177 2782 226 2853 qui
242 2783 339 2853 inepte
355 2783 515 2837 clementes
528 2786 607 2838 sunt.
624 2782 669 2836 ud
683 2783 760 2838 hane
771 2799 890 2855 quoque
948 2780 1300 2851 uxiv).Quamadm0dum
1308 2781 1577 2839 Deusadmirabitis
1588 2783 1783 2842 etlaudabilis

58 2872 204 2925 rationem
218 2872 369 2941 respicere
384 2872 500 2926 videtur
515 2872 586 2927 illud
602 2872 697 2926 saneti
712 2873 888 2944 Augustini:
948 2872 994 2924 est
1010 2869 1040 2923 in
1052 2870 1207 2939 ereaturiS,
1230 2870 1466 2926 sicodmirabilis
1485 2875 1513 2927 et
1525 2872 1682 2928 laudabilis
1692 2878 1739 2930 est
1753 2874 1784 2930 in

61 2983 71 3007 a
87 2959 116 3013 Si
130 2960 295 3014 tratertuus
307 2961 416 3014 vulnus
426 2960 515 3014 habet
531 2962 562 3014 in
581 2976 714 3031 corporo,
727 2961 806 3032 quod
821 2961 891 3016 velit
949 2956 1638 3031 Scripturis,quiasicutuosadcognoscendum
1649 2965 1782 3019 etaman·

59 3049 200 3104 occultari
212 3049 281 3104 dum
292 3049 373 3104 timet
387 3049 495 3119 secari,
508 3065 605 3104 nonne
622 3050 782 3104 crudeliter
791 3049 845 3104 abs
863 3054 890 3104 te
948 3046 1017 3101 dum
1037 3061 1070 3101 se
1087 3047 1206 3101 instruit
1217 3050 1245 3101 et
1263 3047 1363 3101 incitat
1380 3064 1433 3118 par
1443 3051 1604 3119 creaturas,
1617 3051 1657 3104 ita
1670 3066 1727 3106 nos
1743 3051 1781 3106 ad

54 3138 203 3208 sileretur,
235 3141 263 3192 et
289 3138 522 3192 misericorditer
548 3139 751 3193 indicaretur?
775 3137 888 3204 Quanto
908 3116 934 3179 0
949 3138 1106 3206 utrumque
1119 3135 1205 3190 docet
1216 3135 1392 3191 etadmonet
1402 3153 1455 3208 per
1465 3136 1644 3208 Scripturas.
1659 3138 1744 3195 Unde
1757 3143 1786 3196 et

56 3241 130 3298 ergo
141 3227 239 3296 potius
249 3227 340 3281 debes
352 3225 541 3282 manifestare
557 3225 709 3297 spirituale
720 3226 839 3296 vulnus,
852 3242 889 3282 ne
948 3225 979 3279 in
993 3224 1096 3294 paucis
1111 3224 1213 3279 verbis
1236 3239 1303 3296 quoe
1327 3226 1549 3296 proposuimus,
1574 3227 1710 3282 diversas
1735 3228 1782 3283 di-

59 3315 191 3369 deterius
207 3319 358 3386 putrescat
379 3316 409 3369 in
426 3316 538 3370 eorde?
562 3316 738 3387 Satagamus
762 3316 889 3386 (lenique
949 3328 1106 3368 versorum
1116 3313 1236 3368 diverso
1252 3312 1339 3368 modo
1359 3314 1455 3385 typice
1471 3314 1558 3370 nobis
1570 3314 1713 3371 describit
1725 3316 1786 3372 vir-

54 3420 155 3458 arcam
166 3404 365 3474 sapientiaeud
380 3405 518 3460 diversos
534 3404 684 3459 auditores
699 3403 890 3474 praedicando
950 3404 1039 3472 tutes,
1052 3402 1341 3473 quibuserudiamur
1360 3406 1389 3457 et
1399 3419 1596 3474 provocemur
1609 3404 1667 3461 alio
1682 3405 1781 3462 etalio

55 3493 440 3565 circumducere,etinipsis
451 3493 891 3564 vociterationepredicationis
952 3491 1050 3562 modo,
1061 3491 1210 3546 declinare
1229 3508 1245 3546 a
1260 3492 1348 3563 malo,
1362 3494 1391 3546 et
1406 3492 1505 3548 facere
1520 3493 1649 3550 bonum:
1666 3495 1784 3568 ingredi

55 3586 169 3636 nostrae
188 3584 368 3637 munimenta
383 3583 491 3638 diaboli
516 3583 745 3654 circumquaque
762 3583 891 3637 subver-
952 3581 1017 3635 sine
1030 3581 1154 3651 macula,
1167 3583 1196 3635 et
1206 3580 1493 3651 operarijustitiam:
1511 3582 1637 3638 evadere
1652 3599 1782 3656 poenam,

64 3675 135 3726 tere.
153 3671 375 3726 lncitamentum
399 3672 487 3727 nohis
511 3675 580 3727 sunt
602 3671 716 3727 adhoc
739 3671 892 3745 negotium
950 3670 1140 3741 etaequirere
1156 3669 1469 3741 gloriam.Beuedices
1485 3673 1780 3729 coronarannibeni-

56 3760 154 3813 sancti
167 3760 329 3830 prophetae,
347 3762 398 3832 qui
412 3760 537 3815 verbum
553 3761 605 3815 Dei
625 3761 825 3831 praedicando,
847 3763 890 3831 tp·
949 3758 1077 3830 quitatis
1089 3762 1154 3813 ture.
1167 3759 1272 3813 Annus
1280 3757 1473 3831 benignitatis
1489 3759 1597 3814 divinoe
1608 3761 1781 3816 estunivor·

55 3865 167 3903 rauuos
178 3850 369 3919 increpando,
382 3849 566 3904 circuierunt
575 3850 606 3903 ia
621 3849 749 3920 melotis
761 3849 889 3921 inpelli·
949 3846 1435 3919 saletempusgratiae,quodestab
1447 3847 1648 3902 incarnatione
1662 3847 1779 3905 Domini

56 3938 260 4009 buscapriais,
271 3943 399 4009 operies,
412 3939 584 4010 augustiati,
597 3937 713 4004 afflicti,
725 3937 832 4011 quibus
842 3939 889 3993 di-
948 3951 1044 4007 usque
1060 3937 1096 3990 ad
1111 3935 1200 3990 tinem
1224 3934 1334 3989 mundi.
1353 3934 1416 3989 Duo
1438 3950 1565 4007 namque
1579 3937 1779 4006 praecedentia

57 4027 528 4098 prusaoneretmuudiustchr.
545 4026 597 4098 xi).
611 4026 787 4098 Exemplum
801 4028 889 4083 nobis
949 4026 1090 4096 tempora,
1121 4026 1238 4095 tempus
1262 4023 1401 4078 videlicet
1424 4024 1567 4079 naturalis
1589 4024 1784 4099 legis,'quod

54 4115 891 4186 suntadhoeidemsanctiapostoli,quorumhodiesolem·
948 4112 1387 4184 fuitabAdamusqueMoysen,
1398 4115 1676 4186 attempussoriptae
1692 4116 1781 4189 legis,
1840 4171 1843 4176 .

56 4204 307 4275 niaeelebramus3
318 4205 694 4276 quiperregna,regiones.
704 4204 805 4273 urbes,
824 4220 890 4259 cas-
948 4202 1027 4274 quod
1042 4202 1097 4257 tuit
1112 4218 1129 4256 a
1144 4201 1247 4273 Moyse
1271 4218 1367 4275 usque
1392 4203 1428 4257 ad
1444 4202 1605 4276 Christum,
1628 4203 1709 4261 velut
1723 4205 1782 4262 duo

56 4297 112 4364 tra,
121 4294 236 4364 domos
245 4294 525 4365 vicoscircuierunt,
534 4296 562 4348 et
574 4294 753 4364 impietatem
768 4294 889 4349 idolola-
948 4291 1512 4365 anniiracundiaediviuaetuerunt,quia
1522 4292 1668 4364 homines,
1679 4310 1778 4366 quam·

55 4383 121 4437 triae
140 4399 206 4438 eum
222 4384 364 4454 pravitate
377 4383 533 4438 mundante
549 4383 799 4453 concupiscentiae
814 4399 889 4438 sono
906 4379 1111 4473 Dlibetjusti,
1126 4381 1191 4436 sive
1206 4381 1348 4452 propheta
1365 4383 1430 4436 sive
1445 4382 1602 4453 plusquam
1624 4383 1776 4454 propbeta,

58 4472 279 4542 praedicationis
299 4488 402 4528 eorum
417 4472 547 4543 undique
563 4475 741 4543 personante
757 4475 892 4544 potenter
948 4470 1073 4525 necdum
1088 4472 1182 4542 pretio
1199 4471 1410 4541 redemptionis
1424 4471 1531 4540 oblato,
1548 4486 1651 4541 paoem
1667 4471 1783 4542 pertae-

57 4561 279 4616 destruxerunt.
287 4561 490 4633 Elaosigitur,
500 4562 679 4631 charissimi,
688 4561 889 4618 eorumvesti·
950 4562 1006 4613 tam
1015 4574 1082 4613 cum
1096 4559 1158 4614 Deo
1173 4574 1358 4630 nequaquam
1368 4558 1544 4629 habuerunt,
1556 4558 1625 4630 quia
1636 4561 1780 4631 quotquot

58 4651 403 4722 giapromodulonostro
411 4650 632 4723 subsequentes
640 4650 890 4707 militemusinbis
947 4646 1150 4703 moriebantur
1164 4645 1201 4700 ab
1217 4646 1360 4719 ingressu
1383 4646 1486 4718 patriae
1511 4647 1646 4703 coelestis
1660 4648 1779 4705 interim

56 4739 195 4795 omuibus
207 4741 268 4795 Deo
278 4740 334 4795 sub
344 4739 360 4794 J
363 4756 417 4795 esu
426 4742 539 4809 nostro,
550 4740 682 4810 principe
691 4741 794 4794 nostro
800 4755 889 4809 novo,
948 4735 1190 4791 excludebantur.
1202 4735 1365 4806 Postquam
1380 4736 1477 4790 autem
1491 4733 1629 4791 Christus
1644 4736 1675 4790 in
1690 4751 1779 4793 carne

57 4829 153 4899 primo
164 4830 239 4884 duce
250 4827 422 4900 llovsejam
439 4827 588 4883 detuncto.
604 4826 736 4898 Moyses,
750 4828 891 4899 quidedit
947 4825 1037 4893 venit,
1048 4826 1224 4894 Patremque
1239 4823 1327 4878 nobis
1343 4838 1397 4878 sua
1412 4823 1573 4894 passionne
1589 4824 1725 4897 placavit,
1735 4841 1785 4881 an·

58 4917 167 4988 legem,
180 4917 329 4989 signitloat
339 4919 446 4990 legem.
459 4917 562 4987 Mopse
573 4919 699 4986 mortuo,
717 4916 747 4970 id
762 4919 808 4970 est
823 4917 889 4988 lege
948 4928 1005 4968 nus
1014 4912 1206 4984 benignitatis
1216 4911 1324 4967 divinae
1335 4912 1457 4982 exstitit,
1468 4912 1547 4984 quia,
1557 4914 1636 4969 siout
1650 4915 1782 4986 Aposto-

57 5007 222 5061 secundum
233 5007 526 5061 carnalesetveteres
542 5004 748 5060 observantias
763 5008 888 5074 mortua,
948 5000 1786 5074 lussit:ApparuitbenipnitasethumanitasSalvatoris

56 5097 259 5148 consummata
274 5095 338 5149 sive
354 5094 435 5149 linita
449 5094 558 5163 statim,
575 5093 666 5148 lesus
682 5092 818 5149 Salvator
833 5109 889 5148 no·
949 5091 1048 5147 nostri
1063 5089 1121 5146 Dei
1140 5089 1213 5162 (Tit.
1237 5088 1289 5162 m).
1310 5089 1406 5162 cujus
1420 5090 1490 5146 anni
1505 5106 1625 5148 coronae
1638 5091 1783 5149 Dominus

56 5185 128 5252 ster,
146 5182 195 5254 qui
211 5184 352 5253 populum
375 5199 463 5238 suum
478 5182 573 5238 salvat
595 5199 611 5236 a
635 5183 765 5253 peccatis
788 5198 891 5239 eorum
948 5178 1108 5249 benedicit,
1121 5178 1196 5244 ,dum
1212 5181 1272 5234 toto
1293 5194 1384 5234 cursu
1399 5177 1466 5251 ejus
1481 5182 1612 5252 tempore
1627 5181 1704 5238 dona
1719 5198 1783 5238 suae

59 5271 335 5343 (Matth.1).lesus,
351 5272 480 5344 inquam,
501 5271 595 5326 Filius
616 5271 669 5326 Dei
684 5271 890 5327 manifestatus
950 5268 1054 5342 gratita
1070 5268 1158 5323 nobis
1174 5267 1361 5324 incessanter
1374 5268 1513 5340 infundit,
1539 5273 1571 5325 ut
1584 5271 1700 5342 irrigati
1714 5285 1782 5326 rore

57 5362 426 5432 estesseprineepssuper
436 5360 578 5433 populum
593 5359 657 5430 Dei,
665 5363 697 5415 ut
711 5360 890 5433 expugnatis
949 5356 1054 5430 gratiae
1070 5357 1201 5412 fructum
1211 5356 1367 5429 iaciamus,
1384 5358 1463 5415 unde
1478 5359 1645 5431 manipulos
1656 5358 1782 5430 justitiae

55 5451 194 5508 hostibus
206 5450 257 5505 Dei
268 5450 379 5505 dividat
388 5450 497 5521 populo
508 5449 585 5505 dona
594 5448 624 5520 (I
632 5449 700 5505 Cor.
712 5450 777 5521 xri).
799 5448 890 5504 lesus
948 5447 980 5503 in
989 5447 1096 5502 horrea
1108 5445 1241 5503 coelestia
1251 5445 1448 5518 perieramus.
1461 5447 1507 5503 Ex
1523 5447 1617 5519 hujus
1627 5447 1714 5502 annis
1728 5448 1784 5504 be-

55 5556 182 5613 namque
192 5539 272 5596 tilius
281 5539 460 5612 Nave,sieut
474 5539 513 5595 ait
521 5538 733 5611 Hieronymus,
743 5539 774 5596 in
788 5540 890 5612 typum
948 5535 1265 5607 bedictioneplenaria,
1274 5535 1781 5617 campinostrireplenturubertute,

57 5630 175 5695 Domini
194 5647 255 5691 uon
269 5629 367 5691 solum
379 5629 412 5690 in
432 5629 529 5707 gestis
548 5644 653 5688 rerum
668 5630 696 5687 et
710 5627 740 5686 ln
756 5626 887 5705 nomine,
950 5625 1090 5705 speciosa
1097 5625 1208 5687 deserti
1214 5624 1407 5704 pinguedine,
1425 5623 1517 5685 colles
1528 5616 1783 5706 accingunturex-
