3796 6022
125 244 181 308 311
489 244 708 309 APPENDIX
729 242 787 308 Ati
804 240 1002 309 abactae
1027 241 1173 312 OPERA
1194 241 1453 319 becumen
1787 264 1848 328 312

125 448 203 519 quit,
225 450 303 520 quod
320 450 449 505 Verbum
467 453 527 520 est,
545 449 672 521 aequalis
687 453 734 505 eet
746 448 843 506 Patri:
859 462 913 521 per
925 448 955 504 id
968 429 1000 495 Α
1013 450 1043 506 in
1054 466 1075 506 rr
1085 452 1152 510 libr.
1166 452 1358 513 De'lbinitate
1371 461 1449 530 quod
1466 460 1606 518 Glirietus
1620 463 1712 520 voluit
1730 480 1764 521 se
1780 481 1849 522 esse

125 540 203 610 quod
215 541 370 611 esthemo,
382 541 478 613 major
486 544 532 596 est
542 542 638 596 Pater.
649 540 679 597 si
690 540 898 596 Cha-istus'non
909 543 957 595 est
1014 554 1209 614 corporeum..

123 630 152 684 id
167 630 246 701 quod
261 635 308 685 eet
323 632 421 719 bomo,
438 632 585 702 quomodo
603 631 765 702 Apostolus
779 644 848 685 eum
861 644 956 684 annu·
1047 631 1164 697 Quaen.
1182 632 1277 691 xvu.
1290 636 1398 702 Quaero
1409 639 1478 711 qnid
1490 634 1561 697 illud
1574 659 1745 715 corporeum
1758 645 1848 701 tuerit

124 723 217 774 urei-at
231 719 401 774 bominibus
417 721 520 775 dicens
535 737 541 775 :
559 720 668 776 Faetus
683 727 729 775 ast
742 720 858 793 primus
871 720 957 774 boue
1012 719 1060 775 vel
1076 721 1116 776 sit
1129 724 1208 794 quod
1224 724 1355 782 Hilarius
1372 729 1531 784 eontltetur'
1542 730 1676 787 tiniacum
1691 733 1802 801 titisse,
1821 736 1848 788 si

124 808 219 863 Adam
230 808 261 862 iu
271 810 397 863 aninum
406 811 555 864 vir-entem
565 809 804 865 securudusliomo
813 808 956 882 [novissi-
1012 825 1072 865 non
1083 811 1378 872 esthemoconstans
1388 832 1426 872 ex
1436 819 1532 873 anima
1543 823 1571 874 et
1584 824 1696 876 earne?
1707 823 1846 897 Nunquid

125 897 481 970 rriusddanrliusplritum
493 896 954 967 i‘iviticantemttl.Gonxvllit:
1012 901 1107 954 mavis
1123 899 1274 958 Christum
1293 905 1425 960 membra
1449 909 1585 978 corporis
1602 910 1720 965 humani
1736 912 1847 968 babere

124 987 247 1041 Primus
257 988 341 1042 bonro
352 988 389 1042 ule
404 994 486 1042 terra
504 993 659 1052 ter·r·enus;
671 993 701 1041 et
715 988 864 1042 secundus
874 988 958 1041 tiemo
1013 1000 1219 1059 quamverum
1234 1007 1303 1047 esse
1317 993 1477 1051 bominem.
1495 998 1554 1052 Pro
1570 999 1653 1053 lanae
1668 1000 1785 1056 oblatus
1802 1008 1848 1057 est

125 1075 161 1130 ele
173 1076 388 1132 ‹mlocoemstis
402 1078 513 1141 tibidl.
522 1079 606 1134 Unde
617 1078 793 1133 si'Ghristus
804 1085 863 1131 non
875 1079 957 1131 esset
1013 1077 1179 1149 a1iee‚ttiva
1191 1080 1302 1152 hostia,
1314 1084 1494 1153 protlbristo
1503 1100 1575 1142 vero
1586 1089 1751 1144 secundum
1760 1091 1849 1146 deilo-

124 1164 152 1219 id
165 1166 242 1236 quod
254 1170 299 1220 est
309 1164 414 1234 bomo,
427 1183 486 1221 non
500 1168 649 1222 diceretur
659 1167 806 1222 secirudus
817 1161 901 1222 bomo
909 1167 957 1221 uel
1012 1169 1073 1222 tem
1082 1168 1219 1239 passibili
1231 1172 1302 1243 quid
1313 1176 1359 1227 est
1370 1174 1524 1231 oblatum?
1537 1176 1678 1250 Nunquld
1690 1180 1754 1235 solu
1766 1196 1846 1249 euro,

125 1255 306 1310 norissimus
315 1250 453 1327 respectu
464 1257 667 1328 primil'eluti
676 1272 763 1312 nemo
771 1257 842 1311 dicit
852 1257 888 1311 de
899 1272 957 1311 non
1014 1259 1043 1311 et
1057 1270 1117 1312 non
1131 1259 1230 1329 potius
1250 1264 1433 1319 consortium
1456 1266 1562 1320 enimse
1583 1271 1612 1324 et
1632 1268 1740 1339 earnis,
1756 1268 1849 1325 ld‘est

125 1348 225 1400 veste:
243 1346 314 1401 llaec
329 1348 423 1402 vestis
435 1353 481 1402 est
491 1349 595 1418 primu,
605 1348 658 1402 ‘bic
667 1348 795 1403 vestitus
802 1350 852 1402 est
859 1346 956 1401 vestis
1015 1346 1102 1402 bomo
1111 1350 1125 1403 ‘i
1135 1348 1202 1415 Non
1214 1353 1260 1405 est
1269 1351 1400 1408 auditum
1412 1358 1441 1409 ut
1451 1355 1530 1428 quod
1542 1372 1601 1411 non
1616 1360 1662 1412 est
1676 1358 1777 1428 bomo,
1793 1375 1848 1413 ve·

125 1435 299 1490 novissima.
317 1437 346 1491 si
363 1452 435 1509 ergo
451 1438 564 1508 primus
578 1438 667 1493 homo
682 1453 773 1492 verns
788 1437 877 1492 homo
892 1434 956 1504 luit,
1015 1452 1070 1491 ms
1084 1437 1173 1493 bomo
1186 1439 1340 1496 'diceretur
1353 1445 1616 1516 agnusp'asebulis
1632 1447 1682 1519 qui
1696 1446 1848 1503 Christum

126 1523 277 1579 secundus
289 1526 376 1581 bomo
388 1527 535 1598 quomodo
547 1543 605 1582 non
616 1527 700 1582 estid
712 1528 848 1599 quod'est
858 1525 957 1591 homo,
1015 1526 1249 1598 figurabatperat
1258 1531 1379 1602 aliquid,
1392 1535 1420 1587 et
1428 1532 1565 1590 Christus
1574 1535 1736 1591 secumdum
1745 1536 1848 1592 bama·-

126 1613 178 1666 sed
196 1614 310 1669 babens
322 1616 492 1670 bominem‘?
506 1616 599 1671 buter
609 1630 725 1672 omnem
736 1616 868 1672 ordinem
884 1615 960 1669 inter
1015 1615 1134 1671 nitatem
1150 1614 1222 1672 nibil
1236 1622 1320 1674 sint?
1335 1621 1443 1693 Figura
1458 1623 1568 1695 aliquid
1583 1629 1667 1696 erat,
1687 1626 1755 1697 ipsa
1775 1643 1847 1682 vero

128 1702 210 1772 illos,
233 1707 262 1758 et
278 1699 327 1758 ille
343 1721 401 1758 non
416 1705 531 1760 dicetur
544 1707 668 1776 primus,
686 1722 740 1761 nec
755 1707 810 1761 iste
824 1703 957 1760 novissi·
974 1741 1001 1804 Β
1015 1706 1125 1761 terius
1136 1706 1209 1762 nihil
1222 1711 1305 1764 erat?
1317 1709 1384 1765 Non
1395 1712 1473 1766 enim
1484 1713 1610 1782 deitatis,
1623 1712 1677 1769 sed
1688 1715 1849 1770 humanitu-

126 1808 203 1847 mus,
215 1793 247 1848 Si
257 1795 336 1849 enim
346 1797 458 1849 tantum
470 1795 593 1850 baberet
605 1796 755 1850 materiam
767 1794 852 1865 primi
864 1793 958 1849 borni·
1016 1794 1054 1849 tis
1069 1796 1149 1851 adea
1158 1797 1210 1852 uel
1225 1814 1322 1871 agnus
1334 1798 1502 1873 illetlgura,
1522 1804 1576 1858 sed
1592 1802 1759 1860 humanitas
1775 1806 1848 1860 nihil

126 1883 183 1951 nis,
195 1887 221 1937 et
230 1899 290 1938 non
299 1884 485 1956 essetnliqua
494 1885 659 1940 substantia
669 1888 812 1940 constans
824 1900 861 1939 ex
870 1896 959 1938 earne
1017 1889 1073 1953 est,
1090 1886 1142 1941 sed
1154 1887 1252 1959 aliqua
1262 1890 1425 1945 seeundum
1437 1890 1546 1963 dogma
1557 1893 1705 1949 novitatis.
1718 1894 1749 1949 Si
1760 1894 1873 1967 igitur,

126 1974 154 2026 et
168 1973 273 2043 aniina,
287 1974 434 2044 morundo
449 1976 532 2029 esset
546 1975 582 2030 de
598 1975 701 2030 eadem
715 1974 835 2029 mitella
850 1974 886 2028 de
902 1988 960 2045 qua
1018 1974 1105 2030 bomo
1122 1980 1295 2048 assumptus
1309 1992 1369 2034 non
1388 1995 1494 2050 unum,
1517 1982 1570 2036 sed
1593 1981 1690 2053 aliqua
1710 1982 1779 2052 tuit,
1796 2000 1850 2038 nce

126 2062 240 2131 primus
250 2062 359 2117 bomo‘?
368 2058 509 2135 Nunquid
520 2065 567 2118 est
576 2065 766 2134 purpurdlus,
778 2063 881 2118 ethaeo
892 2078 960 2133 pur·
1017 2064 1156 2120 Christus
1170 2066 1280 2138 aliquid
1296 2067 1410 2137 oblulit,
1428 2070 1481 2124 sed
1492 2071 1550 2126 duo
1561 2087 1567 2126 :
1578 2070 1717 2126 Ecclesia
1730 2073 1852 2128 cantite-

127 2167 200 2220 pura
211 2155 338 2221 possunt
349 2153 407 2207 dici
419 2153 455 2207 de
467 2153 569 2208 eudem
589 2154 710 2208 materia
719 2155 733 2208 i
742 2152 842 2219 Quodi
856 2151 960 2208 Gbisto
1017 2157 1066 2208 tur
1080 2155 1155 2210 duas
1170 2158 1290 2212 naturas
1301 2157 1331 2212 in
1345 2157 1465 2214 Gltristo
1480 2159 1589 2215 unitus

127 2240 182 2294 tuit
205 2240 344 2310 animale,
367 2242 499 2313 nunquid
521 2243 619 2296 anima
641 2244 758 2297 caruit?
779 2258 816 2297 an
836 2241 961 2297 animala
1053 2244 1170 2309 Qousr.
1183 2245 1291 2301 xvlll.
1303 2245 1413 2313 Quaero
1430 2249 1501 2319 quid
1515 2249 1645 2320 perduas
1660 2251 1781 2306 naturus
1798 2251 1851 2306 de-

128 2328 182 2384 tuit
193 2333 220 2383 et
232 2346 290 2384 non
302 2330 465 2385 sensibile?
480 2331 585 2385 Nonne
602 2332 629 2386 si
646 2332 757 2386 sentire
776 2348 836 2387 non
851 2329 959 2402 potuit,
1019 2334 1143 2389 beamus
1155 2335 1330 2409 intelligere.
1339 2335 1459 2408 Oportet
1469 2353 1523 2409 per
1533 2338 1607 2393 duas
1618 2341 1739 2394 naturas
1751 2326 1854 2395 intelli-

128 2419 252 2473 animale
268 2436 326 2474 non
341 2418 411 2473 tuit!
428 2420 494 2474 Non
510 2422 588 2474 enim
603 2420 728 2476 animale
743 2421 797 2476 tuit
810 2421 892 2492 quod
907 2436 961 2476 eu·
1019 2438 1091 2496 gere
1106 2426 1155 2479 aut
1174 2425 1249 2480 duas
1270 2424 1450 2497 subtantias,
1475 2429 1524 2482 aut
1537 2428 1733 2499 pioprletates
1749 2445 1853 2488 essen·

126 2506 252 2577 juslibot
266 2522 377 2563 sensus
391 2523 500 2578 expers
515 2508 579 2563 luit.
593 2509 667 2564 Vide
680 2526 764 2582 erpo,
781 2512 808 2565 si
822 2510 960 2566 Christus
1019 2512 1135 2583 tiarum,
1145 2516 1621 2572 autunamsubstantiamctunom
1631 2519 1850 2589 proprietatem.

128 2596 239 2651 sentiro
260 2598 368 2667 potuit,
392 2598 460 2669 quia
483 2598 601 2669 aliquod
623 2591 748 2656 ammale
769 2604 798 2657 et
817 2600 960 2657 sensibile
1019 2599 1096 2667 Quin
1110 2605 1207 2658 autem
1224 2599 1314 2660 ultera
1325 2608 1429 2660 natura
1441 2606 1484 2661 sit
1497 2606 1597 2661 divina
1611 2607 1688 2677 usia,
1704 2624 1790 2664 namo
1806 2613 1863 2665 est·

128 2684 192 2755 tuit,
204 2689 232 2740 et
247 2687 293 2740 sic
313 2687 478 2742 substantia
498 2690 640 2743 constans
661 2704 699 2744 ex
717 2690 813 2745 anima
828 2694 858 2746 et
872 2706 961 2748 mnne
1019 2691 1229 2765 qui'ambigat,
1247 2709 1315 2764 quae
1328 2708 1388 2749 non
1403 2697 1449 2750 est
1468 2711 1505 2749 ex
1521 2696 1710 2766 compositis,
1727 2697 1802 2755 utin
1818 2714 1852 2751 ea

128 2776 192 2831 luit.
1019 2781 1098 2838 aliud
1113 2783 1153 2838 sit
1167 2784 1247 2854 quod
1262 2783 1360 2854 babet,
1372 2785 1401 2838 et
1415 2783 1496 2840 allud
1514 2785 1594 2856 quod
1608 2784 1756 2840 habetare
1770 2784 1852 2841 Nibil

161 2870 278 2936 Qunsr.
296 2873 361 2929 XV.
381 2874 488 2940 Quaero
511 2888 584 2947 ergo
606 2890 643 2929 an
666 2873 792 2929 animale
811 2873 891 2946 quod
907 2873 962 2929 tuit
1019 2873 1153 2928 ostentm
1163 2872 1193 2927 in
1203 2872 1265 2928 lleo
1276 2873 1355 2944 quod
1366 2888 1425 2928 uon
1436 2873 1475 2927 sit
1486 2873 1581 2943 Deus3
1593 2875 1852 2945 quaeanimpossit

123 2963 271 3033 Christus,
283 2963 373 3018 tuerit
388 2964 539 3030 rationale,
552 2978 590 3018 an
600 2970 665 3019 ‘nob
680 2960 846 3020 rationale?
855 2963 913 3019 Sed
924 2963 961 3018 in
1018 2962 1144 3033 partium
1152 2963 1199 3017 vel
1209 2961 1312 3017 formae
1321 2963 1357 3017 ad
1366 2962 1562 3017 substantiam
1570 2963 1679 3018 adesse
1690 2964 1850 3032 concretio,

123 3052 265 3109 rationale
280 3069 350 3109 esse
370 3069 429 3108 non
449 3053 559 3124 potuit,
583 3053 662 3126 quo'd
684 3054 770 3109 bruta
788 3053 885 3108 anima
900 3069 959 3109 nou
978 3057 1034 3120 ca
1049 3062 1108 3122 quo
1124 3053 1221 3106 ereata
1236 3050 1373 3107 consistit
1383 3052 1480 3106 omnis
1492 3049 1585 3106 torma
1596 3052 1752 3124 omnisque
1768 3068 1851 3108 eom·

123 3143 211 3205 vixit:
224 3143 279 3199 init
293 3159 366 3216 ergo
378 3144 519 3199 rationale
534 3146 563 3199 et
576 3144 700 3199 mortale
710 3144 788 3216 quod
800 3143 830 3198 in
840 3142 958 3199 Christo
1017 3142 1118 3214 pago?
1132 3139 1208 3206 Quid
1221 3141 1313 3215 igitur
1328 3157 1381 3212 per
1395 3139 1518 3195 alteram
1528 3143 1662 3196 naturam
1677 3141 1854 3214 intelligitur

123 3235 207 3303 prius
224 3232 424 3304 luitanimule,
437 3248 515 3289 nunc
525 3248 597 3289 vero
613 3233 774 3306 spirituale.
791 3230 875 3299 Quod
889 3246 960 3304 pro-
1018 3228 1850 3302 substantiaanproprietas‘llioreitanmoresolitodiees.

124 3323 174 3377 bat
189 3323 257 3377 talis
273 3324 515 3378 connumeratio:
530 3323 655 3378 Primus
665 3323 749 3379 dome
758 3323 796 3378 ete
807 3329 891 3378 terra
903 3316 961 3378 ter·
1018 3320 1085 3375 Non
1100 3326 1190 3376 unum
1198 3319 1330 3392 aliquid,
1347 3320 1401 3375 sed
1414 3319 1500 3390 plura
1514 3330 1568 3390 per
1577 3320 1703 3374 alteiam
1718 3322 1853 3375 naturam

124 3428 232 3477 1·cuus,·
244 3413 393 3468 secundun
399 3413 436 3467 de
442 3413 516 3468 eoelo
522 3411 693 3484 coelestinii
698 3410 765 3467 Cor.
774 3413 836 3483 bv).
846 3412 877 3468 Si
884 3424 959 3485 ergo
1017 3409 1153 3482 intelligi,
1170 3409 1285 3464 scilicet
1299 3409 1427 3464 animem
1441 3411 1470 3463 et
1485 3422 1606 3480 corpus.

126 3501 277 3556 secundus
290 3500 380 3556 bomo
396 3516 454 3556 non
470 3501 595 3556 essetid
610 3502 688 3573 quod
702 3504 750 3557 est
764 3501 862 3571 bomo,
878 3501 959 3556 nullo
1051 3497 1168 3565 Quusr.
1181 3495 1268 3553 lilii.
1284 3494 1401 3567 Quoero,
1419 3498 1445 3552 si
1461 3497 1542 3552 Deus
1562 3499 1678 3552 crearet
1693 3512 1772 3553 nunc
1786 3499 1850 3553 ani·

125 3590 213 3644 modo
237 3593 500 3646 connumeraretur
523 3606 591 3644 cum
615 3592 709 3661 primo
733 3581 862 3646 bomine.
884 3590 958 3656 Quis
1016 3602 1093 3643 mam
1104 3591 1132 3644 et
1143 3584 1590 3659 carnemnonunitasadaliquid
1601 3587 1850 3657 constituendum,

126 3679 204 3733 enim
219 3678 263 3733 sio
278 3682 488 3734 connumerat:
504 3679 618 3749 primus
632 3678 719 3734 homo
731 3680 834 3749 ludam,
851 3694 958 3735 secun·
1015 3681 1113 3733 utrum
1124 3678 1181 3732 bna
1192 3680 1295 3732 natura
1306 3677 1537 3746 nominarentur,
1547 3688 1585 3730 an
1595 3690 1653 3730 una
1665 3675 1853 3731 substantia?

126 3768 183 3823 dus
195 3769 282 3825 bomo
292 3768 432 3824 Gabriel?
441 3766 542 3825 Solent
551 3768 601 3823 bis
614 3771 642 3823 et
652 3767 825 3839 hujusmodi
835 3782 960 3839 respon·
1014 3766 1089 3831 Quid
1095 3767 1201 3838 plura?
1210 3760 1334 3822 Rectius
1340 3764 1479 3820 Christus
1487 3763 1664 3835 sictrlplieis
1673 3765 1851 3822 substantiae

126 3859 347 3914 deiedieerites.
360 3856 959 3914 ldeodictusesttlbristuseasebumanae
1015 3860 1103 3926 quam
1124 3854 1252 3927 geminae
1274 3854 1431 3921 diceretur,
1456 3869 1511 3909 nee
1533 3853 1653 3925 aliquod
1674 3867 1852 3924 corporeum

127 3952 253 4013 naturae,
270 3947 338 4018 quia
360 3946 448 4001 indus
473 3949 520 4002 est
544 3962 632 4001 earne
655 3949 682 4000 et
697 3946 802 4001 anima.
819 3945 959 4018 Nunquid
1015 3944 1071 4000 erit
1085 3946 1187 3999 contra
1203 3942 1474 4014 llilurlumlleque
1484 3942 1651 3997 substantia
1661 3942 1851 3998 humanitatis

127 4039 230 4091 natura
244 4035 338 4091 vestis
352 4035 467 4091 dicetur
482 4050 552 4091 esse
561 4035 659 4091 vestiti
673 4051 679 4090 :
699 4034 801 4101 Quintis
816 4035 957 4102 eoelestis,
1015 4050 1053 4089 ex
1063 4032 1159 4087 anima
1168 4035 1196 4087 et
1207 4047 1295 4088 carne
1302 4032 1504 4087 contineretur
1512 4033 1614 4086 contra
1626 4030 1850 4102 Hieronymum.

128 4125 203 4180 tales
218 4124 356 4180 caelestes
366 4124 476 4196 (ibid),
488 4130 520 4180 ut
531 4124 601 4179 dicit
611 4123 783 4195 ‘Apostolus
794 4122 961 4180 Unitormie
1016 4123 1120 4194 Neque
1136 4120 1280 4177 audiendi
1302 4124 1372 4176 sunt
1394 4120 1582 4192 Augustinus
1604 4122 1633 4174 et
1653 4112 1785 4175 Hilarius
1801 4120 1851 4192 qui

126 4215 239 4269 naturae
248 4214 429 4269 identitatem
436 4213 780 4284 postulatuelntlo,quam
789 4212 860 4267 lauit
868 4214 961 4284 ›ipos-
1016 4212 1136 4266 dieunt:
1153 4210 1246 4266 Aliud
1262 4207 1398 4274 Verlunu,
1417 4208 1499 4263 aliud
1513 4208 1606 4274 bonu,
1624 4208 1750 4263 seul'uon
1766 4209 1843 4264 alius

126 4304 205 4359 tolus
216 4319 270 4375 per
279 4303 347 4358 talis
361 4305 389 4357 ¹et
405 4303 512 4375 qualis.
525 4298 561 4357 Et
570 4296 641 4358 alibi
652 4301 741 4357 dicit:
760 4301 844 4357 Sicut
855 4309 960 4375 porta·
1017 4301 1105 4355 Aliud
1120 4303 1167 4355 est
1180 4300 1260 4355 enim
1269 4315 1349 4367 esse,
1362 4297 1441 4354 aliud
1453 4294 1574 4352 hibere.
1588 4296 1652 4351 lloc
1664 4300 1710 4352 est
1720 4297 1852 4352 Verbum

129 4394 224 4448 i'iruus
232 4392 390 4464 lmapiuem
399 4392 524 4457 terreni,
531 4391 848 4464 portaminimupiuem
856 4388 959 4447 eoeles·
973 4375 1002 4437 D
1017 4390 1095 4459 vitae,
1108 4387 1353 4461 de'quo'ionnn'es
1364 4386 1451 4442 dicit:
1470 4387 1547 4453 Quid
1557 4386 1725 4441 audirimus
1735 4391 1766 4440 et
1777 4386 1853 4441 vidi-

128 4476 958 4554 tistibid.).QulsestlstecelestisiNonue'lromoVerbo
1016 4495 1090 4544 nius,
1108 4484 1136 4533 et
1151 4494 1254 4533 incrinus
1265 4483 1376 4533 nostrae
1386 4478 1650 4532 corrtreetdverunt
1664 4473 1701 4543 (I.
1717 4474 1802 4530 «toan
1818 4473 1849 4545 r).

126 4573 179 4629 llei
190 4572 301 4644 unitus,
313 4568 675 4644 qnidictusestcteles'tle,
685 4570 853 4641 quiasupua
860 4570 958 4642 legem
1017 4567 1084 4622 Non
1099 4565 1394 4632 solumuudiebattir,
1413 4565 1483 4637 quia
1499 4567 1527 4619 et
1537 4567 1663 4635 paterna
1678 4578 1737 4618 vox
1751 4563 1851 4618 auditu

126 4663 283 4719 humanam
303 4662 339 4716 de
362 4663 465 4715 saneto
485 4658 597 4730 Spiritu
619 4660 780 4733 conceptus
799 4660 867 4713 est?
883 4656 958 4714 Ilitlt
1016 4659 1063 4712 est
1076 4656 1195 4723 (clatus.
1217 4654 1269 4724 ιιι),
1292 4655 1348 4710 sed
1369 4654 1456 4709 etiam
1478 4654 1565 4708 visus
1585 4656 1613 4708 ct
1627 4640 1850 4707 manibuseon·

126 4734 958 4824 ,tugostlnusin'bdtnlllaDesymbolorllaecl‘uitnatura
1015 4747 1167 4801 tractatus.
1178 4744 1310 4816 Negabis
1320 4740 1850 4813 visibilestpalpabilequodtoannes

127 4841 316 4912 lioruiuls'qui
327 4838 423 4894 tactus
433 4848 472 4894 eu
480 4837 615 4910 Virpiue,
628 4841 692 4911 quin
703 4828 808 4892 natura
818 4835 878 4891 ‘luit
888 4834 959 4891 Vir·
1016 4835 1172 4890 contitutur
1185 4836 1219 4888 se
1234 4832 1461 4888 contrectasse?
1475 4830 1620 4885 dliudost
1636 4830 1792 4885 eninrrem
1807 4831 1851 4885 in·

124 4929 207 5000 pirus
218 4945 257 4983 ex
271 4940 325 5000 qua
342 4926 482 4982 Christus
497 4925 642 4982 formatus
651 4931 682 4982 et
692 4930 843 4991 natusest,
857 4928 957 4998 quem·
1015 4919 1384 4994 dauedtt'tangero,=abud
1395 4923 1441 4974 est
1451 4920 1550 4990 ipsum
1565 4919 1779 4974 indumentum.
1790 4919 1850 4974 Sed

61 5006 66 5011 ’
126 5016 278 5071 admodum
294 5015 426 5087 quedem
438 5021 554 5071 uaturoe
564 5016 610 5071 es't
618 5010 788 5070 eu1n¹Putre
798 5015 957 5070 secundum
1015 5009 1231 5068 loannesdicit
1247 5022 1281 5064 se
1295 5010 1326 5064 in
1343 5007 1442 5080 ipsum
1454 5007 1588 5064 Verbum
1604 5004 1709 5062 boram
1725 5005 1849 5062 edoctus

126 5105 325 5160 ‹livinitutem
1014 5099 1184 5172 explevisse
1194 5094 1499 5167 sensuum.'Sipotes,
1509 5096 1707 5152 detrabebaee
1716 5094 1849 5165 Christo,

124 5196 240 5259 eriasr.
257 5192 336 5247 xvi.
353 5191 460 5258 Quoero
475 5191 545 5264 quid
561 5191 697 5263 ejusdem
706 5194 820 5248 natura)
835 5191 875 5246 stt
889 5204 956 5248 oum
1014 5194 1043 5245 et
1062 5187 1166 5245 contar
1186 5200 1221 5244 ea
1245 5180 1434 5242 indumento:
1462 5185 1539 5250 Quid
1560 5201 1606 5240 me
1627 5184 1852 5240 dieis-bouum?

125 5285 227 5352 matre,
244 5283 270 5336 si
285 5274 498 5352 aliquis'bomo
520 5296 579 5335 nun
602 5280 746 5335 consistet
765 5280 913 5335 ex'auima
928 5282 957 5335 et
1014 5277 1202 5334 neurobonus
1214 5277 1274 5331 nisi
1284 5274 1568 5346 unuslleustlltarc.
1580 5275 1620 5339 a).
1639 5272 1784 5329 llotendit
1800 5289 1850 5327 ne·

125 5388 213 5426 earne
237 5370 358 5426 tibristi.
384 5369 456 5424 ltem
477 5369 504 5424 si
534 5370 659 5423 caro'et
681 5369 823 5424 animuin
836 5366 956 5425 cbristo
1013 5366 1255 5440 gantislnteiltio,
1266 5368 1299 5421 ut
1309 5378 1511 5438 quamverum
1524 5362 1673 5419 bominem
1687 5360 1806 5417 videbat
1821 5367 1851 5417 et

124 5462 263 5516 uniantur
284 5457 469 5514 dissimiliter
491 5460 666 5514 caeterorum
688 5458 859 5529 bominum,
880 5472 957 5530 quo-
1013 5458 1123 5513 bo'num
1133 5456 1309 5529 magistrum
1319 5453 1603 5521 nomiuubnt‚'lieum
1613 5466 1732 5524 quoque
1747 5453 1850 5506 erede·

124 5551 210 5605 modo
223 5549 329 5605 similis
339 5552 385 5604 est
395 5548 502 5603 matri?
513 5548 587 5604 uam
598 5564 656 5621 qua
667 5548 745 5603 idem
759 5547 956 5603 ost'buinani-
1013 5551 1066 5603 rat.
1082 5546 1136 5613 Qu
1145 5566 1148 5571 ·
1157 5545 1350 5618 singulariter
1370 5546 1400 5599 et
1421 5541 1691 5613 incomparabiliter
1711 5541 1849 5612 congruit

123 5637 531 5697 tatosieutcuml'atr'cidem
546 5634 953 5696 alteritate.·1itettei1auas
1014 5628 1336 5713 appellatiu'bonititis.
1353 5632 1419 5707 Epo
1434 5632 1614 5707 principium
1635 5631 1684 5707 qui
1699 5630 1849 5703 'et'loquor
