3796 6022
71 281 106 348 93
444 284 500 347 DE
520 283 681 349 BESTIIS
704 284 757 350 ET
777 287 889 352 ALIIS
910 290 1053 359 EEBUS
1079 292 1208 359 LIBER
1228 295 1421 365 TERTIUS.
1756 296 1797 371 94

69 488 181 542 vocant.
199 485 327 541 Mannus
341 503 412 543 vero
428 503 523 560 equus
540 489 661 546 brevior
674 493 729 548 est.
747 492 903 548 Verhedos
918 471 946 535 Α
960 494 1066 550 anImal
1082 499 1128 553 cui
1144 499 1199 554 cati
1215 501 1401 572 insidiantur,
1413 519 1513 559 mures
1530 503 1626 577 majus
1642 505 1721 579 quod
1735 522 1795 563 nou
1813 531 1817 539 ·

69 598 133 638 vero
149 583 266 654 antiqui
280 584 419 641 dicebant
434 601 469 641 εο
484 588 562 657 quod
578 589 686 644 rhedas
703 589 854 659 veherent,
874 587 902 641 id
960 589 1039 640 recte
1054 587 1113 659 glis
1129 592 1255 658 putatur.

68 677 109 727 est
122 673 278 742 ducerent,
286 673 334 727 vei
350 676 467 743 pervias
478 677 613 746 publicas
630 679 714 749 irent,
722 695 775 749 per
789 696 864 751 quas
876 684 904 735 et
993 675 1037 730 Dc
1051 679 1175 733 ruostela
1196 680 1262 734 vidc
1278 680 1329 736 lib.
1348 699 1377 750 u,
1395 700 1456 753 (rap.
1476 684 1525 738 18.

67 762 172 816 rhedas
187 765 232 818 ire
244 765 365 819 solitum
378 768 449 820 erat.
462 766 613 837 Equorum
626 769 681 822 tria
696 772 765 824 sunt
780 786 900 842 genera.
1187 770 1256 822 tlar-
1276 769 1383 825 XXVI.
1411 771 1455 825 Du
1472 772 1560 844 talpa.

68 852 162 907 linum
177 869 372 924 generosum,
384 857 497 926 praeliis
513 860 540 912 et
552 858 694 913 oneribus
705 860 901 929 aptumhlte-
991 855 1080 927 Talpe
1095 856 1221 911 bestiola
1237 861 1283 911 cst
1298 859 1381 931 nigra
1397 861 1531 914 damnata
1543 862 1674 919 amcitate
1685 880 1791 936 perpe-

66 957 127 996 rum
147 943 275 1016 vulgare
292 948 380 1016 atque
399 946 579 1018 gregarium,
596 947 632 1000 ad
648 948 825 1016 vehendum,
842 966 901 1004 non
954 947 1017 1011 tua;
1035 949 1080 1000 est
1095 948 1173 1000 enim
1188 947 1217 1000 iu
1232 948 1363 1002 tenebris
1379 949 1492 1020 absque
1508 952 1612 1021 oculis,
1626 956 1654 1006 et
1669 968 1790 1023 semper

65 1031 96 1085 ud
111 1033 308 1103 equitandum
321 1039 429 1105 aptum.
449 1036 580 1091 Tertium
594 1053 632 1090 ex
647 1039 838 1107 permistione
854 1039 900 1092 di·
953 1036 1060 1090 terram
1072 1037 1154 1104 fodit,
1165 1042 1193 1093 et
1202 1039 1322 1094 humum
1333 1040 1430 1111 erigit,
1440 1044 1467 1094 et
1479 1041 1582 1095 subter
1594 1042 1731 1113 frugibus
1743 1058 1789 1096 ra·

65 1123 141 1176 versi
157 1125 282 1194 generis
297 1127 403 1190 ortum,
423 1124 501 1195 quod
517 1126 604 1179 etiam
624 1125 765 1197 bigarum
780 1127 898 1197 dicitur,
953 1124 1035 1178 dices
1052 1127 1187 1196 comedit,
1200 1145 1266 1199 quae
1277 1129 1380 1184 tir-{cce
1395 1130 1508 1190 ἀσπάλαξ
1523 1130 1645 1200 aspalax
1655 1133 1787 1187 vocetur.

64 1211 127 1281 quia
138 1213 319 1268 exdiversis
333 1215 636 1283 nascitur,utmulus.
652 1215 750 1271 Mutus
765 1232 780 1268 a
795 1216 899 1271 Graeco
988 1213 1031 1268 Ilr
1046 1215 1168 1270 [orririca
1189 1217 1256 1272 vide
1272 1218 1324 1272 lib.
1343 1236 1371 1286 u,
1390 1235 1451 1290 cap.
1469 1219 1521 1273 29.

63 1301 501 1370 lictumvocnbulumhabet,eo
512 1304 797 1376 scilicetquody'ugo
808 1306 899 1375 pisto·
988 1303 1032 1356 lle
1048 1303 1163 1358 hericio
1178 1322 1230 1359 seu
1245 1307 1414 1375 herinacei),
1432 1307 1484 1361 lib.
1503 1324 1532 1375 u,
1551 1324 1612 1378 cap.
1631 1306 1660 1361 d.

64 1406 124 1443 rum
139 1391 298 1459 subactus„
310 1392 408 1447 tardas
419 1392 449 1446 iu
464 1409 571 1464 gyrum
587 1393 723 1449 molendo
740 1394 826 1448 ducat
836 1411 898 1448 mo·
1075 1392 1145 1448 Cur.
1164 1395 1287 1450 XXVII.
1311 1397 1355 1450 Dc
1372 1396 1480 1451 avibus·
1496 1396 1527 1450 in
1542 1411 1665 1467 penore.

62 1478 113 1534 las.
121 1479 137 1534 l
141 1480 366 1536 udmiasserunt
372 1482 520 1552 quadrina
529 1482 747 1552 abneposEsau
756 1499 898 1554 equarum
987 1481 1092 1536 hvium
1104 1499 1194 1537 unum
1205 1485 1324 1555 quidem
1335 1490 1380 1539 est
1392 1502 1510 1552 nomen,
1521 1485 1575 1539 scd
1590 1486 1709 1540 diversa
1720 1488 1791 1547 sunt

64 1585 173 1641 greges
184 1570 222 1625 ab
231 1570 326 1625 asinis
335 1571 364 1625 in
375 1571 495 1625 deserto
507 1572 571 1642 ipse
580 1572 664 1642 prius
676 1571 779 1627 lecerit
789 1588 896 1626 ascen·
949 1587 1070 1641 genera.
1088 1572 1163 1626 Nam
1180 1574 1258 1627 sicut
1273 1575 1373 1644 specie
1396 1575 1544 1644 differunt,
1566 1577 1606 1630 ita
1626 1579 1654 1630 et
1676 1577 1789 1630 naturae

63 1658 99 1722 di,
124 1662 156 1713 ut
168 1659 372 1730 jumentorum
395 1665 497 1716 contra
512 1666 646 1717 naturam
669 1678 746 1716 nova
760 1662 895 1717 animalia
950 1657 1121 1714 diversitate
1138 1661 1288 1732 siquidem
1301 1664 1367 1718 aliua
1379 1668 1448 1719 sunt
1463 1665 1626 1734 simplices,
1637 1667 1667 1718 ut
1678 1664 1789 1718 colum·

63 1751 266 1803 nascerentur.
276 1748 412 1821 Onagros
423 1767 541 1823 quoque
551 1752 588 1806 ad
599 1752 656 1808 hoc
666 1753 817 1807 admissos
826 1767 895 1806 esse
910 1787 937 1848 Β
949 1747 1006 1817 lim,
1014 1749 1080 1803 alim
1094 1753 1209 1819 astutus,
1221 1755 1250 1805 ut
1262 1753 1376 1823 perdix,
1386 1754 1451 1808 uiiae
1467 1755 1503 1809 ad
1516 1770 1633 1808 manum
1644 1769 1679 1808 se
1689 1752 1788 1824 subji-

63 1837 95 1890 ad
108 1836 214 1892 asinas
223 1838 333 1905 dicunt,
343 1843 372 1894 et
385 1839 659 1909 ipsumistiusmodi
668 1843 819 1912 reperisse
829 1857 897 1896 oon·
953 1838 1043 1908 ciunt,
1061 1843 1091 1892 ut
1107 1840 1274 1910 accipitres
1287 1842 1352 1897 aliae
1368 1844 1569 1913 reformidant,
1584 1847 1615 1898 ut
1630 1858 1789 1916 garamen-

64 1926 203 1993 cubitum,
225 1931 258 1981 ut
274 1943 312 1981 ex
326 1928 374 1982 his
392 1929 575 1984 velocissimi
590 1931 667 1985 asini
688 1936 894 1986 nascerentur.
953 1929 1007 1998 tes,
1031 1928 1096 1982 aliae
1120 1929 1272 1984 hominum
1297 1933 1523 1987 conversatione
1547 1933 1738 1998 delectantur,
1755 1934 1788 1986 ut

64 2015 209 2071 Industria
218 2017 462 2087 quippehumana
473 2018 625 2074 diversum
635 2021 741 2075 anImal
754 2022 783 2075 in
800 2023 896 2077 coitus

63 2105 168 2177 coegit,
185 2107 291 2177 sicque
305 2105 470 2162 adulterina
486 2109 691 2164 commistione
705 2127 801 2181 genus
817 2111 897 2167 aliud

63 2196 169 2264 reperit
188 2210 195 2250 :
212 2195 290 2251 sicut
306 2200 333 2251 et
348 2197 441 2252 iacob
458 2202 559 2253 eontra
577 2202 711 2254 naturam
725 2201 824 2256 ovium
844 2219 896 2256 co-

63 2283 155 2339 lorum
169 2285 430 2341 dissimilitudines
446 2288 624 2357 procuravit.
638 2289 712 2344 Nam
727 2291 801 2345 tales
819 2291 896 2346 ictus

64 2388 132 2428 oves
147 2374 231 2428 itlius
253 2376 461 2444 procreabant,
480 2377 583 2448 quales
598 2380 700 2450 virgas
718 2380 826 2436 arietes
842 2382 895 2436 de-

64 2465 364 2532 superascendentes
380 2466 410 2519 in
420 2482 562 2537 aquarum
577 2470 698 2538 speculo
714 2471 896 2541 contempla-

63 2551 176 2606 bantur.
186 2553 318 2625 Denique
327 2554 417 2609 ethoc
426 2555 522 2624 ipsum
531 2559 897 2630 equarumgregibusiieri

64 2640 164 2705 tertam,
182 2645 214 2697 ut
234 2643 401 2715 generosos
416 2644 559 2714 objiciant
580 2654 674 2717 equos
690 2648 806 2702 visibus
823 2665 896 2703 eon-

64 2731 243 2801 cipientium,
256 2748 314 2803 quo
330 2747 434 2788 eorum
447 2734 561 2789 similes
578 2736 735 2806 concipere
750 2740 779 2792 et
794 2754 896 2794 creare

62 2821 188 2889 possint.
200 2821 274 2875 Nam
285 2823 372 2877 etiam
384 2823 587 2879 columbarum
597 2825 754 2880 dilectores
764 2827 897 2897 depIctas

63 2914 88 2962 et
108 2909 328 2979 pulcherrimas
357 2912 510 2967 columbas
542 2918 653 2983 ponunt
675 2914 782 2970 iisdem
809 2916 894 2986 locis,

63 2999 172 3069 quibus
196 2999 254 3053 illm
272 3004 440 3067 versantur,
459 3020 518 3074 quo
543 3005 674 3073 rapiente
695 3004 763 3059 visu
788 3004 897 3060 limites

951 2014 1086 2085 hirundo,
1098 2019 1162 2072 alim
1174 2019 1203 2072 in
1214 2019 1342 2074 desertis
1353 2025 1498 2076 secretam
1510 2023 1598 2075 vitam
1609 2022 1745 2094 diligunt,
1756 2024 1788 2076 ut

949 2106 1057 2173 vultur,
1074 2107 1140 2162 aliae
1160 2112 1265 2164 cantus
1286 2111 1376 2165 edunt
1399 2111 1601 2179 dulcissimae,
1619 2114 1650 2165 ut
1670 2126 1786 2182 cygnus

949 2200 978 2250 et
992 2198 1114 2264 merula,
1124 2197 1189 2252 alim
1203 2200 1295 2255 verba
1310 2204 1338 2254 et
1351 2216 1442 2255 voces
1458 2200 1608 2255 hominum
1624 2199 1783 2268 Imitantur,

950 2288 981 2339 ut
994 2287 1140 2356 psittacus
1157 2291 1185 2342 et
1199 2289 1343 2359 pica3sed
1360 2291 1468 2344 atatim
1484 2290 1561 2344 sicut
1575 2288 1742 2361 genere,ita
1758 2290 1788 2343 et

950 2375 1083 2430 moribus
1093 2376 1337 2434 innumerabiles.
1346 2379 1420 2434 Nam
1429 2380 1583 2434 volucrum
1593 2381 1664 2450 quot
1675 2393 1785 2451 genera

949 2464 1018 2533 sint,
1041 2465 1175 2521 invenire
1197 2467 1355 2538 quisquam
1376 2485 1434 2523 nou
1457 2472 1563 2539 potest.
1589 2468 1692 2539 Neque
1708 2466 1787 2521 enim

949 2555 1046 2607 omnis
1064 2554 1164 2624 ludIae,
1175 2556 1346 2627 AEthiopIac,
1362 2562 1410 2612 aut
1425 2558 1554 2628 Scythiae
1570 2557 1688 2612 deserta
1702 2556 1788 2627 quis-

949 2659 1035 2714 quam
1046 2648 1200 2713 penetrare
1208 2647 1364 2716 potuisset,
1372 2647 1422 2718 qui
1433 2663 1534 2702 earum
1546 2663 1642 2719 genus
1651 2646 1697 2701 vel
1709 2643 1790 2700 dilie-

951 2733 1060 2787 rentias
1074 2736 1187 2788 nosset.
1196 2735 1275 2790 Aves
1287 2736 1373 2791 dictat
1393 2752 1427 2790 eo
1443 2737 1522 2808 quod
1538 2741 1635 2790 rectas
1651 2736 1716 2791 vius
1730 2751 1789 2790 non

950 2821 1068 2892 hebent,
1087 2824 1140 2877 sad
1168 2840 1222 2893 per
1245 2827 1310 2879 avia
1339 2841 1464 2896 quaeque
1494 2826 1675 2895 discurrunt,
1692 2825 1789 2894 alites,

952 2910 1020 2980 quia
1035 2912 1090 2965 alis
1106 2912 1142 2966 ad
1158 2914 1214 2967 ulta
1230 2915 1363 2982 tendunt,
1374 2918 1401 2969 et
1412 2915 1448 2968 ad
1460 2915 1599 2970 sublimia
1614 2915 1726 2969 alarum
1743 2930 1789 2970 re·

953 3000 1043 3070 mIgio
1060 3003 1273 3057 conscendunt.
1287 3003 1430 3058 Volucres
1441 3021 1456 3057 a
1467 3005 1603 3058 volando.
1621 3004 1696 3057 Nam
1710 3003 1789 3058 unde

62 3091 214 3157 renerent.
226 3089 296 3144 lude
311 3095 357 3145 est
372 3092 450 3162 qued
467 3093 585 3163 quidam
601 3093 741 3165 gravidas
757 3094 896 3150 mulieres
913 3100 939 3162 c
954 3089 1138 3158 volare,inde
1150 3095 1178 3147 et
1191 3094 1341 3147 ambulare
1358 3093 1494 3146 dicimus.
1505 3092 1577 3147 Vota
1588 3093 1667 3145 enim
1682 3093 1791 3147 dicitur

60 3175 164 3246 jubent
174 3178 274 3232 nullos
288 3178 395 3234 intueri
405 3181 595 3249 turpissimos
606 3182 775 3237 animalium
784 3184 894 3252 vultus,

61 3270 89 3319 ut
108 3267 331 3336 cynocephalos
353 3272 381 3322 et
396 3268 510 3336 simias,
528 3287 564 3324 ne
586 3271 703 3326 visibus
720 3277 895 3327 occurentes

61 3356 176 3410 similes
191 3356 269 3411 letus
284 3356 409 3426 pariant.
427 3359 510 3414 Hanc
527 3360 605 3415 enim
618 3361 793 3416 seminarum
812 3366 897 3415 natu·

61 3460 122 3498 ram
132 3459 204 3499 esse
216 3444 317 3499 dicunt
330 3448 363 3499 ut
372 3447 489 3516 qualem
500 3450 717 3518 prospexerint,
726 3450 790 3505 sive
801 3453 898 3505 mente

60 3534 253 3604 conceperint
267 3535 296 3589 in
311 3538 444 3590 extremo
454 3536 613 3607 voluptatis
629 3542 704 3593 aestu
716 3539 785 3593 dum
800 3539 899 3594 conci·

61 3622 159 3691 piant,
181 3624 272 3679 talem
292 3625 427 3679 sobolem
441 3630 606 3695 procreent.
625 3626 739 3681 Etenim
757 3628 853 3681 anima
869 3628 898 3681 in

60 3726 116 3764 usu
127 3726 259 3765 venereo
270 3711 382 3766 formas
393 3713 579 3768 extrinsecas
591 3715 770 3783 transmittit,
782 3731 899 3770 eorum-

61 3814 116 3867 que
133 3799 238 3854 satiata
252 3801 340 3871 typis,
358 3801 433 3871 rapit
453 3803 570 3871 species
587 3819 687 3857 earum
702 3804 732 3857 in
748 3805 898 3874 propriam

60 3887 241 3954 qualitatem.
252 3889 284 3942 In
295 3888 493 3944 ammantibus
504 3890 612 3961 bigena
625 3892 772 3958 dicuutur,
782 3909 849 3964 quae
860 3908 898 3947 ex

59 3973 189 4030 diversis
213 3981 385 4046 nascuntur,
410 3982 443 4032 ut
469 3979 566 4035 mulus
590 3996 628 4034 ex
651 3997 727 4052 equa
749 3985 777 4037 et
800 3982 895 4052 asino,

60 4063 154 4119 burdo
171 4081 210 4120 ex
225 4082 302 4137 equo
319 4071 348 4122 et
360 4069 454 4122 asina.
471 4069 578 4123 Ihridae
593 4086 630 4124 ex
645 4070 726 4140 apris
742 4073 770 4125 et
784 4072 895 4140 porcis,

60 4153 165 4223 tityrus
176 4170 215 4209 ex
231 4171 286 4210 ove
301 4160 330 4211 et
343 4157 452 4228 hyrco:
471 4158 590 4212 musiao
604 4174 642 4213 ex
656 4174 743 4229 capra
755 4161 783 4213 et
793 4159 895 4228 ariete,

59 4242 108 4312 qui
121 4246 169 4297 est
184 4242 246 4298 dux
259 4245 373 4317 gregis.

190 4331 260 4388 Car.
278 4333 387 4389 XXIV.
407 4335 541 4402 Deculo,
559 4337 763 4390 seumusiuue.

955 3179 1049 3232 media
1060 3196 1130 3249 pare
1147 3181 1231 3250 pedis
1246 3182 1309 3235 siva
1320 3197 1435 3248 mamm,
1446 3184 1474 3235 et
1489 3181 1518 3234 iu
1534 3181 1640 3234 avibus
1652 3181 1717 3234 vota
1733 3196 1791 3234 me·

954 3266 1001 3320 dia
1022 3284 1092 3337 pars
1115 3270 1227 3324 alarum
1252 3286 1377 3341 quarum
1401 3272 1480 3323 motu
1502 3285 1608 3340 penum
1623 3269 1789 3341 agItantur3

953 3355 1020 3410 inde
1037 3360 1065 3411 et
1073 3358 1221 3413 volucres.
1232 3358 1307 3412 Pulli
1319 3359 1458 3413 dicuntur
1466 3359 1596 3413 omnium
1608 3358 1706 3412 avium
1717 3356 1787 3412 nati.

953 3442 1050 3500 Sedet
1066 3447 1234 3501 animalium
1246 3448 1469 3518 quadrupedum
1484 3448 1543 3502 nati
1554 3447 1625 3517 pulli
1641 3446 1788 3516 dicuntur,

952 3535 981 3587 et
1002 3533 1090 3589 homo
1106 3552 1216 3605 parvus
1235 3536 1334 3607 pullus
1351 3540 1400 3590 aut
1421 3538 1518 3606 pusio.
1538 3537 1685 3592 Recentes
1700 3535 1792 3607 igitur

953 3623 1011 3676 nuti
1035 3624 1105 3692 pulli
1121 3624 1267 3695 dicuntur,
1285 3642 1320 3680 eo
1345 3627 1423 3697 quod
1448 3626 1550 3695 polluti
1572 3626 1641 3679 sint.
1664 3624 1748 3680 Unde
1763 3627 1792 3679 et

953 3711 1046 3766 vestis
1070 3714 1154 3785 nigra
1178 3715 1247 3784 palu
1269 3716 1345 3769 dicta
1368 3719 1424 3770 est.
1441 3715 1515 3768 Alias
1531 3718 1610 3782 sunt,
1627 3714 1657 3767 in
1679 3713 1790 3785 quibus

952 3815 1056 3869 pennae
1077 3819 1130 3872 ρει·
1152 3803 1286 3859 ordinem
1302 3806 1369 3859 durs
1393 3803 1512 3858 volandi
1528 3803 1670 3857 exhibent
1685 3817 1787 3870 usum3

952 3891 1063 3943 vocatae
1079 3895 1175 3945 autem
1192 3895 1261 3946 sunt
1281 3893 1344 3960 alre,
1362 3893 1439 3962 quod
1462 3892 1510 3946 his
1525 3907 1596 3945 aves
1612 3891 1785 3961 complexos

952 3976 1039 4046 alant,
1056 3982 1084 4032 et
1108 3981 1225 4034 foveant
1250 3981 1357 4050 pullos.
1375 3981 1473 4035 I‘enua
1497 3980 1684 4050 uperulendo
1699 3979 1788 4048 (licta,

951 4065 1019 4122 iude
1040 4070 1068 4120 et
1090 4069 1382 4136 ponderaverunus
1398 4070 1476 4123 euim
1495 4084 1657 4139 pennarum
1676 4067 1788 4122 auxilio

952 4159 1117 4223 moventur,
1142 4158 1260 4227 quando
1283 4159 1343 4212 aeri
1369 4174 1402 4212 se
1418 4159 1565 4212 mandant.
1586 4157 1687 4212 Pluma
1702 4157 1790 4228 quasi

951 4243 1070 4311 piluma.
1084 4245 1158 4299 Nam
1170 4246 1248 4300 sicut
1262 4246 1314 4315 pili
1329 4246 1358 4299 in
1369 4246 1592 4317 quadrupedum
1604 4260 1739 4315 corpore,
1751 4245 1791 4300 ita

952 4331 1059 4401 plumae
1072 4333 1101 4387 in
1111 4335 1227 4389 avibus.
1240 4335 1345 4389 hvium
1358 4335 1446 4388 nuilla
1462 4336 1580 4389 nomina
1591 4351 1607 4388 a
1618 4350 1693 4388 sono
1704 4334 1790 4388 vocis

92 4418 191 4476 Musio
205 4437 260 4477 seu
275 4424 390 4478 muscia
402 4440 419 4478 a
431 4424 583 4494 plerisque
598 4425 747 4494 muriceps
763 4441 818 4481 scu
833 4443 895 4480 mu·
910 4411 938 4474 D
954 4424 1069 4474 constat
1085 4438 1153 4477 esse
1174 4424 1347 4493 composita,
1362 4425 1393 4476 ut
1409 4427 1477 4477 sunt
1493 4440 1576 4495 grus,
1598 4438 1717 4489 eorvuS,
1736 4438 1788 4492 ey·

59 4508 172 4579 diegus
186 4511 359 4580 appellatur,
370 4513 447 4583 quod
463 4513 598 4567 muribus
611 4512 739 4568 infestus
753 4514 805 4577 sit:
816 4515 894 4569 bunc

58 4597 168 4668 vulgus
193 4602 291 4655 catum
313 4617 330 4655 a
352 4605 472 4671 captura
493 4606 589 4657 vocat.
614 4601 672 4655 Alii
691 4601 793 4656 dieunt
816 4603 894 4674 quod

58 4686 154 4741 oculis
168 4704 219 4743 res
235 4692 342 4758 captat,
356 4689 386 4744 id
401 4693 447 4744 est
461 4690 550 4746 videt.
568 4691 594 4745 N
597 4707 644 4744 am
658 4693 716 4744 tam
730 4695 814 4745 acute
831 4708 895 4746 cer-

58 4775 107 4842 nit,
124 4779 156 4830 ut
185 4775 302 4849 fulgere
326 4778 446 4833 luminis
475 4780 615 4834 tenebras
643 4778 740 4832 noctis
762 4784 893 4849 superet.

56 4862 146 4918 t'atus
161 4866 241 4920 enim
255 4870 360 4921 acutus
371 4871 400 4920 et
415 4868 541 4923 callidus
556 4868 672 4922 dicitur.

180 4952 251 5008 Cae.
266 4955 360 5009 XXV.
383 4956 525 5011 Demere
541 4962 571 5010 et
586 4957 694 5019 sorice,
711 4959 767 5010 etc.

90 5040 158 5095 Ilus
173 5043 315 5111 pusillum
330 5044 436 5098 animal
452 5050 508 5113 est,
521 5045 658 5100 Graecum
673 5045 714 5098 illi
724 5049 770 5112 μῦς
786 5061 893 5099 nomen

55 5133 114 5196 est3
126 5130 271 5201 quidquid
279 5148 351 5187 veru
362 5149 400 5187 ex
415 5133 464 5187 ilio
479 5133 604 5188 trahitur
618 5133 753 5188 Latinum
764 5137 819 5188 est.
836 5134 891 5187 atii

55 5215 156 5272 dicunt
178 5235 291 5288 mures,
307 5221 384 5292 quod
409 5239 446 5276 ex
472 5221 594 5276 humore
617 5226 704 5277 terroe
720 5225 888 5276 naseuntur.

56 5304 130 5360 Nam
151 5307 262 5363 humus
285 5312 372 5377 terra,
390 5310 500 5364 atinde
517 5326 598 5379 mus3
617 5310 664 5364 his
685 5311 715 5364 in
731 5311 891 5380 plenilunio

54 5392 140 5463 jecur
153 5398 273 5467 crescIt,
286 5398 363 5453 sicut
379 5402 408 5452 et
423 5399 559 5469 quoedam
573 5400 718 5453 marilima
733 5403 888 5470 augentur,

55 5498 121 5553 quae
136 5483 308 5542 imminente
322 5486 484 5556 plenilunio
500 5492 656 5559 augentur,
667 5491 696 5541 et
706 5504 811 5542 rursus
823 5488 892 5542 deti-

55 5573 148 5628 ciente
171 5575 241 5629 trina
262 5574 412 5630 deliciunt.
437 5576 512 5631 Sunt
530 5577 581 5647 qui
601 5577 678 5630 inter
706 5577 833 5631 soricem
862 5580 890 5630 et

55 5676 166 5719 murem
178 5662 343 5720 Eremmon
357 5668 477 5736 ponant,
493 5665 525 5720 ut
539 5680 630 5722 sorex
650 5665 690 5720 sit
704 5664 802 5723 mInus
817 5664 888 5725 illud

953 4525 1042 4579 gnus,
1066 4511 1155 4580 bubo,
1174 4512 1292 4581 milvus,
1315 4513 1405 4579 ulula,
1432 4512 1565 4578 cuculae,
1582 4510 1735 4581 graculus
1757 4512 1787 4564 et

952 4601 1074 4656 cratera:
1091 4601 1220 4656 varietas
1236 4603 1314 4656 enirn
1329 4602 1412 4656 vocis
1429 4616 1529 4656 earum
1545 4599 1643 4654 docuit
1659 4598 1786 4669 qualiter

950 4687 1070 4741 easdem
1086 4689 1222 4745 immines
1238 4691 1432 4746 nominarent.

984 4776 1029 4828 Ile
1046 4778 1142 4848 aquila
1161 4779 1229 4833 inde
1244 4779 1296 4833 lili.
1315 4798 1333 4847 r,
1352 4796 1415 4849 rap.
1434 4779 1485 4832 56.

984 4864 1028 4918 he
1047 4865 1170 4929 vulture,
1189 4867 1241 4921 hu.
1259 4884 1277 4935 1,
1295 4884 1357 4938 imp.
1375 4868 1427 4922 88.

984 4953 1027 5007 he
1041 4955 1176 5025 prailius,
1200 4954 1252 5010 lib.
1271 4973 1288 5024 1,
1307 4973 1368 5026 cap.
1386 4956 1438 5011 39.

1142 5045 1212 5097 Gur.
1231 5044 1366 5099 XXVIII.
1388 5047 1432 5100 Ile
1449 5046 1587 5117 psittaco.

982 5132 1049 5186 Sola
1067 5132 1147 5185 india
1164 5132 1249 5186 mittit
1265 5133 1430 5203 psittacum,
1447 5135 1546 5189 colore
1561 5135 1658 5202 viridi,
1678 5137 1784 5208 torque

945 5221 1079 5290 punicea,
1103 5222 1208 5292 grandi
1229 5221 1339 5293 lingua,
1358 5226 1385 5277 et
1405 5224 1524 5293 muteris
1547 5225 1653 5279 avibus
1669 5224 1784 5296 latiore,

945 5309 1022 5362 unde
1038 5314 1064 5362 et
1079 5311 1230 5364 articulata
1242 5312 1332 5365 verba
1347 5312 1493 5381 exprimit,
1503 5313 1541 5367 ita
1556 5316 1587 5367 ut
1602 5314 1704 5369 sicam
1719 5328 1780 5368 non

945 5398 1057 5464 videus,
1082 5399 1230 5453 hominem
1254 5400 1333 5470 loqui
1355 5404 1451 5470 putes
1478 5400 1523 5455 Ex
1551 5407 1654 5458 natura
1683 5405 1782 5460 autem

944 5486 1060 5555 salutat,
1071 5487 1175 5541 diceus
1190 5503 1254 5556 ave,
1267 5487 1313 5542 vei
1329 5490 1410 5560 χαῖρε.
1420 5487 1533 5543 Caetera
1549 5493 1667 5545 nomina
1682 5505 1720 5544 ex
1735 5488 1782 5554 in-.

943 5575 1095 5630 stitutione
1110 5577 1208 5643 discit,
1223 5577 1299 5630 umle
1316 5577 1386 5630 illud
1405 5578 1567 5632 Martialis:

977 5664 1040 5720 Hoc
1049 5681 1108 5739 per
1121 5681 1168 5726 me
1183 5665 1286 5732 didici,
1304 5664 1407 5723 dicere
1421 5684 1428 5719 ι
1446 5665 1566 5731 Caesar,
1580 5680 1654 5728 ave.
