3796 6022
125 248 186 322 903
545 240 767 318 APPENDIX
785 252 845 318 AD
866 243 1059 319 HUGONIS
1082 240 1227 317 OPERA
1247 240 1448 316 Mlsrtca.
1800 240 1856 315 bol

129 471 184 528 per
197 469 273 527 quos
284 453 372 512 nobis
387 452 485 510 divina
494 453 624 527 cognitio
634 454 742 511 illucet.
751 454 963 512 luteriordcal·
977 447 1008 512 A
1024 455 1160 529 elongata
1167 451 1627 511 viciniusinhaeretHabetetiam
1634 454 1745 509 tectum
1751 453 1856 529 perbc

128 541 234 601 batura
258 543 407 616 significat
429 543 603 598 munditiam
636 544 790 615 cordium3
822 544 962 616 exterior,
1022 542 1854 617 namactionem,perquamindigentibustemporaliapro

130 633 302 689 munditiam
320 648 488 703 corporum.
512 632 674 689 Duodecim
704 633 784 689 cerei
810 635 966 691 duodecim
1022 634 1143 690 aeternis
1157 634 1352 690 administrat.
1363 633 1458 688 Habet
1472 632 1689 706 longitudinem
1700 648 1755 703 per
1770 631 1853 687 tidem

131 725 201 778 sunt
214 720 803 794 apostoli,quivexillumcrucis,ettidem
815 725 967 796 passionis
1021 740 1075 796 per
1090 740 1177 797 quam
1192 725 1373 795 cunctaquce
1381 723 1520 795 Deusper
1530 738 1574 790 se,
1590 736 1645 792 per
1658 720 1798 794 angelos,
1807 736 1854 791 per

130 810 241 866 Christi
256 810 494 881 praedicaverunt
508 827 562 882 ρον
581 815 707 883 quatuor
730 816 830 884 partes
855 813 966 869 mundi.
1022 813 1159 870 homines
1174 813 1244 869 tecit
1258 812 1295 868 ab
1311 812 1405 883 initio,
1421 811 1469 867 uel
1484 810 1617 867 tacturus
1642 812 1689 865 est
1711 825 1809 883 usque
1827 810 1852 864 iu

132 897 229 954 Habet
244 914 317 972 ergo
332 902 434 955 sancta
459 899 595 956 Ecclesia
619 901 758 974 singulos
778 902 893 974 lapides
914 919 969 974 per
1022 903 1122 975 finem,
1133 918 1204 959 vera
1215 918 1284 958 esse
1294 901 1396 957 credit.
1405 900 1751 971 Habetaltitudinemper
1761 914 1850 970 spem,

132 987 270 1061 singulos
282 988 830 1063 tldoles;caementumpercbaritatem
843 992 968 1062 ,tundu-
1021 1008 1075 1063 per
1090 1008 1178 1064 quam
1192 990 1316 1064 erigitur
1331 1007 1348 1046 a
1363 989 1490 1046 terrenis
1505 989 1542 1045 ad
1557 988 1701 1058 coelestia,
1719 1005 1736 1043 a
1751 988 1852 1044 transi·

77 1152 79 1155 v
130 1080 273 1149 mentum,
285 1093 339 1149 per
353 1079 513 1150 prophetas
529 1082 557 1134 et
581 1080 752 1151 apostolos,
773 1081 901 1152 parietes
916 1097 970 1152 per
1023 1081 1108 1137 toriis
1124 1081 1160 1136 ad
1175 1083 1296 1151 aeterna,
1311 1096 1328 1134 a
1342 1078 1558 1135 visibilibusad
1567 1077 1742 1150 invisibilia,
1757 1094 1775 1133 a
1790 1094 1850 1133 cor·

131 1165 388 1239 contemplativos,
404 1171 514 1224 tectum
527 1184 581 1240 per
593 1170 717 1225 activos.
731 1170 826 1226 Habet
839 1171 969 1244 longitu-
1022 1169 1176 1242 pornlibus
1198 1170 1234 1224 ud
1264 1168 1437 1241 spiritualia.
1469 1168 1565 1224 Habet
1587 1166 1774 1224 latitudinem
1805 1183 1851 1239 ρον

134 1256 233 1313 dinem
248 1257 902 1330 perdiuturnitatemtemporum,latitudinem
916 1276 971 1332 ρον
1024 1259 1207 1330 charitatem,
1238 1275 1292 1331 per
1320 1275 1408 1332 quam
1436 1257 1573 1313 dilatatur
1610 1257 1802 1312 dextrorsum
1826 1260 1849 1311 et

133 1344 350 1402 multitudinem
364 1346 550 1419 populorum,
569 1349 753 1404 altitudinem
763 1365 816 1420 per
832 1349 970 1406 differen·
1003 1349 1243 1420 sinistrorsum,
1260 1349 1448 1405 dextrorsum
1464 1347 1500 1403 ad
1515 1346 1628 1402 amicos
1645 1345 1813 1419 diligendos
1825 1346 1864 1408 in,

131 1435 203 1491 tiam
217 1436 398 1500 meritorum,
410 1437 573 1492 sacrarium
589 1453 644 1508 per
658 1437 794 1494 ordinem
807 1439 968 1512 virginum,
1024 1439 1096 1511 Deo,
1112 1439 1320 1495 sinistrorsum
1337 1438 1374 1492 ad
1388 1436 1526 1493 inimicos
1548 1435 1719 1509 diligendos
1740 1438 1850 1507 propter

133 1524 257 1580 chorum
271 1524 469 1595 perordinem
480 1527 702 1597 continentium,
714 1544 879 1599 aavemper
892 1529 970 1584 ordi·
1024 1528 1127 1584 Deum
1144 1528 1241 1584 Habet
1264 1527 1439 1597 sacrarium,
1464 1542 1519 1597 ρον
1540 1525 1597 1580 hoc
1622 1523 1703 1597 quod
1722 1523 1798 1579 lacta
1812 1527 1849 1578 est

133 1628 202 1668 nem
216 1611 453 1686 conjugatorum.
471 1615 567 1671 Habet
580 1617 671 1672 altare
686 1617 853 1689 Christum;
865 1618 969 1673 turrim
1023 1618 1060 1672 ad
1076 1617 1234 1691 imaginem
1252 1617 1314 1672 Dei.
1331 1617 1414 1673 Sicut
1429 1617 1507 1671 enim
1523 1616 1553 1670 in
1564 1614 1692 1670 {editicio
1702 1613 1847 1679 Ecclesia,

133 1716 187 1774 per
200 1714 308 1757 nomeu
325 1703 451 1775 Domini,
468 1706 556 1778 signa
570 1721 624 1778 per
637 1707 861 1777 predicatores.
874 1707 969 1763 liubet
1025 1707 1157 1762 sacrario
1173 1705 1299 1762 nihilest
1312 1705 1450 1778 dignius:
1468 1705 1551 1760 sicin
1561 1704 1668 1774 anima,
1681 1703 1849 1759 divinaima·

133 1791 244 1847 vitreas
258 1792 406 1848 fenestras
421 1810 474 1865 per
496 1796 578 1850 viros
594 1795 775 1868 spirituales,
797 1796 967 1853 interiorem
984 1766 1010 1830 Β
1026 1797 1096 1870 gine
1112 1795 1186 1852 nihil
1200 1798 1247 1852 est
1261 1796 1405 1866 sanctius,
1422 1794 1495 1850 nihil
1519 1793 1660 1863 nobilius,
1687 1795 1737 1849 aut
1758 1791 1848 1848 excel·

134 1880 335 1937 dealbaturam
354 1898 408 1953 per
429 1883 602 1940 munditiam
626 1886 770 1957 cordium,
790 1887 968 1942 exteriorem
1025 1886 1145 1942 lentius.
1162 1884 1259 1940 Habet
1274 1885 1408 1956 chorum,
1423 1900 1478 1956 ρον
1491 1884 1548 1939 boc
1562 1882 1642 1956 quod
1666 1882 1745 1939 tacta
1763 1886 1808 1938 est
1819 1881 1849 1935 ad

131 1984 186 2042 ρον
200 1968 370 2025 munditiam
378 1987 545 2044 corporum,
553 1973 822 2030 duodecimeerecs
830 1977 969 2046 perduo—
1024 1974 1248 2032 similitudinem
1263 1974 1326 2030 Dei.
1343 1974 1426 2030 Sicut
1442 1989 1568 2045 namque
1588 1974 1617 2028 in
1640 1971 1778 2028 Ecclesia
1791 1975 1850 2044 post

135 2059 232 2114 decim
246 2061 409 2130 apostolos.
427 2061 568 2134 Sequitur
581 2063 724 2135 pontifex,
749 2065 798 2136 qui
821 2065 970 2138 significat
1026 2065 1191 2121 sacrarium
1203 2064 1314 2120 chorus
1329 2042 1444 2135 primus
1460 2062 1618 2133 invenitur,
1645 2062 1690 2117 sic
1717 2061 1746 2117 in
1766 2061 1853 2116 anima

132 2148 294 2221 Christum,
311 2151 361 2223 qui
379 2151 515 2206 circuivit
526 2151 691 2208 Ecclesiam
703 2155 969 2225 suam,primumin
1024 2158 1093 2228 post
1103 2155 1233 2209 divinam
1248 2153 1405 2226 imaginem
1418 2152 1516 2208 divina
1533 2151 1697 2207 similitudo
1705 2150 1854 2207 sublimior

133 2240 266 2311 tempore
275 2240 418 2295 naturalis
429 2240 507 2314 legis
516 2242 701 2299 admonendo
713 2259 776 2299 eam
785 2259 838 2315 per
847 2244 970 2315 patriar·
1024 2244 1210 2316 intelligitur.
1229 2243 1324 2298 Habet
1340 2258 1446 2299 navem
1463 2258 1547 2297 suam
1555 2257 1609 2313 ρον
1620 2241 1853 2308 sensualitatem

133 2326 227 2398 chus,
248 2326 353 2384 deinde
369 2329 546 2400 intempore
562 2331 640 2404 legis
650 2333 769 2404 scriptae
785 2333 970 2389 admonendo
1025 2334 1103 2389 siout
1110 2332 1298 2389 eniminnavi
1311 2331 1456 2388 Ecclesiae
1464 2332 1633 2388 consistunt
1643 2330 1806 2404 conjugati,
1816 2330 1855 2384 sic

134 2431 200 2473 eam
215 2432 269 2489 ρον
283 2417 454 2489 prophetas.
472 2419 584 2476 Deinde
599 2421 629 2475 in
645 2424 776 2493 ternpore
800 2423 903 2496 gratiae
918 2439 972 2495 per
1025 2423 1257 2479 insensualitate
1268 2421 1595 2494 contineaturquiaque
1606 2418 1857 2491 sensuscorporis

135 2507 329 2578 semetipsum
343 2524 408 2564 eam
422 2508 739 2581 circuivitetintroivit,
751 2511 826 2567 toris
837 2528 973 2568 eameru·
1024 2512 1130 2583 nostri,
1147 2511 1196 2584 qui
1208 2512 1283 2567 bene
1295 2511 1433 2567 dicuntur
1443 2510 1607 2584 conjugati,
1618 2510 1689 2582 quia
1698 2509 1858 2565 interranis

135 2595 243 2652 diendo
258 2612 312 2669 per
323 2597 496 2669 doctrinam,
509 2599 588 2654 intus
604 2600 817 2657 sanctificando
833 2617 886 2672 per
900 2618 972 2675 gra·
1024 2602 1116 2658 rebus
1128 2599 1859 2673 habent,ctperexcercitationemcognitionisprc

136 2684 217 2741 tiam.
229 2685 262 2740 ln
271 2686 366 2758 primo
375 2687 501 2742 circuitu
511 2687 600 2744 dixit:
614 2688 742 2744 Carnem
753 2691 972 2763 curnsunguine
1025 2691 1225 2764 pagationem,
1237 2694 1266 2747 et
1281 2707 1335 2762 per
1349 2690 1585 2762 experimentum
1595 2688 1729 2745 naturale
1738 2688 1860 2744 delecta·

17 2830 24 2837 ,
136 2789 194 2834 νον
205 2774 462 2847 comedetistGen.
473 2780 523 2847 rr).
532 2775 564 2831 ln
574 2777 706 2835 secundo
717 2776 791 2834 dixit
802 2796 809 2834 ε
821 2780 889 2836 Νον
899 2780 972 2836 occi·
1024 2781 1115 2836 tionis
1130 2779 1321 2851 voluptatem.
1334 2779 1430 2835 Habet
1441 2780 1544 2835 atrium
1557 2795 1611 2850 ρον
1621 2793 1752 2849 carnem,
1765 2777 1796 2833 iu
1806 2793 1859 2850 qua

135 2863 334 2935 dctis(Exod.
347 2866 409 2935 xx).
422 2864 455 2920 ln
464 2865 630 2921 tertiodixit
641 2882 647 2923 :
657 2866 713 2933 Qui
720 2867 866 2925 irascitur
876 2869 971 2925 tratri
1025 2873 1096 2926 sunt
1109 2868 1196 2942 quasi
1212 2869 1354 2924 cadavera
1370 2873 1554 2926 mortuorum
1567 2867 1732 2942 originales
1743 2865 1858 2924 fomites

133 2967 275 3024 caereus
286 2952 582 3026 ostjudiciofflattb.
593 2957 633 3027 v).
650 2956 733 3013 ltulli
754 2959 852 3014 autem
867 2959 970 3015 existi·
1025 2960 1175 3016 vitiorum.
1192 2957 1289 3014 Habet
1298 2959 1389 3014 altare
1405 2975 1457 3014 cor
1472 2974 1570 3029 suum,
1587 2958 1623 3013 de
1642 2973 1703 3030 quo
1718 2956 1859 3028 scriptum

133 3044 251 3098 mantur
265 3042 295 3097 in
311 3042 369 3098 hoc
389 3043 535 3115 spirituali
558 3045 685 3102 aedilicio
708 3063 762 3118 per
785 3049 969 3105 sanctitatem
987 3052 1072 3142 cest
1084 3065 1090 3105 :
1104 3047 1163 3105 Cor
1173 3049 1332 3105 contritum
1344 3053 1373 3103 ct
1384 3048 1581 3119 humiliatum,
1599 3047 1689 3114 Deus,
1700 3061 1757 3102 non
1768 3045 1862 3118 despi-

135 3132 289 3203 contineri,
307 3133 357 3206 qui
372 3133 462 3207 longe
478 3134 514 3189 ab
538 3135 604 3206 ipso
627 3152 681 3207 per
704 3137 877 3208 pravitatem
900 3141 970 3194 sunt
1027 3139 1090 3195 cies
1100 3136 1194 3207 (Psal.
1212 3138 1251 3209 n.)
1265 3137 1360 3192 Habet
1369 3138 1478 3193 vitreas
1491 3137 1638 3193 fenestras
1649 3151 1761 3192 seusus
1771 3134 1859 3206 spiri·

133 3223 247 3278 remoti.
267 3221 357 3278 Extra
373 3223 471 3295 ipsum
481 3226 549 3278 sunt
560 3225 712 3296 immundi,
725 3225 886 3298 fornicarii,
899 3243 969 3283 con·
1026 3228 1132 3298 tuales,
1144 3243 1198 3299 per
1207 3243 1284 3300 quos
1293 3227 1375 3283 radio
1387 3227 1450 3283 veri
1469 3225 1549 3282 Solis
1557 3225 1733 3296 illustratur,
1746 3228 1859 3281 etucae·

134 3310 290 3377 cubinnrh,
300 3311 436 3383 adulteri,
448 3312 623 3382 incestuosi,
637 3313 759 3382 ebriosi,
772 3314 967 3389 ienemtcres,
1026 3318 1112 3373 citate
1128 3317 1303 3390 ignorantias
1319 3333 1382 3372 suae
1402 3316 1555 3372 liberatur.
1571 3315 1667 3371 Habet
1684 3315 1791 3371 turrim
1803 3327 1855 3370 nc·

134 3399 226 3469 avari,
239 3399 480 3471 iures,1apaaes,
493 3402 600 3473 odiosi,
620 3402 786 3474 homicidre,
799 3406 969 3475 mendaces,
1024 3423 1092 3463 men
1101 3405 1216 3462 Domini
1226 3408 1262 3463 de
1270 3406 1478 3479 quascriptum
1490 3421 1497 3462 :
1512 3405 1618 3461 Turris
1630 3404 1800 3461 fortissima
1812 3420 1857 3459 nc·

132 3486 256 3559 perjuri,
274 3489 368 3560 etqui
382 3489 483 3544 dicuat
503 3490 597 3546 [ratri
624 3508 676 3550 suo
696 3492 778 3549 salue
792 3494 912 3565 (Mattb.
928 3496 970 3566 v).
1024 3513 1091 3552 men
1105 3497 1233 3566 Domini,
1245 3496 1284 3551 nd
1295 3512 1358 3552 eam
1369 3496 1519 3568 contagiet
1531 3496 1634 3569 justus
1650 3499 1680 3550 et
1694 3493 1858 3550 salvabitur

131 3574 188 3641 Qui
198 3574 298 3630 vident
308 3577 462 3633 mulierem
473 3579 509 3633 ad
521 3580 971 3656 concupiscendumeamtibid).
1025 3585 1131 3656 (Pron.
1155 3584 1238 3657 xva).
1261 3584 1356 3641 Habet
1371 3585 1458 3657 signa
1473 3600 1527 3656 per
1539 3583 1792 3656 predicationem,
1807 3598 1856 3654 per

133 3659 197 3721 Nec
220 3665 306 3737 ipsus
334 3671 404 3724 sunt
426 3668 552 3740 lapides,
575 3670 626 3743 qui
652 3671 804 3729 charitatis
828 3690 887 3731 non
902 3679 972 3731 sunt
1025 3691 1113 3748 quam
1128 3676 1164 3730 ad
1176 3675 1287 3731 cultum
1298 3675 1351 3729 Dei
1367 3677 1511 3730 convocat
1520 3674 1687 3746 elongatos.
1706 3672 1803 3728 Habet
1816 3671 1858 3726 in-

133 3755 305 3828 porticipes.
322 3756 424 3813 Talem
439 3758 640 3832 igiturvitam,
658 3761 776 3835 tratres,
793 3779 928 3837 agamus,
940 3769 972 3821 ut
1026 3765 1166 3820 teriorem
1182 3763 1382 3820 dealbaturam
1396 3779 1450 3836 per
1467 3763 1639 3819 munditiam
1655 3761 1767 3830 cordis,
1784 3762 1859 3816 exte·

128 3843 188 3901 'Dei
202 3843 316 3917 lapides
331 3862 401 3902 esse
417 3849 580 3920 possimus.
596 3849 680 3917 Quod
697 3852 762 3924 ipse
777 3855 920 3925 praestare
932 3854 973 3909 di·
1025 3855 1135 3910 riorem
1159 3870 1214 3926 ρον
1236 3853 1410 3909 munditiam
1429 3852 1576 3924 corporis.
1598 3850 1694 3906 Habet
1710 3850 1860 3906 duodecim

87 3952 91 3959 ’
135 3936 252 4007 gnetur,
269 3936 637 4013 quinivitetregnatper
663 3942 760 3998 omniu
784 3943 971 4001 sacculasac-
1026 3960 1149 4014 cereos,
1178 3942 1288 4016 quibus
1308 3942 1488 3998 illuminatur
1511 3940 1677 3997 secundum
1697 3939 1857 3996 doctrinam

135 4023 279 4080 culorum.
296 4026 402 4082 Amen.
1025 4034 1182 4092 duodecim
1203 4033 1423 4104 apostolorum,
1436 4047 1489 4103 per
1499 4046 1587 4105 quam
1597 4030 1634 4085 ad
1646 4029 1735 4085 tidem
1745 4044 1799 4101 ρον
1808 4028 1856 4082 ho·

462 4115 591 4172 SEltllO
606 4116 642 4175 ll.
1024 4140 1093 4179 nam
1109 4123 1309 4196 operationem
1324 4122 1467 4178 cruditur.
1485 4121 1580 4176 Habet
1600 4118 1772 4192 pontificem
1789 4134 1855 4174 san·

251 4198 285 4256 In
301 4201 496 4260 Dedicatione
511 4206 647 4264 ecclesiae
663 4207 853 4284 tropologice.
1025 4216 1102 4269 ctam
1117 4203 1298 4268 Trinitatem.
1309 4211 1420 4267 Circuit
1435 4225 1500 4266 cam
1517 4208 1603 4265 Pater
1616 4208 1854 4281 perpotentiam,

171 4288 379 4348 Sanctidrarit
393 4292 536 4350 Dominus
552 4295 773 4354 tabernaculum
782 4299 968 4372 suumffsal.
1025 4301 1120 4358 Filius
1134 4317 1188 4375 per
1199 4300 1382 4373 sapientiam,
1395 4299 1522 4370 Spiritus
1531 4301 1654 4355 sanctus
1663 4313 1718 4371 per
1725 4297 1856 4370 benigni·

134 4381 215 4450 xus).
228 4379 479 4437 'l'arbernaculum
486 4351 1011 4446 nominisocundunsensuntro-⁰
1026 4394 1125 4448 tatem.
1139 4391 1226 4446 l’ater
1239 4390 1465 4463 perpotentiam
1482 4388 1586 4443 incutit
1600 4387 1749 4457 timorem,
1767 4386 1855 4443 Filius

134 4467 305 4542 pologicum
320 4472 367 4525 est
381 4471 488 4528 anima.
502 4472 701 4531 Habetaatem
711 4477 776 4548 ipso
787 4480 969 4554 animaque
1028 4496 1082 4554 per
1096 4479 1270 4551 sapientiam
1283 4477 1397 4534 content
1413 4477 1628 4551 cognitionem,
1645 4474 1775 4548 Spiritus
1790 4491 1855 4531 san·

134 4558 358 4615 tabernaculum
369 4559 485 4616 Domini
495 4562 612 4635 dicitur,
624 4564 738 4636 lapides
751 4583 834 4639 suos,
848 4585 972 4626 caemen-
1026 4574 1092 4626 ctus
1105 4567 1378 4643 perbenignitatern
1389 4567 1505 4622 confert
1515 4564 1761 4623 consolationem.
1775 4566 1856 4622 Pater

134 4649 196 4705 tum
210 4665 309 4721 suum,
322 4654 548 4725 etcretera,quae
559 4653 596 4710 ud
608 4657 859 4713 constructionem
869 4658 971 4715 Eccle·
1025 4659 1096 4715 dicit
1117 4675 1124 4715 ι
1147 4657 1210 4731 Ego
1226 4656 1283 4711 leci
1299 4657 1406 4712 eoelum
1422 4657 1451 4712 et
1471 4659 1591 4726 terram,
1608 4670 1689 4711 mare
1712 4658 1742 4711 et
1762 4652 1854 4710 omnia

137 4738 192 4793 siae
206 4739 362 4810 pertinent,
380 4741 458 4797 sicut
472 4758 506 4797 ea
522 4743 552 4798 in
566 4745 746 4815 praecedenti
761 4761 899 4804 sermone
910 4747 971 4803 dis·
1025 4765 1092 4822 quae
1121 4748 1151 4804 in
1170 4747 1215 4804 eis
1235 4749 1313 4803 sunt.
1338 4745 1401 4818 Ego
1410 4746 1527 4819 angelis
1535 4745 1732 4817 peccantibus
1741 4761 1800 4801 non
1810 4759 1855 4815 pc·

135 4829 303 4899 posuimus.
320 4829 447 4900 Lapides
463 4831 539 4888 istus
554 4834 736 4891 tabernaculi
752 4839 823 4893 sunt
841 4836 970 4912 singulm
1024 4838 1116 4912 parci.
1134 4837 1198 4912 Ego
1214 4837 1306 4892 Adam
1322 4836 1358 4891 do
1372 4835 1511 4907 paradiso
1522 4834 1647 4908 projeci.
1660 4833 1726 4907 Ego
1736 4835 1854 4907 primur

135 4915 261 4972 virtutes
275 4932 329 4989 ρον
343 4919 584 4978 exercitationem
598 4924 675 4980 bene
685 4925 795 4998 politae,
812 4929 840 4982 et
854 4926 975 4998 perimae
1025 4928 1102 4984 diale
1118 4943 1213 5001 genus
1230 4926 1340 4981 diluvio
1355 4925 1480 4997 perdidi.
1500 4923 1564 4996 Ego
1579 4922 1739 4979 Sodomam
1757 4926 1786 4979 ct
1799 4922 1853 4979 Co·

137 5003 330 5062 mobilitatem
353 5011 453 5064 contra
467 5011 537 5066 vitia
562 5012 695 5070 stabiles.
719 5014 900 5071 Caementum
925 5020 972 5073 cst
1025 5017 1175 5074 merrham
1189 5015 1332 5072 subverti.
1350 5014 1414 5088 Ego
1430 5013 1614 5070 Pharaonem
1637 5029 1706 5070 cum
1725 5013 1854 5069 exercitu

137 5095 278 5169 charitas,
294 5115 347 5170 per
362 5104 574 5170 quamcaeterae
589 5104 714 5161 virtutes
724 5105 968 5178 complectuntur,
1025 5123 1081 5163 suo
1090 5106 1249 5161 submersi.
1262 5104 1327 5178 Ego
1337 5102 1854 5176 populumisraeliticumpeccantem

135 5183 288 5257 uniuntur,
304 5193 458 5259 oequantur
472 5193 500 5245 et
515 5193 713 5250 continentur.
736 5193 970 5251 Fundamentum
1025 5195 1128 5268 punivi
1140 5210 1146 5251 :
1159 5195 1230 5250 blihi
1246 5193 1328 5265 aperi
1347 5209 1384 5248 ne
1404 5193 1449 5248 sic
1465 5192 1643 5247 laciamtibi.
1656 5189 1751 5249 Filius
1768 5191 1853 5247 dicit:

136 5274 275 5332 Christus
282 5278 337 5347 est,
346 5277 972 5351 sicutaitApostolustFundamentunraliud
1026 5285 1090 5359 Ego
1102 5300 1168 5341 sum
1177 5283 1320 5354 sapientia
1331 5282 1394 5354 Dei,
1407 5283 1458 5355 qui
1468 5297 1506 5338 ex
1514 5297 1565 5337 ore
1575 5280 1723 5336 hltissimi
1733 5281 1854 5352 prodivi.

136 5370 972 5447 nemoponercpotestproetcridquodpositurnest,quod
1026 5372 1091 5448 Ego
1115 5373 1226 5446 attingo
1249 5389 1266 5428 a
1290 5373 1349 5428 tine
1367 5387 1462 5443 usque
1487 5371 1524 5426 ad
1539 5370 1629 5426 tinem
1652 5368 1779 5428 fortiter.
1796 5370 1854 5443 Ego

138 5462 187 5515 est
202 5455 343 5512 Christus
365 5455 455 5512 desae
472 5455 501 5526 (1
510 5456 569 5513 Cor
582 5462 636 5531 ru).
661 5460 757 5518 Habet
776 5462 904 5534 parietes
918 5476 972 5535 per
1026 5479 1093 5519 sum
1110 5477 1208 5520 sermo
1224 5462 1277 5518 Dei
1292 5462 1395 5532 vivus,
1417 5463 1445 5515 et
1456 5460 1578 5532 eltleax,
1593 5462 1622 5516 et
1636 5459 1856 5531 penetmbiltior

138 5547 415 5620 contemplationem
438 5545 603 5602 coelestium
626 5547 783 5623 bonorum,
806 5567 861 5624 per
883 5568 972 5625 quam
1026 5552 1214 5627 omnigladio
1232 5551 1370 5624 ancipiti:
1383 5550 1456 5607 mibi
1469 5551 1551 5622 aperi
1566 5562 1603 5606 ne
1623 5548 1700 5607 torte
1716 5565 1777 5608 nou
1789 5563 1854 5624 par·

118 5646 121 5653 ·
139 5635 330 5711 fundamenta
345 5652 412 5714 suo,
423 5635 453 5697 td
464 5638 510 5696 est
517 5635 663 5704 Christos
678 5639 971 5718 terreatsattectibos
1027 5658 1091 5705 carn
1101 5642 1166 5704 tibi.
1181 5640 1309 5733 Spiritus
1320 5642 1444 5715 sanctas
1455 5637 1525 5701 dicit
1537 5655 1544 5707 ς
1556 5638 1621 5723 Ego
1635 5655 1654 5699 a
1666 5637 1755 5713 Patre
1769 5643 1798 5705 ct
1808 5636 1854 5714 tlt·
