3796 6022
1798 299 1858 377 880

509 305 730 375 APPENDIX
749 307 806 374 Ae
828 306 1021 377 HUGONIS
1042 307 1187 376 OPERA
1206 303 1472 376 DOGMATIGA.

119 312 181 378 879

120 515 229 570 verunt
245 513 369 586 gratiam
384 512 437 567 Dei
449 528 536 583 quam
553 514 588 567 ad
605 516 711 587 gentes
722 513 812 584 misit,
829 516 856 569 et
872 515 957 568 aceto
970 496 1001 556 Α
1016 514 1238 585 protectionem,
1250 513 1353 570 dicens
1365 530 1370 570 :
1383 514 1459 570 Esto
1468 515 1543 570 milri
1551 515 1583 570 in
1594 514 1688 570 Deum
1697 518 1853 586 protecto-

120 619 241 659 vomere
256 603 366 673 linguae
381 618 444 656 suae
461 603 549 656 corda
566 604 638 657 dura
654 604 863 674 proscindens,
888 603 955 658 tldei
1015 603 1192 674 rerntPsaI.
1203 603 1851 676 xxxtetclltquontamnihilsineipsovalet,

120 697 149 748 ct
164 708 280 747 morum
295 707 397 747 semen
413 693 568 762 copiosum
585 691 696 747 effudit.
714 693 799 747 Unde
815 693 957 747 sacerdos
1015 708 1081 747 eum
1094 708 1190 764 neque
1199 694 1345 749 currentis
1357 710 1453 766 neque
1461 692 1588 750 volentis
1599 694 1653 749 sed
1663 693 1760 764 ipsius
1769 694 1854 748 mise-

119 783 290 854 ingressae,
316 781 345 834 in
370 781 498 836 Colleeta
515 781 664 836 celebrem
680 783 810 838 doctoris
827 782 958 855 gentium
1016 781 1851 854 rectissit,etvideatpersecaecesettaciatbonum,boc

119 872 293 927 memoriam
309 871 387 925 tacit.
406 872 543 943 Amplius
559 873 667 928 adhoc
683 888 814 944 sequens
826 871 958 943 Epistola
1018 871 1096 925 idem
1107 871 1136 925 in
1144 871 1352 942 collecteorat;
1363 876 1391 927 et
1399 872 1524 928 Domino
1535 872 1643 927 dicenti
1652 871 1712 950 sibi
1721 871 1752 926 in
1760 871 1854 927 Erae·

121 963 257 1034 pertinet,
275 977 333 1032 qua
349 961 426 1015 idem
442 961 625 1017 fortissimus
641 962 772 1017 coelestis
788 961 957 1034 agricolaet
1018 959 1110 1032 gello:
1123 960 1199 1026 Quid
1214 964 1260 1015 ris
1271 960 1377 1016 taciem
1393 962 1471 1018 cibit
1488 962 1595 1033 (Marc.
1614 963 1656 1032 x).
1669 962 1849 1033 respondet:

119 1050 273 1122 operarius
289 1066 379 1105 veros
395 1049 514 1105 labores
525 1067 598 1106 suos
614 1054 765 1107 enumerat
784 1054 812 1106 et
827 1051 957 1122 pericula
1014 1049 1149 1121 Domine,
1170 1056 1200 1106 ut
1215 1050 1329 1107 videam
1341 1051 1439 1124 libid).
1456 1051 1620 1123 Apostolus
1631 1067 1751 1124 quoque
1765 1051 1804 1105 ad
1818 1051 1850 1105 il-

75 1206 83 1220 ·
118 1140 228 1212 quibus
244 1139 325 1194 illum
343 1138 503 1195 affecerunt
519 1142 569 1213 qui
589 1142 705 1196 Domini
721 1143 768 1196 sui
784 1141 859 1196 fines
875 1141 957 1195 iuva·
1011 1137 1232 1195 luminationem
1248 1140 1384 1214 ejusdem
1401 1141 1472 1196 caeci
1488 1140 1518 1196 in
1535 1140 1667 1212 Epistola
1683 1157 1788 1196 euram
1802 1157 1849 1196 re-

118 1231 223 1285 serent
238 1232 265 1283 et
281 1230 357 1283 arari
378 1246 437 1284 non
459 1230 680 1301 permittebant,
707 1231 757 1303 qui
776 1230 956 1285 rebellantes
1014 1228 1094 1299 cipit,
1121 1229 1191 1283 dum
1216 1230 1331 1285 cunetis
1356 1230 1586 1287 charismatibus
1608 1230 1849 1287 excellentiorem

117 1319 298 1375 Dominatori
314 1320 464 1373 universae
480 1322 567 1375 terrm
590 1324 719 1375 aratrum
742 1319 808 1392 ojus
834 1319 954 1375 contre·
1016 1318 1094 1372 viam
1108 1318 1299 1391 demonstrat,
1307 1319 1337 1374 id
1353 1322 1399 1375 est
1415 1319 1596 1388 charitatem,
1615 1319 1785 1394 Silinpuis,
1802 1321 1846 1376 in·

115 1411 226 1482 gerent
241 1411 271 1462 et
290 1409 384 1463 boves
398 1409 575 1482 jugularunt
597 1410 755 1465 innocuos,
772 1409 955 1465 Dissemina-
1011 1408 1090 1479 quit,
1110 1408 1258 1463 hominem
1278 1408 1382 1482 loquar
1406 1419 1434 1464 et
1457 1409 1644 1482 repeterem·
1670 1410 1846 1466 clmritetem

115 1502 146 1554 to
160 1499 253 1553 verbo
269 1499 411 1573 doctoris
429 1500 460 1553 in
478 1500 616 1555 Gradeali
642 1500 741 1555 canit:
768 1499 832 1555 Jcm
857 1499 955 1553 sciant
1012 1503 1108 1551 nutem
1124 1512 1179 1552 non
1195 1497 1330 1568 babeam,
1348 1499 1445 1554 nectes
1460 1515 1523 1554 sum
1539 1500 1846 1555 sicetaessoncnsant

114 1594 223 1662 pentes
239 1588 372 1661 quoniam
388 1605 492 1644 nomen
509 1589 579 1660 tibi,
600 1590 697 1655 Dece,-
718 1594 747 1644 et
771 1590 820 1662 qui
835 1588 954 1661 repule—
1011 1585 1175 1659 cyrrrbalum
1185 1586 1318 1643 tinniens
1328 1587 1355 1659 (l
1363 1587 1430 1643 Cor.
1443 1590 1517 1658 xer).
1530 1589 1740 1645 tloecestenim
1749 1589 1844 1645 cordis

115 1684 186 1734 runt
193 1678 286 1749 positi
300 1683 368 1732 sent
387 1684 415 1732 ut
427 1685 491 1734 rote
503 1694 510 1748 3
524 1679 599 1751 quod
614 1685 776 1751 serpentes
791 1678 881 1733 iubis
892 1695 954 1751 qum
1011 1675 1109 1730 lemen
1121 1678 1149 1731 et
1164 1676 1279 1748 oculus,
1297 1693 1356 1748 quo
1372 1678 1422 1750 qui
1439 1681 1519 1733 earet
1534 1695 1633 1735 caecus
1646 1683 1703 1750 est,
1716 1681 1745 1734 ct
1755 1678 1786 1734 in
1801 1681 1844 1733 tc-

114 1773 200 1823 rctro
213 1772 291 1836 sunt,
307 1767 338 1822 id
361 1770 407 1823 est
428 1769 457 1822 in
478 1768 664 1838 carnalibuS,
687 1768 794 1823 cedunt
820 1768 953 1823 anterio·
1011 1766 1112 1821 nebris
1129 1765 1300 1821 ambulatet
1315 1767 1485 1840 nescitque
1506 1770 1562 1823 cat.
1580 1767 1661 1823 *Nam
1685 1771 1716 1823 et
1735 1783 1844 1824 caecum

113 1857 210 1925 ribus,
230 1856 260 1911 id
275 1860 321 1911 est
336 1859 366 1911 in
382 1858 646 1930 intellectualibus;
664 1863 693 1913 ct
713 1858 951 1931 quamadmodum
968 1818 995 1881 B
1009 1856 1174 1911 illuminare
1184 1856 1272 1927 coepit
1282 1856 1466 1929 Deusgeuus
1474 1857 1751 1926 hemanum‚danda
1759 1857 1844 1913 tidem

115 1953 184 2002 anto
195 1947 301 2002 taciem
317 1948 952 2020 renti,sicdisperierunttlantespiriteirre
1010 1945 1188 2000 tiliislsrael.
1198 1945 1841 2020 Hoeprimumcollyrioinunxitejusoculos,

115 2036 223 2092 Dcite
232 2036 337 2090 Tractu
349 2038 460 2108 gratias
469 2038 795 2110 agitscminatoriqeod
806 2041 952 2093 commota
1009 2034 1112 2090 dicens
1123 2051 1129 2090 :
1140 2034 1258 2106 Drlipcs
1274 2035 1428 2090 Dominum
1445 2036 1538 2091 Deum
1550 2042 1638 2103 tcum,
1653 2039 1711 2093 ete.
1726 2036 1842 2108 (Marte.

115 2129 194 2181 terre
209 2129 237 2181 et
253 2126 435 2195 conturbata,
453 2127 482 2180 id
499 2131 545 2181 ost
555 2127 688 2181 universi
703 2131 875 2198 peccatores
889 2128 950 2199 qui,
1009 2124 1094 2194 xxu).
1120 2124 1165 2179 nd
1190 2125 1266 2179 hanc
1288 2124 1531 2181 illuminationem
1552 2128 1619 2181 notu
1644 2126 1676 2180 tlt
1699 2141 1754 2197 per
1774 2125 1842 2182 Gra·

116 2216 248 2272 culturas
270 2232 341 2270 suas
364 2217 569 2271 exsecrabiles
589 2209 791 2289 advertentes,
815 2217 952 2272 commoti
1009 2213 1095 2268 duale
1105 2214 1135 2268 in
1147 2215 1287 2286 gentibus
1297 2216 1393 2270 virtus
1404 2215 1622 2271 illuminatoris.
1635 2214 1763 2287 Propter
1772 2215 1842 2270 haec

116 2306 233 2361 suntad
248 2306 459 2377 poenitentiam,
480 2309 507 2360 ct
518 2322 572 2377 per
583 2306 831 2379 significationem
842 2305 952 2377 praedi·
1011 2304 1214 2359 etiamdicitur
1224 2304 1254 2358 in
1265 2304 1372 2359 Tractu
1385 2320 1391 2360 :
1404 2303 1517 2360 Intretc
1537 2305 1568 2359 in
1586 2311 1747 2377 conspectu
1766 2305 1842 2378 ejus;

117 2395 548 2465 cationisincipientcstimere,
561 2395 703 2466 fugiente
719 2395 794 2450 facie
809 2411 908 2466 arcuS,
923 2395 953 2448 id
1012 2393 1842 2465 quasidiciturmecedr'teetilluminamini(psalmum).

119 2483 392 2555 estdivinijudicii:
407 2485 436 2538 in
447 2500 505 2555 quo
522 2484 639 2539 duobus
651 2484 848 2539 Testamentis
867 2484 953 2554 quasi
1010 2483 1133 2553 Propter
1148 2482 1224 2537 banc
1239 2498 1357 2555 quoque
1380 2487 1407 2539 et
1422 2484 1452 2537 in
1477 2483 1632 2539 Ollertorio
1653 2485 1768 2557 gratias
1782 2484 1844 2556 agi·

121 2574 238 2629 duobus
250 2573 392 2628 cornibus
401 2574 530 2644 inttexiS,
542 2573 671 2628 rebelles
681 2573 773 2627 divini
781 2574 865 2627 verbi
874 2573 954 2627 dum·
1010 2588 1088 2641 mus,
1098 2572 1231 2627 dicentes
1245 2588 1250 2627 :
1264 2572 1457 2644 Benedictus,
1468 2577 1523 2628 etc.
1534 2571 1607 2638 Quia
1617 2588 1689 2630 vero
1702 2590 1761 2629 nou
1772 2574 1843 2629 satis

121 2665 250 2719 nationis
262 2663 408 2718 sententia
417 2663 568 2717 ferientur.
580 2663 669 2717 Lecto
681 2663 836 2735 evaugelio
852 2665 914 2717 orat
925 2663 955 2722 in
1011 2664 1057 2715 est
1068 2660 1310 2716 illuminationem
1320 2662 1454 2718 scientiae
1462 2663 1652 2734 percepisse,
1662 2663 1723 2718 nisi
1731 2663 1848 2736 abjicia-

119 2753 274 2810 Ollerenda
291 2769 297 2808 :
316 2752 436 2808 Pcrdcc
446 2751 767 2825 pressusnrcosffsal.
785 2753 897 2821 exem),
908 2752 956 2806 Ti·
1011 2766 1078 2805 mes
1095 2750 1223 2805 carnalia
1245 2750 1409 2821 desideria,
1426 2768 1558 2824 congrue
1573 2751 1693 2808 illorum
1709 2752 1842 2824 exemplo

118 2845 258 2900 mendum
274 2847 319 2898 est
334 2844 411 2898 enim
427 2859 463 2897 ne
480 2845 653 2913 susceptum
668 2857 771 2896 semen
786 2840 870 2896 verbi
886 2841 954 2913 Dei,
1012 2841 1158 2894 terremur
1173 2840 1209 2894 de
1224 2840 1334 2911 quibus
1349 2840 1515 2897 dicirnesin
1527 2842 1753 2898 communione:
1766 2842 1846 2898 Man·

121 2937 148 2992 si
165 2934 305 2990 ceciderit
319 2949 409 2987 secus
424 2933 512 3002 viam,
529 2932 619 2985 idest
637 2932 668 2984 in
688 2930 887 2986 exterioribus
906 2948 956 2985 va·
1013 2929 1198 2986 dedecerent
1213 2936 1242 2984 ct
1257 2932 1386 2985 saturati
1401 2935 1469 2985 sunt
1484 2930 1578 3000 (Psel.
1595 2932 1720 3005 cxxvrr).

121 3029 233 3094 cantes,
244 3023 397 3094 diripiatur
411 3039 428 3075 a
443 3021 616 3076 volueribus
632 3020 850 3076 immundorum
866 3022 957 3092 spiri-
1112 3018 1173 3074 Trr.
1191 3018 1314 3074 xxvll.
1331 3019 1376 3075 De
1391 3020 1628 3092 quadrupesimae
1643 3020 1753 3078 officio.

120 3118 191 3185 tum,
204 3113 251 3169 vel
262 3129 278 3167 a
289 3113 421 3183 spinosis
432 3111 543 3164 divitiis
565 3108 736 3182 suffocetur,
753 3111 800 3166 vel
816 3111 880 3166 sine
899 3111 956 3166 bu·
1050 3108 1083 3162 ln
1105 3108 1333 3181 quadragesima
1350 3110 1436 3180 quasi
1452 3125 1489 3164 ex
1512 3125 1645 3181 persona
1668 3110 1847 3167 Liberaloris

120 3221 202 3260 more
213 3202 363 3257 charitatis
373 3204 498 3271 arescat,
511 3204 537 3254 el
548 3201 660 3255 stenen
670 3200 860 3271 perficiantur
870 3218 955 3274 gres-
975 3161 1001 3224 c
1015 3198 1140 3253 dicentis
1157 3214 1190 3252 se
1207 3198 1354 3253 invocanti
1372 3215 1379 3254 ε
1395 3199 1475 3254 Ecce
1489 3200 1600 3270 adsum,
1622 3200 1731 3255 clamat
1751 3200 1847 3257 Eccle-

122 3310 175 3350 sus
190 3292 294 3348 nostri.
306 3292 338 3344 ln
353 3291 418 3359 ipsu
431 3305 502 3344 vero
512 3288 666 3345 Ollerenda
677 3290 958 3361 postulenturmise-
1016 3288 1061 3344 sie
1076 3289 1105 3343 in
1128 3287 1237 3343 allicio.
1253 3288 1406 3344 lurocabit
1422 3305 1468 3343 mc
1485 3295 1515 3344 et
1531 3305 1585 3362 epo
1608 3290 1777 3359 exaudiam,
1795 3293 1846 3346 ete.

121 3382 258 3438 ricordim
275 3381 338 3450 Dci,
355 3382 386 3433 ut
402 3380 481 3433 Deus
497 3380 644 3434 custodiat
658 3396 761 3434 semen
776 3396 864 3435 suum
880 3381 958 3435 sicut
1016 3377 1101 3432 Unde
1117 3378 1146 3432 in
1163 3376 1301 3432 omnibus
1317 3394 1384 3448 qeae
1400 3382 1575 3450 sequuntur,
1604 3379 1757 3436 Christum
1774 3380 1847 3453 jeje·

123 3470 264 3543 pupillam
285 3485 322 3524 ne
347 3473 597 3540 compungatura
622 3470 837 3525 suburentibus
862 3470 958 3541 spinis
1016 3466 1847 3542 uantemtentatorisinsidiassuperasse,supcraspidcm

125 3562 206 3630 (Leo.
219 3558 281 3629 rur)
291 3574 297 3628 3
307 3560 506 3631 protegatsub
521 3559 625 3614 umbra
641 3559 763 3629 alarum,
775 3576 811 3615 nc
830 3559 960 3615 siccetur
1018 3555 1848 3627 etbasiliscumambulasse,lconemeldracouemcoecel·

125 3651 162 3706 ab
174 3648 331 3704 ardoribus
343 3648 428 3719 solis,
441 3647 470 3703 id
481 3648 690 3703 estmstuantis
702 3647 843 3718 avaritiae,
856 3649 961 3719 eripiat
1019 3661 1106 3700 casse
1115 3648 1223 3715 narret,
1236 3645 1388 3700 victoriam
1398 3647 1629 3703 eamdemnobis
1641 3647 1847 3721 corpericjus·

124 3741 160 3795 ab
177 3740 324 3810 impio,ne
335 3737 448 3793 auferet
456 3738 581 3793 verbum
591 3738 625 3792 de
637 3738 778 3793 cordibus
790 3738 916 3808 nostriS,
931 3740 961 3792 ut
1018 3734 1084 3790 dem
1100 3735 1204 3806 eapitis
1228 3735 1447 3806 repromittens.
1471 3735 1529 3791 Sed
1545 3736 1685 3808 quoniam
1700 3738 1848 3809 Scriptura

126 3831 204 3886 dicat
218 3830 297 3884 bonu
309 3832 388 3883 terra
406 3826 534 3882 atterens
546 3827 673 3882 fructum
688 3827 716 3881 in
728 3826 881 3898 patientia:
894 3827 959 3899 Epo
1017 3824 1227 3896 prophetarum
1243 3825 1299 3879 hoe
1322 3825 1491 3896 dicentium,
1514 3842 1610 3899 esque
1634 3827 1670 3881 ad
1695 3827 1848 3882 adveutum

126 3927 222 3975 nutem
232 3918 384 3991 injustitie
394 3916 874 3989 appercboconspcctuituotPsnl.
885 3917 957 3988 ιιιιι).
1017 3914 1128 3969 Christi
1143 3917 1171 3968 el
1185 3915 1336 3986 passionis
1352 3915 1447 3986 ipsius
1458 3918 1575 3986 tempus
1586 3916 1688 3972 elcese
1704 3916 1770 3988 tuit,
1784 3916 1847 3989 quia

126 4008 211 4073 Quod
222 4011 250 4062 ct
261 4007 439 4061 communio.
450 4005 571 4060 Canitur
582 4021 588 4060 :
599 4005 742 4075 Intrcibo,
755 4006 859 4076 inquit,
870 4007 908 4061 ad
919 4005 960 4061 al·
1018 4003 1175 4059 tenebrosa
1198 4020 1256 4076 qua
1277 4004 1308 4059 in
1339 4004 1468 4060 nubibus
1494 4005 1589 4075 aeris,
1612 4005 1642 4059 id
1667 4009 1715 4062 est
1738 4006 1847 4062 occulte

128 4103 193 4151 tare
211 4095 268 4150 Ilei
288 4094 383 4164 (Psnl.
400 4095 481 4164 xeu).
499 4095 605 4149 Somen
621 4096 699 4150 enim
714 4094 767 4149 Dei
782 4099 890 4149 terrem
905 4112 959 4150 no·
1019 4093 1848 4168 scientiainpropbctis,donecApnusDei,solesdignes

129 4189 221 4241 stram
237 4186 267 4238 in
281 4199 337 4255 que
350 4183 442 4238 crevit
453 4183 531 4254 quod
542 4183 680 4238 mutabile
689 4186 735 4238 est
745 4199 866 4239 sursum
880 4186 961 4240 vehit
1019 4183 1136 4238 salvere
1158 4182 1285 4254 librum,
1313 4183 1480 4255 significata
1502 4183 1570 4256 ejus
1586 4184 1617 4239 iu
1640 4185 1785 4255 passione
1799 4198 1849 4240 see

128 4291 232 4331 secem
250 4273 401 4328 inhorreo
418 4272 494 4343 coeli,
511 4273 590 4344 quia,
605 4289 672 4328 cum
685 4276 764 4328 terra
779 4275 884 4347 simus,
902 4276 960 4330 nisi
1019 4272 1194 4343 complendo
1209 4272 1336 4342 aperiret
1350 4273 1540 4343 propheticas
1563 4288 1665 4345 vaces,
1684 4273 1800 4330 idcirco
1816 4273 1848 4328 ab

126 4365 220 4422 verbo
235 4364 298 4434 Dei,
315 4363 394 4436 quod
410 4366 456 4418 cst
471 4360 618 4431 Christus,
631 4368 792 4435 portemur,
811 4364 841 4420 in
853 4365 960 4420 coelum
1019 4361 1075 4416 hac
1090 4361 1243 4416 Dominiea
1257 4361 1323 4416 vela
1339 4361 1471 4432 depensa
1490 4363 1638 4418 ducuntur
1653 4366 1721 4420 ante
1743 4367 1849 4420 sancte

127 4472 187 4511 non
201 4453 402 4522 ascendimus
421 4453 575 4523 sicutipse
591 4453 631 4507 ait
648 4469 653 4508 :
668 4453 763 4509 Nemo
779 4455 915 4510 escendit
930 4456 961 4510 in
978 4451 1163 4537 „Ecclesiae
1179 4450 1290 4520 altaria,
1307 4453 1337 4505 ut
1351 4452 1478 4522 populus
1494 4467 1553 4507 uon
1567 4452 1666 4508 rideat
1676 4456 1849 4510 sanctasan-

128 4545 239 4615 celan,
260 4544 329 4613 nisi,
342 4542 436 4614 (dean.
454 4544 505 4613 ιιι),
523 4545 578 4597 etc.
598 4541 744 4615 Cumque
760 4547 788 4597 et
803 4559 856 4614 per
875 4560 962 4615 quem

128 4635 275 4689 sublevati
283 4634 433 4704 portantes
445 4631 740 4703 manipulosjustitiae
748 4632 963 4688 laetificabimur

128 4724 189 4779 Deo
203 4725 363 4779 renovante
377 4721 561 4794 juventutem
576 4724 717 4792 nostram,
734 4721 839 4793 vigore
854 4722 964 4777 novitu-

128 4813 166 4868 tis
183 4816 312 4868 ceterum.

217 4901 279 4955 Trr.
297 4900 405 4954 XXVI.
422 4901 467 4955 Dc
485 4900 741 4974 Quinquapcsimrc
757 4899 864 4956 estleia.

164 4990 197 5045 ln
212 4989 474 5061 Quinquagesima,
488 4989 586 5061 isqui,
600 4990 793 5045 calamitatem
804 5006 965 5046 suamcoe·

132 5080 279 5150 siderare,
296 5079 325 5132 in
342 5079 489 5150 superiori
512 5080 663 5135 llcminica
680 5079 715 5134 de
731 5079 885 5150 protendis
902 5080 964 5134 cla-

128 5171 258 5224 maverat
276 5168 312 5222 ad
328 5168 484 5223 Dominum
499 5172 530 5223 ut
546 5171 705 5241 exurgeret
720 5172 747 5223 et
763 5185 821 5224 non
836 5169 963 5240 repelle·

129 5263 174 5315 rct
189 5275 256 5315 eum
271 5274 367 5329 esque
383 5260 413 5312 in
429 5258 527 5327 linem,
539 5258 644 5313 videns
662 5258 961 5330 captivitatemseam,

131 5353 160 5404 et
177 5349 326 5404 diabolum
342 5363 458 5402 omnem
471 5351 572 5401 contra
587 5347 684 5417 ipsum
694 5347 834 5403 vitiorum
844 5363 964 5403 movere

129 5434 967 5508 exercitum,aquoonmisquipicrultrrrcrcpersecutio·

131 5544 196 5584 nem
204 5529 320 5600 patitur
331 5526 375 5594 (II
383 5526 454 5580 Tirn.
467 5528 510 5596 ιιι)
520 5539 526 5578 :
535 5527 563 5578 et
573 5523 696 5579 audiens
708 5525 766 5580 sibi
776 5526 888 5581 dictum
900 5527 965 5582 :Fi-

129 5617 162 5688 ιι,
176 5617 203 5672 ει
216 5617 263 5671 ris
273 5615 410 5671 concerti
416 5614 454 5669 ed
461 5614 624 5680 Dominum,
633 5629 770 5685 praepara
781 5616 906 5671 animam
918 5621 965 5670 tu-

128 5719 177 5768 nm
187 5704 226 5766 cd
235 5705 416 5766 tentationes
424 5702 531 5786 (ticeli.
544 5703 593 5780 e),
606 5700 752 5781 adjutoris
765 5702 819 5763 Dei
829 5703 965 5782 implorat

1022 4544 1136 4596 ctorem
1150 4540 1244 4595 donec
1258 4541 1289 4594 in
1304 4540 1489 4597 hebdomada
1504 4545 1570 4597 ante
1592 4541 1719 4614 Pascha,
1735 4543 1849 4615 deposi-

1020 4632 1099 4686 tione
1122 4629 1257 4684 velorum
1281 4630 1383 4686 eadem
1406 4631 1553 4686 reveletur
1575 4631 1772 4704 significatio,
1788 4647 1849 4705 que

1020 4721 1096 4776 tecta
1114 4721 1160 4774 est
1174 4735 1228 4790 per
1242 4719 1299 4775 hoc
1315 4721 1393 4791 quod
1408 4721 1506 4777 velum
1521 4721 1623 4792 templi
1638 4721 1773 4778 scissem
1787 4724 1846 4791 est,

1019 4810 1152 4866 tredente
1169 4810 1292 4865 Domino
1306 4810 1452 4880 spiritum.

1055 4898 1258 4954 Trexxvllr.
1275 4898 1318 4954 Dc
1333 4899 1383 4954 die
1398 4899 1531 4956 cinerum
1546 4901 1577 4956 ιιι
1594 4899 1699 4973 Capite
1706 4897 1828 4975 jejunii.

1056 4989 1089 5044 In
1099 4987 1415 5061 Capitejejuniineque
1423 4989 1574 5046 cineribus
1584 4995 1848 5063 eaputaspergerc,

1021 5095 1118 5151 neque
1129 5078 1217 5132 nudis
1227 5077 1354 5148 pedibus
1365 5078 1515 5134 ambulare
1524 5095 1599 5150 opus
1608 5083 1701 5148 essct,
1713 5079 1740 5136 si
1752 5091 1850 5136 omnes

1021 5166 1853 5241 lugendiscicntia'mhaberemus,cuuetisqeeilludoequa·

1020 5258 1088 5313 liter
1102 5259 1220 5328 saperet
1233 5256 1312 5328 quod
1327 5255 1471 5327 propheta
1497 5256 1682 5328 exprobrans
1700 5273 1707 5313 :
1727 5257 1851 5327 Cecidit,

1021 5346 1126 5419 inquit,
1137 5345 1359 5418 coronecepitis
1370 5345 1482 5402 nostri:
1498 5362 1540 5401 vac
1551 5346 1638 5403 nobis
1648 5347 1715 5420 quic
1722 5363 1814 5420 pecca
1820 5347 1854 5401 ιι

1022 5438 1100 5492 nes?
1111 5435 1236 5505 (Three.
1248 5436 1289 5506 ιι),
1306 5437 1334 5490 et
1349 5435 1489 5490 omnibus
1505 5437 1587 5491 esset
1611 5435 1642 5490 in
1657 5440 1798 5508 promptu
1812 5435 1854 5491 ιιι-

1022 5540 1090 5582 cere
1100 5525 1170 5580 illud
1182 5540 1188 5580 :
1200 5523 1338 5580 Scindite
1348 5525 1437 5580 corda
1452 5529 1593 5580 restruet
1607 5539 1665 5581 ιιοιι
1679 5527 1854 5583 vestimenta

1025 5614 1220 5685 restrnhtcel.
1230 5614 1272 5685 e).
1285 5613 1370 5671 Nunc
1385 5617 1483 5671 autem
1497 5615 1706 5686 maximopere
1721 5619 1855 5674 eastern

1022 5707 1128 5786 sponte
1143 5703 1346 5767 neamenim
1358 5703 1621 5785 qualemcrnatere
1630 5705 1750 5787 capitis,
1765 5705 1798 5770 ic
1810 5706 1856 5771 at
