3796 6022
111 258 166 322 aar
228 214 234 219 ’
455 256 674 323 arannem
694 255 753 322 aa
775 255 968 325 naeoms
990 257 1135 327 orant
1155 257 1421 323 noeuarrcs.
1773 253 1834 320 eea

109 462 306 530 peccatorem,
320 463 509 529 utpeecatnm
519 458 745 514 suumrevelare
755 458 944 515 nonarubes·
957 449 988 512 Α
1003 459 1113 514 babere
1127 459 1288 531 potuisset,
1313 459 1373 513 nisi
1393 458 1473 512 Deus
1488 457 1515 512 ei
1530 471 1584 527 per
1599 456 1836 511 misericordiam

110 552 166 603 cat.
179 548 238 602 Sed
248 548 385 619 quisquis
401 548 430 600 in
446 547 500 600 hac
512 548 570 601 vita
586 550 690 618 sponte
705 549 787 603 exire
806 547 942 618 noluerit,
1002 564 1087 603 suam
1102 547 1181 603 illam
1194 548 1346 603 tribueret.
1364 547 1402 602 Ut
1416 562 1488 619 ergo
1505 546 1584 601 Deua
1599 545 1637 600 ab
1648 545 1837 616 bominepla·

109 636 140 690 in
152 636 249 691 tuturo
264 636 428 705 expelletur
443 635 562 704 invitus,
581 637 647 706 quin
663 636 713 708 qui
729 637 776 692 lric
791 639 944 708 peccatum
1002 638 1063 695 cari
1073 641 1187 710 posset,
1204 637 1283 692 Deus
1298 636 1479 707 deditgratis
1490 634 1601 689 bomini
1612 633 1788 705 qnodbomo
1799 649 1837 688 ex

109 740 197 779 suum
209 723 340 778 revelare
349 724 514 795 neglexerit
524 726 559 778 ad
569 726 704 797 salutem,
716 725 783 798 ejus
792 729 945 797 peccatum
1003 726 1101 781 debito
1118 724 1178 781 Deo
1193 725 1340 780 redderet.
1357 723 1442 779 Dedit
1452 723 1563 778 bomini
1579 723 1739 792 hominem,
1749 737 1837 792 quem

108 812 160 882 ibi,
177 813 247 866 velit
263 811 349 882 nolit,
372 813 553 869 revelabitur
572 814 608 868 ad
624 815 844 885 confusionem,
867 815 945 871 sicut
1002 813 1091 873 homo
1106 830 1160 888 pro
1175 814 1294 871 bomine
1309 812 1459 882 redderet3
1484 812 1534 884 qni
1557 815 1589 866 ut
1610 811 1700 884 digna
1720 826 1837 866 recom-

109 901 216 955 dieitur
231 901 261 953 in
276 901 333 955 alio
345 900 476 971 psalmo:
493 902 626 975 Arquam
643 909 680 970 te,
695 909 724 959 θῖ
738 908 865 959 statuam
881 918 946 958 con·
1001 904 1136 975 pensatio
1152 903 1250 971 lieret,
1274 901 1367 972 priori
1380 916 1439 955 non
1455 901 1554 955 solum
1567 900 1707 971 aequalis,
1732 900 1787 954 sed
1809 901 1839 953 et

109 994 155 1043 tra
170 988 277 1042 taciem
293 995 370 1044 tuam
381 988 476 1061 (Psal.
490 992 579 1061 xrrx).
1002 992 1099 1064 major
1113 994 1204 1047 esset.
1219 991 1256 1046 Ut
1271 1006 1343 1063 ergo
1355 1005 1408 1060 pro
1419 989 1538 1044 bomine
1549 988 1732 1058 redderetur,
1748 988 1837 1043 bomo

107 1077 178 1132 Car.
196 1077 271 1131 Vlll.
288 1078 332 1132 Dc
348 1094 435 1133 eausa
451 1078 517 1133 litis
537 1080 618 1135 inter·
637 1079 730 1135 Deum
749 1080 896 1135 bominem
916 1085 945 1135 et
1002 1080 1226 1151 maiorhomine
1242 1079 1339 1134 iactus
1351 1077 1584 1133 estDenshomo
1595 1093 1648 1147 pro
1659 1072 1795 1145 bomine,
1810 1081 1839 1131 et

446 1166 604 1222 diabolum.
1003 1169 1130 1225 deditae
1146 1169 1234 1224 horno
1250 1167 1377 1236 homini,
1399 1170 1430 1220 nt
1443 1181 1477 1222 se
1491 1166 1638 1236 acciperet
1653 1165 1690 1219 ab
1706 1164 1836 1219 homine.

145 1253 286 1318 Quoniam
297 1253 562 1326 lecistijocliciam,
577 1262 733 1311 etcausam
743 1257 943 1327 meam(Psal.
1004 1259 1177 1313 lacernatus
1193 1260 1238 1312 est
1252 1257 1332 1311 Deus
1349 1255 1400 1310 Dei
1416 1254 1519 1318 Filius,
1537 1258 1565 1309 et
1580 1255 1665 1308 datus
1680 1256 1727 1308 est
1741 1253 1838 1308 homi·

106 1342 159 1412 rx).
177 1341 251 1395 Tres
267 1342 296 1394 in
314 1357 434 1395 causam
447 1342 588 1397 veniunt:
614 1344 771 1416 Diabolus,
788 1344 892 1414 bomo,
918 1348 946 1399 et
1003 1346 1092 1401 nibus
1107 1346 1187 1400 Deus
1203 1343 1450 1410 homocreatus,
1462 1343 1540 1396 siout
1551 1342 1644 1397 isaias
1655 1340 1739 1396 dicit:
1758 1341 1841 1396 Puer

107 1429 198 1485 Deus.
215 1428 357 1484 Diabolus
374 1430 434 1485 ileo
455 1430 594 1503 injuriam
619 1432 729 1488 iecisse
749 1433 945 1503 convincitur,
1004 1429 1842 1499 rratns'estnobis,etdliasdatnsestnohis.ldtvocabitur

108 1518 176 1590 quia
188 1533 309 1572 servum
320 1517 397 1589 eius,
410 1518 467 1574 hoe
477 1524 523 1574 est
534 1520 693 1592 hominem,
706 1524 734 1576 θῖ
744 1521 947 1577 fraudulenter
1005 1540 1108 1580 nornen
1119 1523 1185 1595 ejus
1194 1520 1403 1587 Admirabilis,
1418 1520 1508 1587 Dens,
1522 1519 1621 1584 fortis,
1634 1520 1690 1572 etc.
1703 1511 1775 1587 (lea.
1788 1517 1842 1587 rx.)

109 1606 245 1676 abduxit,
272 1610 300 1660 et
324 1607 469 1662 violenter
489 1609 591 1664 tenuit.
616 1609 709 1665 llomo
729 1609 870 1682 injuriam
884 1609 946 1664 Deo
1004 1611 1087 1677 Quod
1096 1627 1168 1684 ergo
1179 1609 1290 1665 homini
1302 1609 1387 1664 datus
1399 1611 1444 1662 est
1454 1607 1602 1677 Christus,
1615 1607 1666 1662 Dei
1678 1606 1734 1661 tuit
1748 1607 1842 1660 mise·

109 1694 220 1750 iecisse
235 1695 430 1766 convincitur,
448 1696 531 1768 quia,
548 1700 577 1752 θῖ
591 1699 772 1769 pracceptum
788 1696 856 1771 ejus
872 1714 946 1752 con·
1005 1700 1147 1770 ricordia3
1164 1699 1243 1770 quod
1253 1697 1289 1752 ab
1301 1697 1419 1752 homine
1432 1696 1564 1751 redditus
1576 1698 1622 1750 est
1632 1694 1781 1764 Christus,
1795 1694 1843 1750 ho·

108 1784 238 1854 tempsit,
256 1787 284 1838 θῖ
298 1800 331 1839 se
347 1785 531 1839 submerum
542 1786 668 1841 alienam
678 1801 793 1858 ponens
804 1802 868 1842 suae
880 1802 946 1841 ser·
965 1821 989 1881 Β
1005 1790 1094 1844 minis
1117 1787 1171 1842 tuit
1189 1786 1315 1858 justitia.
1343 1786 1376 1839 ln
1397 1785 1525 1840 navitate
1544 1784 1622 1838 enim
1637 1783 1747 1838 Christi
1761 1782 1843 1854 juste

108 1872 211 1928 vitatis
234 1872 373 1927 damnum
396 1873 437 1927 illi
464 1875 568 1929 intulit.
595 1875 667 1930 ltem
683 1876 820 1931 diabolus
835 1875 947 1931 homini
1005 1878 1138 1949 placatus
1154 1878 1200 1930 est
1214 1876 1294 1930 Deus
1309 1873 1431 1943 homini,
1444 1873 1513 1944 qnia
1527 1872 1693 1927 talisbomo
1704 1872 1842 1926 inventus

108 1960 248 2033 injuriam
271 1960 381 2016 iecisse
407 1963 601 2034 convincitur,
626 1965 694 2036 quia
712 1964 803 2034 illum,
821 1967 850 2018 et
864 1963 948 2035 prins
1005 1981 1058 2038 pro
1074 1964 1203 2034 bomine,
1218 1965 1269 2035 qui
1284 1979 1343 2018 non
1359 1962 1466 2031 solum,
1482 1963 1514 2016 ut
1527 1961 1695 2015 dictumest
1708 1977 1772 2032 par,
1789 1960 1842 2016 sed

108 2049 186 2105 bona
201 2050 396 2120 promittendo
413 2051 538 2122 decepit,
555 2055 583 2107 et
593 2056 697 2123 postea
707 2052 783 2108 mala
793 2052 948 2107 inserendo
1005 2058 1034 2110 et
1045 2052 1140 2125 major
1148 2056 1230 2108 esset
1242 2051 1370 2107 homine.
1387 2051 1456 2105 ldeo
1472 2050 1502 2104 in
1519 2049 1647 2104 navitate
1662 2048 1774 2104 Christi
1788 2065 1843 2103 an·

109 2139 197 2194 laesit.
225 2139 338 2210 Iniuste
364 2155 437 2212 ergo
462 2140 599 2197 diabolus
623 2144 703 2197 tenet
718 2140 878 2210 hominem,
895 2141 948 2196 sed
1006 2143 1065 2217 geli
1080 2143 1191 2198 mundo
1205 2138 1612 2212 pacemnuntiantdicentes:
1631 2137 1734 2193 Gloria
1745 2138 1778 2191 in
1789 2152 1842 2192 err-

110 2229 198 2284 homo
212 2227 293 2300 juste
308 2232 434 2299 tenetur,
453 2229 521 2300 quia
532 2230 669 2285 diabolus
681 2246 831 2303 nunquam
842 2231 949 2285 meruit
1007 2229 1174 2294 celsisDeo.
1185 2230 1255 2286 etin
1265 2226 1845 2301 terraparlromicibnsbomevoluntatis

110 2320 142 2371 ut
165 2317 314 2371 bominem
339 2316 397 2371 sibi
416 2316 586 2389 subjectum
611 2320 774 2391 premeret,
791 2318 845 2374 sed
859 2318 948 2373 homo
1007 2320 1088 2392 (Luc.
1105 2320 1147 2391 rr).
1164 2319 1222 2375 Sed
1237 2318 1334 2374 adbuc
1349 2319 1503 2390 supererat
1517 2315 1639 2384 bomini,
1656 2319 1688 2370 ut
1703 2315 1782 2370 sient
1794 2330 1844 2370 re·

110 2405 217 2460 meruit
232 2421 284 2475 per
299 2404 414 2475 culpam
426 2391 510 2459 snam
521 2408 552 2460 ut
562 2406 599 2460 ab
610 2422 646 2463 eo
656 2409 850 2477 promeretur.
867 2406 950 2461 Licet
1008 2410 1168 2465 staurando
1179 2408 1318 2463 damnum
1328 2407 1496 2477 placaverat
1510 2406 1594 2474 iram,
1611 2405 1651 2458 ita
1662 2419 1781 2476 qnoque
1791 2419 1845 2476 pro

111 2494 189 2549 enim
205 2493 356 2564 ignoraret
366 2492 475 2547 falsum
486 2496 643 2565 essequod
654 2494 791 2550 diabolus
801 2493 947 2565 promisit,
1008 2501 1177 2568 contemptu
1191 2495 1414 2565 satisfaciendo,
1431 2495 1541 2567 dignus
1550 2494 1634 2549 llerat
1642 2493 1771 2549 evadere
1783 2509 1846 2564 poe·

110 2597 171 2638 non
186 2585 284 2635 tamen
299 2582 448 2653 ignorarit
463 2583 542 2654 quod
552 2583 624 2638 illud
635 2585 733 2654 ctiam,
751 2583 777 2639 ei
788 2598 892 2638 rerum
902 2599 950 2638 es·
1007 2602 1085 2643 nam.
1098 2586 1157 2641 Sed
1172 2585 1229 2640 hoo
1241 2584 1466 2639 convenientius
1478 2584 1543 2638 lieri
1553 2598 1613 2637 non
1624 2585 1738 2654 poterat
1746 2582 1806 2637 nisi
1816 2585 1847 2636 ut

111 2672 167 2741 set,
186 2672 286 2724 contra
301 2668 450 2725 Creatoris
466 2670 646 2727 voluntatem
655 2671 878 2743 concupiscere,
890 2687 950 2726 non
1007 2690 1139 2749 poenam,
1163 2689 1251 2746 quam
1274 2689 1333 2729 non
1349 2672 1489 2742 debebat,
1510 2674 1615 2743 sponte
1631 2674 1660 2726 et
1674 2671 1849 2726 obedienter

113 2759 950 2832 debuittnsteergosubjectnsesthomodiabolo,quan·
1008 2765 1190 2835 susciperet,
1214 2765 1246 2817 ut
1266 2762 1302 2817 da
1322 2777 1424 2832 prena,
1448 2775 1535 2833 quam
1550 2775 1603 2832 per
1616 2760 1847 2815 inobedientiam

110 2850 172 2904 tum
186 2849 313 2919 pertinet
327 2849 363 2905 ad
379 2848 494 2920 eulpam
510 2849 592 2922 ejus;
609 2849 720 2922 injuste
736 2853 843 2920 autem,
861 2865 951 2921 quan·
1008 2856 1170 2922 meruerat,
1187 2851 1262 2923 eripi
1276 2851 1386 2923 dignae
1402 2850 1494 2905 lieret.
1519 2850 1603 2905 lianc
1618 2853 1715 2905 autem
1729 2864 1848 2919 paenam

111 2941 172 2993 tum
200 2938 326 3009 pertinet
347 2939 384 2992 ad
408 2938 518 2993 diaboli
540 2938 777 2995 fraudulentiam.
800 2938 829 2994 Si
857 2938 950 3011 igitur
1009 2942 1097 2998 bomo
1112 2945 1251 3012 peccator
1261 2940 1379 2995 solvere
1394 2954 1454 2993 non
1467 2941 1590 3009 poterat,
1608 2939 1669 3009 qui,
1685 2954 1847 3010 quamcun-

111 3027 561 3099 homotalernpatronumbabet,
574 3029 662 3102 nujus
672 3029 801 3099 potentia
812 3026 950 3083 diabolus
1009 3047 1067 3103 qne
1082 3046 1200 3102 poenam
1214 3029 1391 3100 susciperet,
1409 3043 1469 3082 non
1479 3028 1538 3081 nisi
1548 3027 1638 3100 digne
1648 3027 1768 3098 etjuete
1780 3042 1847 3098 pro·

112 3117 142 3173 in
153 3133 273 3171 oausam
283 3116 418 3188 compelli
429 3122 543 3188 posset,
553 3117 635 3190 juste
646 3119 776 3173 dominio
787 3116 950 3190 ejusbomo
967 3130 992 3192 c
1008 3122 1074 3191 pter
1088 3119 1175 3189 primi
1190 3120 1376 3187 contemptus
1391 3119 1504 3171 reatum
1520 3118 1691 3170 sustineret.
1716 3115 1754 3170 Ut
1773 3130 1860 3187 ergo,

113 3207 337 3277 contradiceret,
354 3207 421 3278 quia
439 3207 549 3261 nnllam
559 3206 818 3279 diabolusjustam
830 3222 951 3262 eausam
1009 3209 1097 3263 lromo
1110 3207 1193 3279 J‘uste
1208 3205 1336 3260 debitam
1351 3220 1467 3275 poenam
1485 3205 1633 3274 eraderet,
1650 3218 1778 3259 necesse
1793 3203 1849 3259 tuit

112 3295 224 3366 habuit,
242 3311 332 3367 quare
348 3296 407 3350 sibi
419 3295 472 3367 jus
487 3297 517 3351 in
532 3296 650 3351 homine
664 3297 816 3352 vindicare
827 3296 951 3352 debuis-
1009 3298 1041 3351 ut
1054 3297 1121 3351 talis
1135 3311 1190 3368 pro
1199 3295 1317 3350 homine
1326 3309 1441 3364 paenam
1451 3294 1619 3364 susciperet
1628 3293 1680 3364 qui
1694 3292 1736 3347 nil
1749 3308 1847 3363 poenac

114 3388 170 3440 set.
188 3385 334 3439 Patronus
354 3389 451 3439 antem
475 3386 543 3439 talis
567 3387 667 3441 nullus
689 3386 817 3440 inveniri
838 3387 952 3457 poterat
1009 3385 1174 3441 debuisset.
1182 3383 1314 3439 Sedtalis
1325 3383 1424 3436 nullus
1435 3381 1563 3437 inveniri
1573 3384 1687 3452 poterat
1697 3381 1757 3435 nisi
1767 3381 1849 3436 Cbri-

114 3474 172 3527 nisi
188 3472 279 3526 Deua.
296 3472 354 3526 Sed
371 3473 450 3527 Deus
462 3489 584 3528 cansam
594 3475 723 3530 bominis
735 3473 891 3545 suscipere
899 3488 952 3528 no·
1010 3479 1086 3530 stus.
1103 3474 1241 3528 Christus
1258 3486 1330 3543 ergo
1346 3474 1375 3525 et
1389 3471 1541 3525 nascendo
1566 3470 1697 3525 debitam
1718 3470 1849 3525 bominis

114 3560 182 3631 luit,
207 3561 275 3631 quia
300 3561 410 3615 bomini
427 3561 523 3615 adhuc
537 3579 591 3632 pro
608 3563 693 3633 culpa
709 3579 763 3617 sua
777 3563 870 3617 iratus
886 3561 950 3616 ruit.
1010 3564 1089 3619 Patri
1103 3563 1203 3630 solvit,
1219 3565 1248 3616 ct
1262 3560 1415 3615 moriendo
1430 3562 1544 3615 reatum
1561 3559 1691 3616 bominis
1705 3559 1847 3630 expiavit,

23 3707 29 3713 ,
114 3648 249 3720 Oportuit
264 3664 337 3720 ergo
351 3653 383 3703 ut
396 3649 480 3720 prius
495 3649 583 3705 bomo
600 3651 693 3705 Deum
708 3652 847 3720 placaret,
864 3650 952 3704 etsie
1010 3655 1041 3707 nt
1060 3667 1127 3706 oum
1147 3652 1212 3722 ipse
1225 3666 1280 3720 pro
1295 3649 1414 3704 homine
1430 3652 1555 3703 mortem
1570 3663 1659 3719 quam
1673 3663 1733 3703 non
1746 3647 1850 3702 debuit

110 3737 221 3794 ⁴deinde
245 3738 421 3793 fiducialiter
445 3739 506 3793 Deo
527 3741 729 3809 patrocinante
751 3755 819 3793 curn
833 3736 951 3794 diabolo
1010 3743 1181 3810 sustineret,
1194 3738 1277 3810 ,juste
1293 3738 1380 3794 homo
1395 3753 1448 3808 pro
1463 3738 1529 3807 ipso
1546 3740 1670 3791 mortem
1685 3751 1774 3808 qnam
1794 3737 1849 3791 ‹le-

115 3827 196 3883 litem
211 3827 307 3882 iniret.
325 3827 384 3882 Sed
402 3828 497 3882 Deum
518 3828 732 3883 rationabiliter
751 3827 868 3898 placere
878 3824 952 3881 'non
1009 3830 1098 3885 bebat
1113 3829 1261 3898 evaderet,
1277 3830 1307 3883 et
1319 3827 1381 3898 jam
1395 3826 1493 3881 locum
1502 3825 1699 3881 calumniandi
1710 3824 1849 3880 diabolus

115 3919 240 3987 poterat,
255 3917 313 3970 niel
329 3919 358 3970 θῖ
373 3916 511 3971 damnum
526 3917 605 3987 quod
622 3916 760 3972 intulerat
774 3917 953 3986 restitueret,
1009 3934 1068 3974 non
1084 3919 1244 3987 inveniret,
1269 3917 1352 3987 qnia,
1377 3916 1485 3985 etipse
1501 3914 1612 3973 bomini
1627 3913 1774 3969 dominari
1789 3929 1849 3969 non

115 4005 145 4058 et
159 4005 195 4059 de
212 4008 380 4074 contemptu
396 4006 592 4060 satisfaceret.
617 4006 713 4061 Homo
728 4021 799 4062 varo
815 4004 888 4060 nibil
903 4004 955 4059 ba·
1009 4007 1125 4076 debuit3
1141 4006 1272 4061 ethome
1289 4005 1408 4059 liberari
1424 4004 1606 4074 dignusiuit.
1620 4003 1700 4056 idem
1711 4004 1849 4073 itaqneet

115 4091 179 4147 buit
194 4093 272 4164 quod
283 4093 373 4164 digne
385 4093 446 4149 Deo
461 4109 515 4164 pro
531 4094 610 4149 illato
626 4095 733 4150 damno
747 4108 955 4166 reeompensa-
1006 4095 1154 4168 judicium
1169 4098 1303 4149 nostrum
1319 4098 1482 4148 etecusam
1500 4096 1632 4149 nostram
1657 4091 1728 4145 feeit
1744 4106 1750 4145 :
1775 4106 1848 4145 cau·

118 4183 172 4251 ret,
188 4181 257 4252 quia
273 4181 300 4236 si
314 4181 432 4252 quidde
447 4181 643 4239 irrationabili
657 4187 792 4240 creatura
806 4184 953 4253 redderet,
1010 4200 1085 4254 sam,
1098 4184 1165 4255 quia
1175 4182 1326 4239 nascendo
1334 4182 1465 4237 debitum
1481 4181 1557 4235 l‘atri
1573 4196 1626 4250 pro
1641 4180 1730 4234 nobis
1745 4180 1846 4250 solvit,

117 4285 172 4341 pro
186 4270 321 4325 rationali
336 4270 451 4326 sublata
467 4273 565 4328 minus
587 4276 680 4328 esset.
705 4251 764 4330 Sed
786 4288 842 4329 nee
864 4273 957 4327 homi·
1011 4275 1040 4329 et
1054 4272 1208 4328 moriendo
1224 4275 1337 4327 reatum
1352 4269 1656 4340 expiavit31'udieinm
1672 4283 1758 4337 varo,
1779 4269 1849 4339 qnia

118 4374 196 4430 nom,
210 4375 265 4430 pro
275 4360 394 4414 homine
408 4360 533 4416 reddere
543 4363 646 4432 potnit,
664 4363 856 4435 quiajustnm
867 4365 897 4418 et
911 4361 956 4417 in·
1011 4361 1198 4418 descendens
1217 4361 1255 4415 ad
1273 4360 1387 4415 interos
1403 4362 1431 4414 et
1445 4363 1546 4429 portas
1566 4358 1670 4413 mortis
1691 4357 1847 4430 frangens,

117 4451 272 4504 nocentem
288 4448 465 4519 abstulerat,
489 4454 518 4504 et
532 4452 681 4506 neminem
695 4453 754 4507 nisi
768 4440 996 4523 peccatoremD
1011 4451 1208 4522 captivitatem
1223 4465 1290 4521 quaa
1306 4448 1415 4503 ibidem
1432 4447 1587 4502 tenebatur
1597 4447 1719 4501 liberam
1734 4447 1848 4501 erluxit.

116 4537 240 4593 invenit.
257 4538 337 4593 Nihil
353 4554 426 4610 ergo
442 4538 530 4594 bomo
547 4539 668 4595 invenit.
686 4541 771 4595 Unde
787 4541 881 4595 Deum
896 4539 955 4594 sibi
1010 4540 1081 4596 Gar.
1091 4539 1143 4594 lx.
1153 4535 1851 4605 Quomodolteasuerrram,etsirrisrramoealos

116 4626 235 4698 placare
249 4632 362 4698 posset,
379 4627 449 4698 quia
465 4628 529 4683 aive
546 4644 610 4699 sua,
629 4629 694 4683 siva
708 4629 842 4699 seipsum
857 4629 955 4698 daret,
1299 4627 1414 4682 babere
1428 4627 1555 4681 dicatur.

118 4716 208 4788 digna
223 4718 458 4787 recompensatio
475 4732 535 4773 non
550 4720 641 4772 esset.
658 4717 770 4772 Videas
786 4733 859 4790 ergo
875 4718 956 4772 Deus
1049 4717 1133 4774 Oculi
1143 4718 1208 4790 ejus
1217 4717 1415 4789 inproperare
1426 4715 1592 4787 respiciunt
1598 4734 1608 4779 ,·
1620 4713 1774 4786 palpebrae
1784 4713 1852 4785 ejas

119 4805 269 4860 hominem
285 4821 339 4860 sua
354 4807 463 4860 virtute
481 4806 588 4878 jugum
611 4807 809 4861 damnationis
831 4806 957 4862 evadere
1011 4807 1202 4880 interropant
1217 4805 1296 4861 dlios
1308 4806 1456 4860 dominnm
1471 4802 1566 4873 (Psal.
1579 4805 1630 4873 rx).
1648 4803 1728 4857 Deua
1745 4802 1851 4857 oculos

119 4907 179 4946 non
194 4907 295 4961 posse,
313 4895 454 4949 misertus
469 4899 516 4949 est
531 4895 616 4967 eius3
644 4900 672 4950 et
686 4897 814 4966 primum
828 4896 957 4967 gratuito
1012 4896 1122 4952 babere
1137 4895 1254 4965 dicitur,
1271 4894 1340 4965 quia
1353 4894 1499 4950 bonorum
1513 4895 1543 4947 et
1559 4892 1703 4947 malornm
1720 4891 1787 4946 viae
1798 4891 1852 4962 ju·

118 4979 263 5051 praevenit
277 4995 344 5034 eum
359 4997 412 5050 per
426 4983 520 5037 solam
535 4985 785 5054 misericordiam,
802 4987 835 5038 ut
849 4984 957 5039 deinde
1013 4985 1090 5058 giter
1106 4984 1329 5054 contemplatur.
1347 4982 1384 5037 Et
1398 4984 1485 5053 quasi
1499 4982 1654 5044 sinistrum
1669 4981 1789 5043 ocultam
1804 4981 1854 5035 lra-

119 5068 261 5125 liberaret
283 5084 337 5138 per
356 5070 511 5140 justitiam.
535 5073 599 5127 lloe
615 5076 671 5142 eet,
688 5074 757 5146 quia
771 5088 809 5128 ex
820 5088 854 5128 se
869 5073 957 5128 bomo
1011 5074 1070 5144 bet,
1087 5073 1204 5145 quando
1220 5072 1314 5128 malos
1329 5072 1366 5126 ad
1377 5072 1593 5126 damnationem
1603 5069 1756 5140 praevidet.
1774 5069 1852 5125 Dex-

118 5156 264 5228 justitiam
286 5157 421 5212 evelendi
448 5175 507 5213 non
532 5160 648 5231 babuit,
676 5161 755 5216 Deus
778 5162 891 5216 bomini
905 5176 960 5233 per
1010 5166 1057 5219 tro
1072 5165 1170 5220 autem
1179 5161 1296 5234 aspicit,
1311 5161 1430 5232 qnando
1440 5159 1471 5214 ia
1481 5160 1669 5231 prescientia
1683 5174 1738 5214 auo
1752 5158 1852 5215 bonos

120 5245 358 5304 misericordiam
370 5246 516 5317 justitiam
532 5248 620 5304 dedit.
634 5250 738 5321 Neque
753 5251 832 5305 enirn
847 5251 958 5322 ereptio
1013 5251 1049 5308 ad
1066 5251 1193 5309 salutem
1206 5251 1347 5321 disponit.
1373 5248 1425 5304 lati
1449 5248 1528 5304 oonli
1549 5241 1707 5319 palpebrae
1723 5247 1850 5317 babeat,

122 5334 252 5391 bominis
267 5333 398 5406 perlecta
408 5336 593 5392 rationabilis
603 5343 695 5409 esset,
711 5339 823 5394 nisiex
836 5343 959 5412 utraque
1013 5356 1080 5414 quaa
1095 5340 1253 5413 aliqnando
1269 5339 1450 5411 aperiuntur.
1464 5335 1587 5403 Quando
1597 5335 1691 5393 inbao
1701 5336 1760 5391 vita
1771 5336 1853 5392 Deus

120 5426 203 5497 parta
215 5423 298 5496 justa
313 5423 417 5495 liereit,
427 5424 549 5496 lroeest,
565 5425 642 5481 sicut
657 5427 891 5500 lleusjustitiam
905 5430 960 5484 lra-
1013 5429 1254 5501 bonisprospara
1262 5431 1291 5484 et
1299 5427 1385 5483 malie
1396 5426 1521 5483 advorsa
1529 5426 1641 5497 tribuit,
1656 5426 1854 5498 quasipalpa·

120 5513 185 5573 buit
198 5514 349 5571 bominem
362 5512 544 5586 requirendi,
559 5515 638 5571 itaet
648 5515 890 5590 bomojuetitiam
905 5519 961 5583 ba·-
1014 5517 1085 5574 brae
1096 5518 1300 5590 leratqniase
1309 5515 1855 5588 videreoperabominumbonaetma-

121 5602 206 5676 beret
220 5604 374 5692 euadendi.
391 5601 449 5661 Sed
465 5602 696 5680 ltanojustitiam
709 5605 798 5664 borno
810 5622 961 5684 nunquam
1014 5607 1052 5683 la,
1070 5607 1157 5665 etiarn
1171 5606 1312 5682 praesenti
1325 5605 1529 5680 retributione,
1540 5604 1720 5664 manifestat.
1729 5603 1855 5675 Quando
