3796 6022
86 282 146 345 421

520 276 575 342 DE
599 281 777 342 OFFlCllS
803 273 1151 341 ECCLESIASTICIS.
1179 316 1214 324 -
1238 277 1318 340 LIB.
1343 276 1380 339 ΙΙ,

1752 283 1811 344 422

86 482 210 536 nuntiat.
227 483 283 535 Ore
300 484 325 535 ct
338 480 444 551 spiritu
455 485 517 535 orat
529 480 577 551 qui
588 479 724 552 intelligit
735 479 845 534 orando
857 495 922 549 quae
937 462 966 522 Α
980 483 1027 533 tur
1042 477 1182 548 osticium,
1199 481 1249 550 qui
1272 479 1484 549 praevicatores
1507 482 1583 554 legis
1606 481 1770 552 corripiens
1787 491 1815 542 et

85 570 240 625 dicituro
257 569 449 639 etspirituot
467 574 563 622 mente
589 572 651 623 orat
674 569 734 640 qui,
758 584 811 638 per
831 568 923 622 verba

84 676 153 730 quae
179 675 230 712 ore
254 658 325 711 dicit
349 660 377 711 et
397 658 504 727 spiritu
524 657 677 725 discernit,
702 657 789 711 etiam
812 655 922 727 aliquid

48 793 49 796 ,
83 747 197 801 morale
214 747 258 801 vel
276 745 470 817 allegoricum
486 761 540 800 seu
555 746 752 817 anagogicum
774 745 922 815 intelligit.

86 837 172 891 Unde
187 829 348 905 sstpostolus
362 833 511 888 :Psallam
520 834 638 905 spiritu,
649 834 774 905 psallam
787 839 816 887 et
826 839 925 887 niente

83 926 113 995 (l
124 926 193 979 Cor.
210 927 282 981 xrv't.

121 1013 192 1067 Car.
207 1012 285 1066 xt't.
300 1013 343 1066 lle
359 1011 489 1066 Collecta
505 1017 534 1065 et
546 1027 632 1064 causo
649 1011 776 1065 nourinis
792 1010 887 1082 lngus.

121 1101 262 1173 Sequitur
275 1100 383 1168 Oratio,
397 1116 484 1171 quam
496 1100 655 1154 (tellectum
670 1102 786 1167 vocant,
799 1114 833 1153 eo
846 1099 924 1168 quod

84 1190 231 1244 sacerdos
243 1189 293 1260 qui
309 1189 455 1260 legatione
470 1188 603 1260 iungitur
623 1188 658 1240 ad
681 1188 783 1255 Deum,
805 1187 925 1257 colligat

83 1281 174 1349 atque
189 1277 292 1333 oderat
307 1278 463 1347 petitiones
479 1277 619 1330 omnium.
631 1275 662 1329 ln
676 1277 807 1330 Romana
824 1275 925 1329 Eccle-

86 1367 134 1421 sia
150 1383 208 1420 una
220 1370 336 1438 tantum
351 1366 459 1420 dicitur
473 1365 612 1432 collecta,
631 1364 687 1418 nisi
708 1363 837 1434 alicujus
853 1379 924 1416 san·

83 1459 202 1510 olorum
219 1455 394 1508 interveniat
409 1454 582 1508 solemnitas
598 1453 685 1524 cujus
708 1453 849 1507 memorio
865 1454 923 1506 liat.

83 1545 142 1598 Alii
152 1561 207 1615 pro
216 1544 345 1598 dirersis
356 1543 460 1598 usibus
472 1543 674 1596 Ecclesiarum
685 1543 713 1596 in
723 1541 926 1596 celebrationi-

84 1632 146 1686 bus
155 1632 283 1703 publicis
293 1633 451 1686 missarum
461 1630 863 1700 multiplicantOrationes,et
872 1645 924 1699 pro

82 1720 235 1775 voluntate
251 1721 369 1791 propria
386 1721 414 1774 in
425 1720 558 1790 priuatis.
572 1720 602 1772 ln
615 1719 661 1772 his
673 1719 811 1773 omnibus
823 1734 924 1772 sacer·

979 569 1376 639 moreseorumcvangelicae
1398 568 1465 623 ltdei
1485 570 1684 640 suscipiendae
1704 590 1815 647 praepa-

979 672 1049 709 rans
1061 655 1281 726 implebatquod
1294 656 1330 709 dc
1346 656 1394 709 illo
1406 657 1584 725 pranlixerat
1593 661 1730 731 angelus:
1750 665 1815 737 ipse

980 743 1103 814 praeibit
1115 743 1269 797 llominum
1285 744 1315 797 in
1331 745 1441 814 spiritu
1456 750 1485 798 ct
1500 746 1784 819 virtutclllroelLuc.
1794 758 1814 825 r)

980 831 1813 902 Etinllalacbia:le‘ccrmiltoaupolnmrnerrrnnntelaciem

985 927 1071 981 tunm,
1082 920 1318 992 quiprmparaliit
1337 922 1411 973 riam
1421 927 1498 975 tuam
1508 931 1576 977 rente
1589 926 1762 993 tctllalaclr.
1772 932 1813 1001 ru)

980 1011 1049 1063 (tar.
1063 1009 1169 1062 Xt'lll.
1188 1008 1453 1063 lleGraduolisive
1464 1009 1670 1082 llosponsorio,
1688 1022 1813 1074 etcausa

1241 1098 1393 1169 utriusque
1411 1099 1546 1154 rrornr'nis.

1014 1187 1149 1257 Sequens
1163 1186 1408 1255 Responsorium,
1422 1188 1811 1267 quodctGradualedicitur,

980 1274 1814 1351 monstratauditoresprmdicationipraemissrepraebuis·

980 1363 1813 1440 seassensumgquodquoninmalternatimcantatur,unde

980 1456 1007 1506 et
1023 1453 1443 1522 nominaturllesponsorium,
1452 1470 1632 1526 gravemque
1640 1462 1666 1511 el
1675 1474 1814 1529 asperum

980 1540 1068 1594 babet
1084 1545 1211 1606 cantum,
1238 1541 1312 1593 adeo
1328 1544 1358 1594 ut
1381 1541 1451 1595 illud
1478 1544 1693 1600 excellentibus
1709 1546 1813 1605 ell'erre

980 1629 1105 1684 vocidus
1123 1645 1176 1682 nec
1193 1645 1266 1682 usus
1283 1643 1337 1682 ncc
1362 1630 1507 1683 decussit
1524 1648 1530 1698 ;
1560 1632 1649 1686 vitam
1665 1636 1814 1707 signifieat

980 1718 1116 1785 activam,
1139 1718 1240 1788 inqua
1258 1717 1391 1772 Ecclesia
1408 1734 1441 1772 se
1473 1723 1572 1774 mutuo
1593 1722 1764 1779 cohortatur
1778 1729 1814 1782 ad

82 1810 141 1864 dos
156 1810 221 1863 veri
236 1813 264 1863 et
280 1809 387 1863 summi
405 1809 570 1862 sacerdotis
586 1824 745 1878 personam
760 1808 846 1878 gerit,
865 1807 922 1879 qui,
941 1778 1097 1860 Blaudem
1114 1806 1164 1859 Dei
1176 1805 1288 1859 ctbona
1301 1822 1399 1876 opem.
1409 1807 1492 1862 Unde
1502 1809 1608 1863 diebus
1618 1810 1811 1870 Pentecostes

82 1898 211 1952 sicutait
220 1898 392 1967 Apostolus
406 1897 436 1951 lu
448 1897 735 1951 dicbusenroissrm·
745 1913 853 1967 preces
862 1913 926 1967 sup

79 1987 318 2059 plicationesque
330 1987 367 2041 ad
378 2002 442 2040 cum
454 1986 504 2058 qui
513 1985 628 2039 salvum
639 1985 721 2039 illum
734 1986 835 2039 lacere
842 1989 924 2055 pole·

82 2081 158 2129 rata
168 2081 272 2142 morte,
281 2091 345 2128 eum
354 2074 484 2130 elamore
495 2074 591 2128 valido
600 2081 629 2127 et
641 2073 783 2145 larrpvnis
793 2072 925 2128 olliucns

82 2164 245 2218 exauditus
260 2168 306 2217 est
318 2180 375 2235 pro
389 2181 441 2218 sua
464 2163 638 2217 rerereutia
654 2162 744 2225 illcb.
762 2163 801 2224 ri.
820 2162 850 2215 ln
867 2161 924 2214 lina

82 2253 235 2307 Orationis
247 2252 449 2323 subjungitur,
463 2253 526 2305 l'er·
537 2253 690 2305 llomimrm
701 2258 843 2317 nostrum,
856 2251 923 2320 quia

84 2341 232 2411 praeclara
248 2341 299 2395 llei
311 2342 454 2395 beneticia
467 2340 626 2410 peripsum
638 2340 672 2392 ad
687 2355 741 2391 nos
753 2339 922 2392 ‹tecm-runt.

86 2430 145 2483 Per
161 2430 258 2499 ipsum
274 2431 403 2499 petimus
428 2431 454 2482 et
477 2429 678 2497 impetramus,
696 2428 771 2481 sicut
795 2442 848 2496 per
863 2443 925 2480 me-

86 2518 218 2572 diantem
244 2517 376 2588 crystalli
396 2517 522 2587 lapidem
539 2516 689 2570 coelcstem
706 2518 734 2569 in
760 2515 926 2585 subjectam

84 2604 926 2677 escamalonginquosolamutuamusignem.llucusque

84 2698 243 2749 tractatum
260 2698 306 2750 est
326 2696 428 2748 missae
453 2694 630 2764 principium
653 2693 730 2764 quod
755 2693 862 2747 dicitur
878 2692 927 2745 ln-

86 2784 206 2854 troitus,
229 2798 465 2839 commemorans
487 2783 574 2837 nohis
596 2783 745 2836 introitum
765 2781 927 2836 Salvatoris

86 2873 120 2928 in
135 2872 214 2928 bunc
227 2873 377 2940 mundum,
389 2873 504 2926 scilicet
519 2888 534 2924 a
546 2872 694 2926 nativitate
706 2870 773 2942 ejus
784 2885 879 2941 usque
891 2871 927 2923 nd

87 2961 332 3033 praedicationem
348 2961 483 3028 loanniS,
496 2962 613 3032 quando
624 2960 788 3031 baptizatus
800 2963 848 3014 est
862 2960 927 3029 ipse

980 1894 1016 1949 de
1032 1895 1131 1949 oflicio
1147 1895 1268 1962 tollitur,
1285 1896 1353 1964 quia
1374 1895 1510 1951 videlicet
1534 1897 1598 1952 dies
1624 1900 1664 1952 illi
1685 1901 1815 1958 futurum

981 1983 1009 2035 in
1026 1999 1119 2053 regno
1136 1984 1187 2037 Dei
1211 1983 1326 2036 laticem
1352 1983 1495 2038 Ecclesiae
1511 1986 1682 2056 significant
1696 1993 1814 2071 statum.

966 2071 1125 2125 ¹(traduate
1141 2077 1237 2125 autem
1252 2071 1359 2125 dieitur
1370 2072 1437 2142 quia
1448 2072 1477 2126 in
1493 2075 1708 2145 gradibusente
1724 2079 1816 2135 altare

981 2160 1090 2212 cantari
1108 2159 1232 2223 solebat,
1256 2160 1301 2212 vel
1333 2160 1400 2230 quia
1424 2176 1477 2230 per
1501 2162 1596 2232 ipsum
1613 2166 1815 2233 praedicationi

981 2249 1147 2316 praemissae
1163 2248 1191 2302 in
1208 2247 1337 2316 Epistola
1350 2248 1445 2302 damto
1457 2265 1638 2305 consensum
1653 2256 1680 2307 el
1691 2254 1816 2310 alterna-

982 2337 1031 2389 tim
1048 2337 1229 2390 cobortaudo
1246 2352 1300 2389 nos
1316 2337 1402 2407 quasi
1428 2338 1463 2391 de
1490 2339 1596 2393 virtute
1621 2341 1649 2394 in
1679 2343 1816 2398 virtutem

983 2425 1126 2492 gradatim
1142 2425 1329 2478 adulteriora
1346 2425 1421 2479 velle
1432 2425 1645 2482 'conscendere
1661 2431 1816 2501 signitica-

983 2529 1059 2567 mns.
1079 2514 1193 2567 Versus
1208 2514 1386 2568 m1teminde
1404 2515 1520 2583 dicitur,
1533 2517 1600 2586 quia
1616 2518 1646 2570 in
1662 2533 1696 2574 eo
1712 2520 1817 2577 multo-

984 2618 1048 2656 rum
1065 2602 1223 2656 modulatio
1239 2602 1455 2677 quodammodo
1471 2604 1507 2658 ad
1523 2621 1613 2660 unum
1624 2609 1790 2664 revertitur.

983 2690 1052 2744 Car.
1064 2690 1145 2745 xlx.
1162 2691 1206 2744 De
1221 2690 1350 2745 Allelule
1360 2698 1389 2745 el
1399 2691 1592 2748 Pneumatum
1600 2697 1819 2768 signldcatr'ene

1022 2780 1146 2834 Alleluia
1162 2784 1441 2851 sequensaeternam
1453 2782 1578 2853 gloriam
1586 2785 1633 2839 vel
1649 2787 1737 2840 vitam
1753 2803 1820 2843 oon·
1860 2798 1864 2805 “

983 2870 1181 2940 templativam
1209 2868 1368 2940 significat,
1398 2885 1485 2940 quam
1508 2873 1602 2926 activa
1623 2881 1818 2947 promeretur,

984 2959 1082 3013 sedin
1107 2958 1162 3012 hae
1186 2958 1245 3011 vitu
1261 2973 1319 3011 non
1348 2959 1529 3028 assequitur.
1553 2961 1603 3015 Illa
1628 2964 1705 3018 enim
1721 2965 1817 3036 gloria

88 3054 120 3107 et
134 3067 224 3106 ornus
239 3050 556 3123 quodragintadierum
570 3048 718 3120 jejunium
730 3049 927 3103 consecravit.
945 3047 1053 3145 Cquid
1070 3051 1115 3102 est
1130 3046 1188 3100 nisi
1204 3047 1818 3124 aeternumungclorumbeatorumquespi-

126 3140 198 3194 Car.
216 3139 308 3194 xvu,
320 3140 363 3194 De
376 3138 510 3210 Epistola
519 3144 548 3193 et
559 3155 645 3192 carisa
657 3138 745 3210 liujus
756 3138 892 3192 norrrinis.

128 3227 270 3298 Epistola,
283 3242 443 3298 personam
454 3227 530 3298 legis
542 3242 652 3298 gerens
664 3230 692 3280 et
707 3225 924 3296 prophetarum,

89 3318 291 3388 praecursoris
308 3316 439 3370 debitum
450 3317 490 3369 ait
501 3316 631 3371 officium
647 3318 713 3368 ante
725 3313 929 3384 Evangelium.

87 3404 162 3471 Qum
178 3405 315 3476 quamvis
325 3420 461 3474 persaepe
476 3405 512 3458 de
528 3404 700 3474 apostolicis
712 3407 846 3457 sumatur
857 3402 931 3455 litte-

89 3494 144 3563 ris,
161 3494 303 3548 tamenin
320 3509 356 3548 eo
373 3493 466 3564 gradu
482 3497 527 3547 est
544 3509 577 3546 ac
594 3494 618 3546 si
635 3508 754 3561 semper
764 3493 800 3546 de
811 3491 877 3563 lege
894 3491 932 3545 sit

89 3586 120 3637 ct
135 3582 300 3652 prophetis.
318 3582 441 3651 Semper
464 3582 542 3635 enim
568 3581 762 3636 moralitatem
784 3580 932 3650 vitamque

88 3672 217 3725 activam
232 3671 329 3742 magis
342 3687 429 3741 quam
441 3670 710 3739 contemplativam,
723 3685 789 3739 quae
800 3670 828 3722 in
841 3665 933 3722 Evan·

90 3760 172 3832 gello
191 3760 295 3827 radiat,
321 3759 483 3829 apostolica
507 3775 624 3829 quoque
649 3759 736 3812 lectio
761 3758 880 3811 instruit
904 3760 933 3812 et

90 3848 257 3919 dispensat.
274 3847 406 3919 Epistola
417 3848 531 3915 Gracc,
548 3847 744 3918 supramissi)
754 3847 798 3902 rel
810 3863 932 3918 supera-

90 3938 208 4008 rogatio
224 3938 333 3992 dicitur
350 3937 460 3990 Latine.
477 3935 678 4005 Supraruissio
695 3951 730 3989 eo
747 3936 825 4005 quod
841 3951 931 4005 supra

90 4026 273 4079 narrationis
281 4024 348 4096 ejus
358 4025 465 4079 seriem
475 4029 503 4079 et
514 4024 674 4078 scribentis
686 4028 713 4077 et
723 4023 789 4093 ejus
799 4025 847 4078 cui
858 4025 933 4077 scri·

90 4113 172 4168 bitur
192 4130 298 4168 nomen
322 4114 516 4183 praemittitur,
533 4112 812 4183 supererogationis
836 4116 933 4166 autem

92 4218 203 4257 uomen
218 4202 294 4257 bena
310 4203 447 4274 congruit
464 4201 569 4256 litteris
580 4202 764 4271 apostolicis,
777 4203 844 4273 quia
856 4202 933 4256 vido·

90 4291 162 4346 lieet
178 4291 340 4363 Evangelio
355 4291 465 4346 Christi
482 4295 703 4362 supererogatae
714 4294 793 4344 sunt.
806 4290 887 4355 Quod
905 4294 932 4344 et

984 3137 1092 3190 rituum
1108 3134 1286 3201 convivium,
1297 3135 1374 3204 quod
1385 3138 1432 3189 est
1444 3151 1562 3206 semper
1576 3137 1695 3194 laudare
1712 3140 1817 3196 Deum.

986 3225 1029 3278 nd
1044 3224 1178 3278 bocvitae
1195 3223 1354 3293 praesentis
1371 3224 1469 3294 inopia
1485 3225 1817 3284 nullatenusvatetcon·

984 3313 1109 3383 tingere.
1126 3312 1209 3366 Scire
1224 3315 1321 3365 autem
1336 3312 1385 3365 ubi
1397 3313 1660 3386 sitetprmgustare
1671 3316 1821 3388 illudgau·

985 3401 1033 3455 dio
1050 3401 1125 3471 spei,
1143 3400 1225 3453 sitire
1237 3403 1266 3454 et
1279 3401 1394 3455 esurire
1409 3402 1488 3472 qnod
1504 3406 1684 3475 gustaverim
1700 3405 1766 3460 haec
1777 3410 1823 3462 est

985 3491 1034 3544 illa
1050 3506 1116 3560 quae
1133 3489 1240 3543 dicitur
1261 3494 1432 3544 sanctorum
1463 3491 1491 3545 in
1514 3491 1568 3546 bac
1584 3494 1643 3547 vita
1666 3489 1821 3564 perlectio.

985 3579 1168 3649 Quapropter
1180 3578 1433 3649 ininterpretatum
1445 3579 1502 3634 boc
1511 3582 1690 3637 Hebraioum
1699 3584 1823 3639 verbum

987 3667 1138 3736 remansit,
1155 3670 1186 3721 ut
1202 3667 1390 3739 peregrinum
1408 3668 1444 3721 ab
1461 3668 1584 3723 haerita
1599 3671 1750 3742 gaudium,
1767 3685 1820 3743 pe-

986 3756 1137 3828 regrinum
1147 3756 1280 3827 signaret
1296 3757 1392 3826 magis
1404 3758 1678 3827 quumcxprimcrct
1693 3760 1823 3815 vocubu-

984 3846 1054 3900 lum.
1070 3844 1213 3910 Quoniam
1230 3860 1302 3916 ergo
1319 3844 1424 3898 lutura}
1441 3845 1630 3900 beatitudinis
1646 3848 1732 3918 quasi
1747 3865 1814 3919 pro·

984 3934 1080 4004 prium
1096 3937 1142 3988 est
1156 3933 1334 3987 vocabulum
1348 3936 1448 4003 utpote
1466 3934 1501 3987 de
1531 3935 1595 3988 coeli
1613 3936 1773 3991 stillicidiis
1789 3936 1819 3991 in

986 4039 1037 4076 ora
1052 4022 1253 4092 apostolorum
1270 4022 1433 4091 delapsum,
1448 4021 1516 4092 jure
1532 4039 1567 4077 co
1583 4027 1713 4095 tempore
1726 4026 1824 4098 magis

987 4111 1260 4182 frequentaturque
1278 4126 1443 4181 resurgens
1452 4111 1594 4166 Dominus
1605 4112 1740 4184 ejusdem
1756 4115 1825 4169 lien·

986 4200 1119 4254 titudinis
1135 4215 1219 4269 spem
1236 4199 1323 4253 nobis
1334 4199 1508 4269 propinavit,
1520 4204 1548 4255 et
1560 4203 1741 4271 promissum
1755 4219 1825 4273 apo-

988 4290 1074 4344 stolis
1099 4288 1239 4358 Spiritum
1261 4292 1396 4342 sanctum
1429 4289 1518 4343 misit.
1544 4291 1712 4346 Notandum
1727 4294 1824 4346 autem

91 4379 360 4449 supramissionem
377 4395 434 4434 nou
452 4379 673 4433 incovenienter
689 4378 813 4450 intelligi
824 4383 930 4448 potest.
946 4395 973 4455 Ι)
988 4379 1066 4450 quod
1084 4377 1242 4431 Pneurnnta
1259 4394 1325 4448 quae
1342 4377 1370 4431 in
1382 4378 1505 4432 Alleluia
1519 4379 1673 4432 etcreteris
1688 4380 1824 4434 cantibus

90 4467 147 4533 Qui
159 4468 238 4522 enim
258 4470 463 4540 supererogat,
480 4467 931 4538 superdehitummittita'liquid.
989 4468 1019 4521 in
1035 4467 1178 4538 paucitate
1194 4466 1354 4520 verborum
1370 4465 1761 4536 liuntjubilumsignificant,
1773 4465 1825 4537 qui

92 4555 173 4610 Ordo
188 4555 335 4626 siquidem
350 4556 543 4626 apostolicus,
561 4555 742 4609 stabularius
754 4555 801 4609 ille
818 4560 873 4624 est,
887 4558 933 4611 cui
990 4559 1030 4624 lit,
1058 4571 1224 4610 autumans
1251 4555 1466 4625 aliquandosio
1494 4554 1522 4606 in
1544 4553 1825 4625 lleumalligituret

93 4649 200 4699 noster
214 4645 426 4712 Samaritanus,
444 4644 532 4698 idest
556 4648 658 4698 custos
686 4644 828 4698 llourinus
845 4645 934 4699 lesus
991 4645 1146 4699 dulcedine
1161 4644 1286 4715 quadum
1303 4641 1442 4696 inellabili
1458 4642 1605 4711 liquescit,
1624 4645 1654 4695 ut
1664 4643 1742 4713 quod
1759 4658 1826 4697 sen·

91 4732 243 4803 ChristuS,
268 4733 416 4787 hominem
427 4733 508 4787 illum
520 4749 605 4803 quem
621 4749 637 4785 a
651 4732 815 4788 latronibus
832 4734 936 4803 despo·
990 4736 1024 4788 tit
1038 4734 1122 4805 plene
1139 4733 1221 4787 ellari
1236 4748 1295 4785 non
1306 4731 1412 4800 possit.
1427 4729 1557 4783 Allectus
1574 4730 1651 4783 enim
1663 4732 1719 4785 boc
1737 4731 1825 4788 babet

93 4821 521 4889 liatuminveneratcommisit,
534 4821 934 4890 conterensduosdenarios,
992 4822 1152 4893 proprium,
1170 4825 1200 4874 ut
1215 4824 1322 4889 quanto
1340 4820 1418 4873 intus
1441 4819 1604 4872 ferventior
1631 4818 1728 4890 luerit,
1745 4824 1825 4877 lanto

93 4909 124 4964 id
140 4912 187 4964 est
202 4909 299 4981 legem
316 4913 344 4964 et
359 4909 564 4981 Evangelium,
582 4910 744 4980 dicensque
760 4911 787 4965 ei
804 4926 809 4964 :
829 4910 936 4964 Cinam
993 4912 1089 4964 minus
1101 4907 1328 4978 extraexplicari
1341 4907 1445 4978 possit.
1455 4907 1566 4961 lleatus
1579 4908 1702 4981 populus
1713 4910 1827 4982 quiseit

92 4997 271 5066 lllluslralre,
281 4999 791 5070 etquodcunquesupererogaveris,
802 5015 863 5070 ego.
873 5016 936 5052 eum
987 4999 1197 5072 jubilationem
1212 4996 1306 5065 (Psal.
1321 4997 1474 5066 nxxnvrn),
1488 4997 1572 5051 idest
1584 4998 1633 5069 qui
1645 5013 1726 5068 saepe
1741 5014 1828 5070 expe·

92 5086 227 5154 rediere,
240 5087 364 5142 reddam
377 5087 433 5142 tibi
440 5088 522 5157 (luc.
532 5088 572 5147 x').
584 5087 676 5158 Igitur
685 5087 816 5157 Epistola
826 5091 936 5141 tuntum

94 5172 196 5231 differt
239 5191 256 5229 a
280 5174 454 5247 Evangelio,
470 5179 610 5247 quantum
636 5191 744 5230 servus
765 5192 781 5229 a
806 5175 935 5247 domino,

96 5279 198 5336 praeeo
214 5264 352 5336 ajudiee‚
368 5265 484 5336 legatus
500 5266 536 5319 ab
552 5281 587 5319 eo
603 5265 651 5335 qui
668 5265 749 5319 misit
760 5265 851 5320 illum.
862 5264 937 5330 Qua·

97 5357 224 5425 propter
238 5371 305 5408 cum
321 5354 578 5426 legiturEpistola,
592 5370 650 5408 non
665 5353 773 5424 injuria
786 5354 935 5408 sedemus

98 5443 175 5496 Cum
185 5446 283 5497 autem
292 5442 486 5514 Evangelium
498 5443 645 5510 audimus,
658 5442 792 5496 dimissis
803 5440 938 5497 reveren·

93 5532 323 5604 terespeotibus
333 5531 409 5587 sieut
419 5531 543 5586 Domino
554 5535 657 5586 nostro
666 5533 848 5598 assistimus,
860 5532 890 5586 ln
902 5548 937 5588 eo

94 5620 177 5697 quod
191 5620 333 5696 precedit
348 5619 542 5695 Evangelium
555 5618 696 5692 Epistola,
709 5620 833 5678 loannis
844 5620 937 5680 imita·

993 5088 1067 5142 ritui·
1082 5089 1110 5140 et
1120 5087 1285 5156 praegustat
1300 5083 1375 5138 hanc
1386 5084 1582 5154 dulcedinem,
1599 5090 1626 5140 et
1642 5088 1687 5141 sic
1703 5088 1827 5144 interius

993 5178 1136 5243 movetur,
1155 5178 1185 5229 ut
1201 5174 1608 5245 quodpraesentitneodicera
1624 5176 1826 5247 sulllciat,neo

994 5264 1090 5336 possit
1100 5267 1208 5317 tacere.
1222 5262 1347 5317 Tractus
1359 5279 1375 5316 a
1386 5264 1530 5319 trahendo
1542 5264 1658 5334 dieitur,
1671 5266 1739 5336 quia
1753 5268 1828 5320 trec·

993 5356 1045 5410 tim
1061 5357 1203 5407 cantatur.
1223 5352 1367 5423 Exprimit
1395 5354 1473 5407 enim
1490 5354 1620 5408 laborem
1636 5353 1825 5423 epulantium,

994 5449 1022 5499 et
1036 5443 1226 5498 incolentium
1250 5442 1470 5497 diuturnitatem
1500 5443 1586 5513 quasi
1614 5442 1755 5510 deplorat.
1771 5440 1826 5495 Se·

994 5533 1112 5604 quentia
1122 5533 1229 5587 dicitur
1243 5532 1310 5605 quia
1327 5510 1500 5605 pcr'cudtus
1515 5530 1711 5587 amenitatem
1724 5528 1762 5586 ad
1776 5543 1827 5586 se-

995 5622 1114 5701 queutia
1128 5625 1284 5696 preparat.
