3796 6022
163 197 257 320 ua

518 243 759 320 depaunlx'
778 255 837 318 AD
859 244 1050 321 HUGONIS
1072 252 1216 318 OPERA
1236 245 1503 317 coenatica,

1820 247 1879 316 144

163 452 253 510 habet
266 455 353 528 quasi
367 459 494 529 portam,
514 459 633 529 pertusa
654 473 709 513 acu
724 455 822 512 llbulee
837 435 1036 527 stringiturA
1087 454 1242 511 Desertum
1266 454 1457 510 infecundum
1480 455 1539 524 θεῖ,
1562 450 1701 523 arduum,
1726 453 1877 522 incultum,

162 543 211 599 vel
225 543 384 600 relaxatur.

198 630 325 688 Gortinae
336 633 372 689 de
380 634 510 705 quinque
522 632 671 689 coloribus
681 635 773 702 erant,
786 632 888 688 decem
899 634 992 701 erant,

150 721 335 792 'operiebant
348 737 406 776 una
421 722 518 793 aliam,
533 723 656 778 ansulas
671 721 832 791 habehant,
850 721 993 776 ornabant

148 808 270 879 '(E'rrod.
286 827 383 880 xxvu,
400 811 513 881 xxxva).

182 896 311 953 ¹Corvus
327 900 413 971 niger
429 902 484 967 θεῖ,
498 898 693 953 cadaveribus
708 899 850 969 pascitur,
866 898 993 968 primum

159 985 190 1040 in
206 986 402 1042 cadaveribus
418 987 535 1042 oculum
546 987 627 1057 petit,
640 990 668 1040 et
683 988 728 1040 sic
745 1002 799 1056 per
813 986 929 1041 oculum
946 1001 993 1040 ce·

160 1073 281 1130 rebrum
292 1075 428 1143 extrahit,
446 1075 482 1129 da
496 1077 579 1143 rapto
595 1075 681 1143 vivit,
703 1090 772 1129 roca
788 1090 861 1129 voce
877 1074 990 1142 clamet,

159 1161 310 1219 clamosus
320 1166 375 1232 est,
385 1163 708 1235 fetusnisinigrcscant
717 1179 775 1218 non
784 1163 882 1233 nutrit,
892 1163 992 1217 nidum

158 1265 197 1306 ex
211 1250 312 1306 multis
328 1252 357 1306 in
373 1266 464 1305 unum
478 1253 622 1323 congerit.

193 1338 336 1394 Coturnix
350 1354 367 1392 a
382 1355 456 1394 sono
472 1340 557 1395 vocis
573 1341 649 1394 dicta
659 1340 829 1410 eatqualea,
842 1340 992 1394 amoenita-

156 1427 197 1481 tis
213 1431 344 1498 tempora
360 1431 426 1482 avet
438 1444 445 1497 3
462 1431 563 1482 aestate
575 1428 704 1499 repulsa,
716 1428 807 1482 maria
818 1429 990 1483 transvolat.

144 1513 232 1570 ¹llaec
247 1516 311 1571 sola
326 1516 424 1571 avium
441 1517 519 1571 sicut
538 1520 567 1572 et
588 1518 676 1572 homo
697 1517 841 1571 caducum
855 1516 991 1571 morbum

157 1604 276 1673 patitur.

192 1691 295 1748 Crater
309 1696 355 1748 est
369 1693 525 1764 tornatilia,
542 1693 697 1763 rotundus,
714 1693 890 1763 profundus.

192 1779 340 1836 Gremium
356 1782 469 1837 siccum
481 1784 536 1851 est,
549 1782 740 1851 contrahitur,
752 1783 914 1854 perignem
926 1797 989 1837 cre·

156 1870 262 1939 matur,
279 1872 311 1924 ut
325 1870 406 1942 ignis
421 1870 598 1942 sanguinem
612 1870 755 1924 extrahat.

191 1956 327 2013 Cribrum
336 1974 441 2028 purum
450 1958 486 2012 ab
495 1960 611 2028 impuro
620 1961 746 2029 separat,
755 1974 864 2030 grossa
872 1959 987 2030 retinet,

153 2045 266 2101 minuta
281 2046 411 2117 expellit.

189 2133 280 2205 Crux,
297 2135 446 2205 serpentis
458 2135 532 2189 aenei
543 2134 639 2205 palus,
650 2134 732 2207 ligna
743 2135 835 2204 Isaac,
849 2135 928 2190 scala
939 2136 988 2190 la·

153 2222 220 2294 cob,
236 2223 321 2296 virga
337 2223 447 2294 Moysi,
463 2221 578 2295 lignum
599 2223 727 2293 Marath,
745 2224 865 2296 signum
880 2224 942 2278 Tau
957 2224 987 2278 in

153 2311 372 2382 superliminari
388 2312 503 2381 domus,
519 2311 600 2383 ligna
611 2310 791 2381 Sareptena,
810 2327 985 2382 sycomorus

152 2398 278 2467 Zachaei,
291 2400 463 2454 coccineum
473 2400 555 2453 illum
564 2398 656 2468 Raab,
669 2399 761 2454 clavis
773 2400 875 2469 David,
886 2401 981 2454 vectis

151 2484 182 2540 in
198 2501 256 2557 quo
271 2487 375 2541 botrus
390 2486 607 2556 deportabatur.
620 2485 750 2551 Quatuor
761 2487 862 2542 habuit
871 2492 982 2560 partae,

151 2574 982 2647 exquatuorliguisluitcomposita,oliva,ccdro,pelma,

152 2677 305 2733 cypresso.
331 2663 417 2718 Pellit
439 2663 657 2734 phantasmata,
683 2664 761 2719 delet
783 2665 926 2736 venialia,
954 2666 984 2719 in

149 2751 270 2807 modum
292 2752 390 2807 crucis
416 2755 538 2806 currunt
560 2768 614 2823 per
635 2753 727 2806 maria
751 2768 858 2823 naves,
884 2754 984 2808 volant

149 2854 222 2895 aves
238 2841 269 2895 in
283 2856 361 2911 acre,
378 2844 476 2895 natant
491 2841 637 2911 heminae,
655 2841 726 2896 hunt
741 2841 877 2897 eeclesiae
893 2845 921 2897 et
937 2858 983 2897 cu·

149 2928 246 2985 cullae.

1051 544 1224 614 solitarium,
1235 544 1346 599 invium
1354 543 1534 612 hominibus,
1547 544 1576 597 et
1586 541 1658 597 ieris
1669 542 1878 610 habitaculum,

1050 650 1085 689 ac
1100 633 1289 704 serpentibus
1304 633 1433 703 plenum.

1087 723 1156 777 Dies
1166 722 1295 776 colorem
1307 721 1434 776 restituit
1442 721 1543 790 rebus,
1551 719 1666 790 operari
1675 719 1757 789 sinit,
1765 718 1879 774 sincera

1050 815 1106 880 θεῖ,
1119 814 1148 866 θῖ
1162 811 1240 865 clara
1255 810 1319 864 sole
1333 809 1524 878 illuminante,
1542 808 1659 863 iuribus
1675 811 1704 863 θῖ
1717 806 1879 862 latronibus

1050 903 1078 954 et
1093 900 1168 954 male
1180 898 1338 971 agentibus
1348 897 1532 964 adversatur,
1545 896 1700 952 duodecim
1711 897 1801 950 horas
1812 910 1879 949 eou-

1050 989 1130 1056 tinet,
1141 988 1236 1042 calida
1246 989 1302 1055 est,
1314 990 1430 1040 noctem
1446 988 1474 1040 et
1483 985 1622 1040 tenebras
1637 985 1730 1057 lugat,
1741 984 1880 1038 dividitur

1049 1077 1078 1130 in
1095 1082 1189 1144 mane,
1207 1075 1361 1130 meridiani
1376 1077 1404 1129 et
1420 1089 1586 1144 vesperam.

1085 1165 1202 1237 Digitus
1217 1163 1413 1218 articulariter
1433 1162 1606 1230 distinctuS,
1629 1161 1752 1233 longus,
1768 1163 1877 1228 rectus,

1049 1258 1139 1323 teres,
1151 1268 1282 1325 unguem
1296 1252 1395 1320 habet,
1410 1251 1532 1323 gracilis
1548 1254 1595 1305 est
1609 1253 1637 1304 et
1651 1249 1801 1304 flexibilis.

1086 1342 1256 1412 Discipulus
1265 1340 1352 1395 debet
1360 1355 1429 1394 esse
1440 1339 1571 1406 humilis,
1582 1341 1713 1407 sanctus,
1726 1337 1878 1404 obediena,

1049 1431 1190 1499 intentus,
1201 1429 1329 1499 patiens,
1341 1431 1505 1498 promptus,
1517 1427 1656 1498 diligens,
1668 1428 1880 1495 praeceptorem

1049 1535 1137 1575 suum
1151 1518 1283 1589 parentis
1298 1517 1388 1572 animi
1408 1532 1466 1571 uon
1488 1515 1623 1585 eorporis
1643 1515 1708 1569 loco
1724 1513 1838 1567 babens
1854 1517 1881 1565 et

1049 1608 1162 1663 colena.

1084 1696 1199 1751 Divitiae
1211 1695 1391 1750 cumdolore
1403 1693 1584 1761 amittuntur,
1598 1707 1664 1746 aum
1675 1691 1777 1745 labora
1786 1690 1880 1760 acqui·

1048 1789 1161 1853 runtur,
1188 1801 1255 1838 cum
1277 1784 1382 1838 timore
1406 1782 1608 1852 possidentur,
1636 1781 1693 1834 aito
1714 1782 1877 1846 transeunt,

1048 1874 1217 1944 superbiam
1225 1874 1378 1944 generent,
1389 1873 1516 1925 mentem
1525 1869 1723 1925 sollieitudine
1734 1869 1877 1938 pungunt,

1046 1963 1123 2016 viam
1139 1962 1175 2015 ad
1195 1961 1351 2016 Dominum
1372 1959 1549 2029 impediunt,
1575 1972 1592 2011 a
1613 1957 1747 2011 daemone
1767 1957 1878 2010 denun-

1045 2051 1163 2106 tiantur.
1182 2049 1282 2120 Spinaa
1305 2052 1375 2104 sunt
1399 2063 1502 2102 semen
1524 2046 1634 2101 bonum
1649 2044 1877 2115 supprimentes,

1044 2140 1178 2193 radicare
1200 2154 1259 2193 non
1281 2138 1428 2206 sinenteS,
1455 2136 1493 2189 iis
1515 2137 1612 2189 tamen
1636 2132 1723 2187 bonae
1748 2132 1797 2202 qui
1820 2131 1878 2184 illis

1044 2231 1165 2282 utuntur
1173 2228 1258 2282 bene.
1270 2226 1302 2280 ln
1312 2225 1449 2294 metallis,
1459 2227 1488 2278 θῖ
1497 2222 1633 2296 gemmis,
1646 2224 1675 2275 et
1684 2219 1871 2287 victualibus,

1043 2332 1077 2370 ae
1093 2317 1271 2371 utensilibus
1291 2315 1441 2369 thesauris
1462 2316 1491 2368 et
1511 2309 1758 2382 possessionibus
1774 2307 1873 2363 consi-

1042 2409 1133 2460 stunt.

1078 2493 1214 2549 Doctrina
1230 2492 1317 2547 debet
1328 2506 1396 2546 esse
1408 2490 1443 2544 de
1455 2489 1511 2544 side
1523 2492 1551 2543 et
1561 2487 1705 2557 moribus,
1718 2483 1871 2554 catholica,

1040 2582 1139 2637 idest
1163 2581 1326 2654 generalis,
1350 2579 1482 2649 publica,
1506 2593 1592 2647 sana,
1618 2576 1762 2645 discreta,
1786 2588 1871 2642 vera,

1040 2674 1163 2725 matura.
1276 2699 1285 2715 ·

1076 2759 1192 2814 Delium
1201 2758 1358 2813 rotundum
1374 2759 1428 2827 est,
1442 2753 1624 2825 circulatam,
1636 2754 1791 2823 intextum,
1803 2765 1871 2823 pro-

1039 2848 1173 2918 fundum,
1190 2847 1331 2918 patulum.

1075 2936 1218 2991 Dominus
1231 2936 1310 2991 Deus
1319 2935 1356 2989 ad
1367 2933 1578 3005 indulgentiam
1589 2934 1635 2986 est
1650 2928 1757 2999 facilis,
1770 2929 1870 2984 tardus

183 3016 327 3073 Cultellus
342 3018 497 3073 manubrio
512 3022 638 3089 tenetur,
650 3018 729 3074 ferro
745 3018 856 3089 incidit,
872 3019 980 3091 vagina
1039 3026 1076 3080 ad
1092 3026 1259 3092 vindictam,
1276 3040 1388 3093 pronus
1403 3023 1440 3076 nd
1457 3020 1702 3076 remunerandum
1716 3015 1870 3089 placabilis

138 3107 322 3163 custoditur.

180 3195 294 3251 Currus
308 3199 417 3267 quanto
431 3197 498 3266 plus
516 3199 663 3267 onoratur,
680 3200 758 3251 lanto
774 3197 841 3267 plus
857 3197 977 3266 stridet3

145 3287 272 3357 quatuor
296 3287 369 3340 rotis
391 3285 528 3354 volvitur,
544 3286 672 3356 vestigia
691 3286 840 3356 relinquit,
857 3286 978 3341 difficile

143 3373 278 3442 vertitur,
290 3376 437 3428 temonem
447 3373 545 3442 habet,
557 3378 664 3427 unctus
671 3373 757 3428 facile
766 3375 867 3444 currit,
880 3375 978 3429 scalas

138 3458 235 3516 habet
248 3461 317 3515 hinc
332 3464 360 3515 ct
374 3461 452 3530 inde,
466 3463 496 3514 in
511 3462 584 3515 rotis
601 3462 701 3516 radios
717 3462 815 3517 habet.

179 3548 302 3622 Cygnus
327 3552 431 3604 natans
457 3548 564 3603 collum
579 3550 676 3621 erigit,
692 3549 778 3604 fortis
794 3552 840 3604 est
863 3552 894 3604 in
909 3551 976 3620 alis,

144 3653 264 3694 carnem
288 3638 404 3711 nigram
419 3636 516 3692 habet.
541 3639 566 3690 Α
580 3639 713 3691 canendo
739 3641 785 3692 θεῖ
800 3639 975 3709 appellatus,

141 3725 265 3800 longum
289 3728 398 3782 collum
417 3726 513 3795 habet,
530 3726 645 3796 plumas
671 3726 821 3796 candidas,
848 3728 974 3782 instante

141 3820 236 3900 morte
261 3831 386 3886 pennam
411 3816 441 3869 in
458 3815 580 3869 cerebro
597 3830 652 3868 suo
667 3814 740 3886 tigit,
759 3818 786 3869 θῖ
802 3815 974 3872 dulcissime

135 3904 229 3960 cadit.
245 3904 350 3960 Fertur
366 3904 559 3975 hyperboreis
570 3903 704 3972 partibus
719 3903 817 3958 olores
829 3904 972 3973 plurimos

139 3991 290 4063 advolare,
316 3996 344 4047 et
367 3991 597 4063 precinentibus
623 3992 792 4047 citharaedis
815 3993 972 4047 admodum

138 4083 206 4153 apte
221 4095 337 4135 canere.

174 4166 344 4240 cypressus
368 4167 515 4223 odorifera
540 4171 595 4238 est,
612 4168 764 4223 medendis
794 4170 969 4240 corporibus

137 4260 215 4331 apta,
241 4260 270 4313 θῖ
292 4260 477 4312 venustatem
492 4272 584 4311 comae
599 4257 679 4311 nullo
694 4256 823 4326 impulsu
839 4256 967 4327 deponit.

191 4345 261 4402 Cur.
278 4345 317 4400 lV
331 4344 377 4400 De
391 4345 440 4399 his
464 4344 570 4417 quibus
580 4345 677 4415 prima
697 4343 801 4398 littera
817 4350 863 4399 θεῖ
878 4346 914 4399 D.

172 4434 295 4491 Damula
310 4434 340 4488 in
355 4433 505 4489 montibus
521 4432 642 4502 habitat,
655 4433 796 4487 mundum
806 4434 912 4488 animal
923 4438 969 4489 θεῖ

135 4523 204 4581 visu
219 4523 386 4596 perspicua,
403 4537 494 4577 cursu
515 4523 606 4593 viget,
623 4522 750 4575 ruminat
769 4524 797 4576 θῖ
811 4521 894 4576 findit
911 4539 967 4578 un-

133 4612 246 4688 gulam

170 4701 280 4757 Decem
303 4699 438 4755 mandata
464 4698 620 4771 Deculogi,
647 4697 750 4752 decem
774 4698 908 4770 virgines
937 4701 967 4754 in

135 4787 309 4861 Evangelio,
326 4790 428 4844 decem
449 4787 562 4858 leprosi
584 4787 729 4856 mundati,
754 4787 857 4841 decern
872 4787 967 4843 tribus

125 4875 237 4948 'lsrael,
253 4879 361 4946 praeter
379 4877 488 4930 tribum
510 4875 600 4944 luda,
627 4879 655 4930 et
676 4875 784 4929 tribum
800 4875 964 4947 Benjamin,

132 4964 238 5021 decem
252 4980 363 5019 cornua
377 4964 492 5034 bestiae,
505 4965 608 5019 decem
620 4965 765 5033 civitates,
782 4965 885 5019 decem
901 4980 965 5020 cor-

122 5053 202 5110 tinae
219 5068 309 5123 super
319 5051 550 5121 tabernaculum,
563 5052 666 5106 decern
677 5052 761 5124 digiti
772 5054 802 5106 in
815 5053 963 5124 manibuS,

130 5145 161 5198 οῖ
173 5141 295 5197 tolidem
310 5142 340 5194 in
355 5140 492 5210 pedibus.

166 5229 312 5286 Denarius
328 5231 488 5300 argenteus
503 5231 559 5298 cst,
575 5229 730 5299 rotundus,
748 5233 873 5300 quatuor
887 5246 962 5302 quu-

128 5318 265 5376 araturas
288 5319 431 5386 conrinet,
454 5317 580 5388 integer,
606 5333 664 5371 non
687 5318 868 5390 imminutus,
886 5320 963 5391 aequi

126 5407 282 5482 ponderis,
298 5406 456 5478 imaginem
476 5408 504 5460 et
524 5406 808 5477 superscriptionem
824 5408 962 5464 continet.

164 5497 276 5554 Dentes
290 5495 351 5551 albi
370 5497 454 5565 sunt,
478 5494 558 5566 duri,
579 5494 656 5552 bene
676 5494 807 5570 radicati,
826 5497 961 5572 ordinati,

129 5586 216 5648 cibos
232 5587 398 5661 conterunt,
413 5583 507 5642 foues
522 5585 600 5643 sunt.

1000 3084 1025 3147 c
1039 3107 1870 3185 benignus,portabilis,sinesuspicione,necincredulus

1075 3203 1186 3257 Domus
1202 3203 1246 3255 sic
1261 3201 1433 3269 aedificatur,
1445 3200 1539 3270 primo
1550 3201 1628 3253 terra
1639 3196 1785 3265 effoditur,
1802 3195 1869 3249 inde

1038 3291 1259 3346 fundamentum
1267 3289 1385 3360 jacitur,
1395 3289 1479 3357 prius
1488 3287 1616 3358 parietes
1627 3285 1793 3357 eriguntur,
1803 3286 1870 3354 post

1038 3381 1156 3434 diversa
1167 3378 1315 3449 laquearia
1327 3378 1561 3446 interponuntur,
1573 3377 1681 3428 tectum
1696 3371 1870 3443 superponi·

1036 3470 1093 3536 tur,
1106 3468 1268 3538 quadratus
1279 3469 1325 3520 est
1335 3465 1443 3536 paries,
1457 3464 1680 3534 distinguuntur
1691 3460 1867 3529 diversoria,

1037 3556 1144 3610 multas
1161 3556 1288 3610 continet
1303 3556 1404 3624 portas
1415 3556 1443 3607 et
1453 3552 1612 3620 fenestras,
1629 3550 1717 3604 habet
1732 3549 1868 3603 diversos

1035 3644 1174 3699 introitus
1186 3647 1214 3698 et
1224 3643 1332 3697 exitus
1346 3641 1490 3712 llequiem
1501 3639 1614 3710 praebet
1624 3637 1867 3706 inhabitantibus,

1034 3732 1163 3802 apluvia
1179 3735 1207 3785 et
1221 3731 1318 3786 ventis
1339 3729 1478 3798 defendit,
1496 3727 1635 3782 familiam
1651 3742 1739 3781 unam
1755 3726 1867 3780 consti-

1033 3821 1097 3890 tuit,
1114 3836 1207 3892 vagos
1227 3820 1339 3888 domat,
1365 3818 1519 3872 scientiam
1540 3820 1568 3871 θῖ
1588 3815 1773 3886 prudentiam
1789 3815 1820 3867 in
1835 3828 1867 3868 aa

1033 3907 1258 3980 quiescentibus
1273 3912 1301 3961 ct
1317 3906 1525 3961 meditantibus
1541 3906 1689 3975 procurat.

1068 3997 1131 4052 Duo
1147 3996 1344 4063 Testamenta,
1358 3995 1423 4048 duae
1434 3993 1541 4047 tabulae
1550 3992 1638 4064 legis,
1656 3991 1722 4045 duaa
1738 3990 1866 4061 parietes

1031 4087 1061 4140 in
1071 4085 1272 4155 tabernaculo,
1285 4085 1343 4138 duo
1355 4083 1438 4138 chori
1449 4083 1478 4136 in
1489 4081 1627 4151 ecclesia,
1639 4080 1697 4134 duo
1707 4080 1865 4150 portitores

1030 4174 1118 4244 botri,
1135 4174 1193 4229 duo
1206 4170 1307 4243 pisces
1319 4172 1348 4225 in
1360 4170 1533 4242 Evangelio,
1545 4169 1603 4224 duo
1615 4169 1750 4223 homines
1761 4182 1862 4222 aseen-

1030 4264 1134 4318 dentes
1145 4262 1175 4316 in
1185 4261 1334 4331 templum,
1347 4261 1412 4315 duae
1424 4259 1568 4314 columnae
1580 4257 1610 4311 in
1620 4257 1735 4327 porticu
1750 4255 1859 4326 templi,

1027 4353 1085 4407 duo
1097 4350 1250 4406 cherubim
1260 4365 1351 4419 super
1359 4347 1602 4418 propitiatorium,
1615 4346 1672 4400 duo
1685 4343 1860 4398 candelabra

1027 4443 1055 4494 et
1070 4441 1136 4495 duae
1151 4440 1247 4509 olivae,
1264 4438 1321 4492 duo
1345 4437 1500 4490 luminaria
1522 4435 1551 4488 iu
1576 4434 1758 4488 firmamento
1781 4431 1857 4499 coeli,

1027 4529 1093 4583 duae
1108 4543 1218 4582 uxores
1229 4526 1333 4595 Jacob,
1346 4526 1412 4580 duae
1424 4539 1550 4579 sonores
1562 4521 1675 4591 Lazari,
1688 4521 1745 4575 duo
1757 4519 1859 4573 altaria

1024 4616 1216 4685 tabernaculi,
1234 4615 1291 4669 duo
1308 4614 1337 4667 in
1353 4613 1471 4668 homine
1490 4611 1578 4680 oculi,
1595 4610 1662 4664 duae
1677 4624 1776 4678 nares,
1795 4607 1860 4661 duae

1025 4720 1124 4775 aures,
1136 4703 1193 4758 duo
1204 4702 1307 4773 pedes,
1319 4702 1377 4755 duo
1389 4716 1485 4769 crura,
1498 4699 1556 4754 duo
1568 4712 1675 4771 genua,
1687 4697 1755 4751 duae
1767 4695 1858 4763 tibiae,

1024 4794 1083 4848 duo
1097 4792 1199 4862 latera,
1216 4790 1273 4844 duo
1289 4790 1410 4845 brachia
1427 4792 1455 4843 ct
1470 4791 1577 4843 caetera
1592 4787 1655 4842 lere
1670 4784 1750 4840 bina.

1062 4880 1222 4935 Duodecim
1241 4878 1430 4949 patriarchae,
1453 4876 1610 4931 duedecim
1632 4873 1770 4944 apostoli3
1787 4872 1859 4926 duo·

1026 4968 1121 5024 decim
1143 4971 1210 5037 post
1234 4967 1442 5021 ascensionem
1465 4965 1552 5019 annis
1574 4962 1810 5034 predicaverunt
1830 4961 1860 5013 in

1025 5056 1146 5123 «iudaea,
1163 5055 1319 5111 duodecim
1335 5055 1448 5125 lapides
1473 5054 1504 5107 in
1526 5050 1679 5120 rationali,
1704 5049 1861 5104 duodecim

1025 5144 1123 5200 fontes
1136 5145 1165 5198 in
1181 5144 1267 5214 Elim,
1284 5142 1439 5198 duodecim
1457 5141 1546 5196 aedes
1558 5138 1766 5212 judicantium,
1783 5138 1859 5192 duo·

1025 5233 1121 5290 decim
1136 5233 1233 5287 tribus
1245 5232 1347 5302 lsrael,
1360 5230 1516 5287 duodecim
1526 5243 1620 5299 panes
1633 5224 1858 5298 propositionis,

1025 5322 1182 5378 duodecim
1195 5323 1320 5392 patene,
1334 5318 1490 5376 duodecim
1499 5316 1614 5390 pugilli,
1624 5314 1779 5371 duodecim
1790 5328 1860 5384 par-

1022 5413 1070 5466 tes
1085 5410 1176 5465 maris
1189 5409 1294 5480 Rubri,
1305 5407 1462 5465 duodecim
1472 5405 1685 5478 exploratores,
1703 5402 1859 5459 duodecim

1023 5497 1139 5571 lapides
1150 5498 1186 5554 de
1197 5498 1326 5554 iordane
1337 5495 1481 5566 translati,
1493 5494 1650 5552 duodecim
1660 5491 1795 5549 excubie
1806 5491 1861 5547 eir-

1028 5603 1063 5648 ca
1073 5586 1272 5662 tabernacula,
1284 5585 1439 5645 duodecim
1448 5587 1542 5662 portae
1553 5583 1691 5658 civitatis,
1703 5579 1860 5640 duodecim
