3816 6030
34 291 98 371 oso
686 285 913 354 saeuonns
936 286 1125 356 aaaron.

10 496 209 565 lanternam.
231 494 286 550 His
309 492 416 550 etenim
432 491 570 547 omnibus
595 492 699 546 armati
721 495 822 547 saneta
846 473 1085 549 ειᾹιειιίειιιιιε
1102 508 1176 562 ειιιι,
1200 493 1278 548 εἰειιι
1305 494 1520 568 scriptumest,
1544 513 1598 568 per
1620 497 1767 571 triplicem

10 602 16 640 ι
36 587 181 658 religiose
192 584 382 656 perficiemus
397 581 604 638 holocaustum
620 581 746 651 Domini,
759 581 874 638 etdieo-
933 583 1200 652 compunctionem.
1218 584 1359 640 Putemus
1375 601 1440 640 eam
1450 601 1504 656 per
1514 587 1767 658 superfluarumet

10 691 16 730 ι
35 675 87 731 tur
97 675 133 730 de
144 674 234 729 nobis
243 672 322 745 quod
333 671 545 742 scriptumest:
561 669 617 726 Vos
624 671 700 725 estis
710 687 805 742 penus
816 671 875 727 ele·
931 671 1030 726 minus
1040 671 1156 726 atilium
1165 673 1607 745 cogitationumresecationem.
1618 676 1768 734 Plicemus

1707 296 1767 365 930

10 780 14 817 ι
37 767 128 834 otum,
151 762 255 836 regale
265 760 465 817 sacerdotium
479 758 642 830 (IPetr.11).
653 758 740 814 Tales
756 759 876 815 luerunt

10 868 17 907 ι
38 852 146 923 macti,
162 867 288 923 qnorum
303 850 390 906 hodie
407 848 551 905 solemnia
567 848 762 903 celebramus.
775 849 872 919 Tales,

10 959 17 995 ι
38 939 149 997 tratres
161 940 341 1009 charissimi,
351 954 420 994 esse
430 938 613 1009 studeamus,
625 940 694 992 utet
703 953 758 993 nos
768 937 874 992 indua-

10 1030 18 1087 l
37 1027 270 1102 murjustitiam,
287 1033 315 1084 et
327 1028 394 1084 lacti
407 1045 473 1083 eum
485 1027 560 1098 ipsis
575 1027 735 1098 participes
752 1028 874 1082 merito·

10 1128 18 1175 ι
35 1133 115 1189 rum,
132 1118 197 1173 fleri
212 1133 379 1173 mereamur
393 1117 469 1173 socii
491 1116 691 1188 praemiorum.
716 1114 800 1181 Quod
821 1132 876 1187 ρει

10 1228 16 1265 ι
35 1209 144 1263 merita
167 1210 196 1262 et
220 1207 468 1263 intercessionem
492 1221 595 1262 eorum
620 1205 707 1261 nobis
727 1207 871 1276 praestare

10 1318 14 1355 ι
36 1297 180 1371 dignetur
194 1296 244 1369 qui
255 1296 329 1351 vivit
344 1298 373 1351 et
386 1297 501 1368 regnat,
519 1298 575 1350 eto.

348 1382 476 1440 SERMO
497 1384 562 1439 XV.

218 1472 253 1528 In
264 1473 356 1528 LXX.
373 1473 417 1527 De
435 1472 520 1528 vinca
535 1471 699 1528 Dominien.

37 1604 41 1611 .
75 1564 160 1618 Iteet
180 1578 232 1619 ros
247 1562 278 1616 in
292 1562 421 1616 vineam:
435 1567 464 1616 et
481 1561 556 1634 qaod
566 1561 682 1634 justum
700 1561 794 1616 tuerit
819 1561 873 1617 da-

33 1651 77 1718 bo
94 1651 179 1708 vobis
192 1651 311 1724 (Multi.
327 1649 390 1721 xx).
407 1650 449 1704 De
463 1652 551 1705 vinea
567 1649 733 1720 Dominica,
751 1649 870 1721 tratres,

34 1741 178 1813 adquam
193 1756 249 1795 nos
263 1739 366 1795 invitat
381 1755 480 1795 sermo
495 1738 632 1811 divinus,
648 1738 769 1794 brevem
784 1739 872 1793 vobis

932 774 996 815 eam
1010 774 1064 831 per
1091 760 1198 815 mentis
1222 761 1471 835 humiliationem,
1494 766 1525 819 ut
1540 765 1683 835 producat
1697 766 1768 822 lolia

930 849 1767 924 perbonamactionem,tloresperbonemlamam,fructus

930 938 1101 1010 perbonam
1116 939 1339 995 conscientiam.
1350 939 1381 996 Si
1397 941 1451 1012 sie,
1462 941 1571 998 iratres
1584 942 1765 1016 charissimi,
1805 939 1811 948 '

930 1027 1767 1102 invineaDominicalaboraverimus,promissumdena·

930 1116 1007 1171 rium
1017 1116 1226 1188 percipiemus.
1239 1117 1313 1184 Quid
1325 1122 1371 1173 est
1382 1118 1437 1174 iste
1447 1119 1586 1176 denarius
1596 1120 1610 1175 ‚⁹
1621 1121 1766 1178 Denarius

930 1205 986 1261 isle
1005 1208 1052 1261 est
1066 1206 1126 1260 vita
1143 1208 1264 1261 aeterno.
1282 1205 1429 1263 Denarius
1444 1208 1501 1264 iste
1516 1212 1562 1265 est
1577 1210 1653 1282 quod
1667 1210 1769 1267 oeulos

930 1310 987 1349 non
1002 1295 1087 1364 vidit,
1101 1310 1155 1350 nec
1164 1294 1247 1350 auris
1257 1296 1328 1350 audi
1332 1295 1383 1366 rit,
1397 1312 1451 1352 nec
1469 1297 1500 1351 in
1511 1299 1700 1355 corhominis
1715 1315 1765 1356 as-

930 1383 1041 1454 eendit,
1054 1400 1117 1457 qnae
1123 1400 1260 1456 praepara
1267 1386 1308 1439 rit
1318 1383 1603 1458 Deusdiligentihns
1613 1402 1647 1442 se
1655 1387 1684 1456 (I
1691 1387 1760 1446 Cor.

929 1472 972 1545 ιι).
985 1472 1130 1528 Dennrius
1141 1473 1198 1528 iste
1209 1476 1255 1529 est
1266 1489 1415 1530 summum
1428 1473 1549 1545 honum,
1561 1475 1590 1530 in
1608 1490 1666 1548 quo
1678 1488 1764 1533 omne

928 1560 1050 1632 bonum,
1063 1564 1091 1616 et
1102 1578 1118 1616 a
1129 1577 1187 1634 quo
1199 1562 1414 1619 omnebonum.
1428 1561 1460 1618 ln
1478 1578 1536 1635 quo
1552 1579 1639 1619 omne
1653 1549 1764 1621 bonum

928 1665 983 1721 per
992 1650 1215 1722 plenitudinem,
1235 1667 1320 1722 aquo
1340 1667 1425 1707 omne
1437 1652 1548 1708 bonum
1559 1669 1613 1724 per
1629 1653 1764 1727 largitio-

929 1756 1007 1796 nem.
1020 1741 1165 1797 Denarius
1174 1740 1230 1795 iste
1239 1743 1285 1795 est
1295 1740 1388 1797 Deum
1398 1742 1510 1812 videre,
1520 1744 1762 1816 eteumgustare.

33 1830 276 1887 exhortationem
295 1828 457 1900 iaciemus,
478 1844 515 1883 ne
534 1830 666 1883 vestram
684 1828 872 1883 dilectionem
888 1843 916 1906 B
930 1829 1038 1884 Videre
1052 1845 1106 1900 per
1122 1829 1408 1901 contemplationem,
1425 1832 1547 1902 gustare
1561 1847 1616 1902 per
1631 1831 1766 1889 dilectio·

33 1919 142 1975 verbis
157 1917 369 1989 prolixioribus
386 1918 697 1973 oneremus.Primum
710 1918 809 1990 itaque
824 1917 872 1971 vi·
928 1919 1052 1975 nomia
1067 1919 1123 1973 hae
1137 1918 1224 1974 vinea
1238 1935 1295 1974 nos
1310 1919 1479 1975 laborantes
1494 1919 1647 1992 adjuvare,
1667 1920 1764 1977 otisto

31 2009 162 2065 fleamus
177 2009 245 2081 quis
261 2008 300 2063 sit
319 2023 392 2081 ager
407 2006 436 2061 in
452 2022 510 2079 quo
525 2007 664 2079 plantatio
680 2008 721 2079 fit,
743 2024 810 2081 quae
826 2006 872 2060 vi·
927 2007 1049 2063 denario
1066 2023 1121 2063 nos
1137 2008 1277 2080 dignetur
1291 2022 1481 2064 remunerare
1496 2009 1586 2065 lesus
1606 2008 1762 2084 Christus,

34 2114 105 2169 nea,
115 2113 182 2170 quae
192 2097 297 2167 fossio,
309 2114 376 2169 quae
386 2096 508 2165 binatio,
522 2112 588 2167 quae
599 2097 737 2165 tertiatio,
747 2095 796 2168 qui
808 2096 873 2167 pal-

35 2187 142 2257 mites,
159 2203 225 2258 quae
240 2187 369 2264 putatio,
386 2203 452 2257 quae
468 2186 605 2257 plicatio,
629 2202 695 2258 quae
716 2185 802 2256 folin,
822 2185 874 2258 qui

34 2277 145 2347 flores,
161 2275 229 2347 quis
246 2275 377 2345 tructuS,
394 2275 463 2347 quis
474 2275 614 2331 denarIus
624 2276 674 2348 qui
685 2274 872 2346 promittitur.

35 2368 123 2437 Ager
141 2365 197 2420 iste
213 2380 265 2420 εει
284 2363 443 2420 humanum
464 2367 524 2435 est,
547 2365 626 2436 quod
647 2365 790 2420 debemus
807 2363 875 2437 jugi

36 2454 300 2524 compunctionum
314 2453 414 2526 ligone
430 2453 578 2524 scindere,
592 2456 619 2508 et
630 2453 659 2507 in
670 2453 737 2525 ipso
748 2468 801 2524 per
810 2469 877 2525 gra·

36 2542 248 2600 tiamdivinem
258 2541 375 2597 vineam
384 2543 449 2598 sive
460 2543 536 2598 vites
546 2542 699 2614 perbonas
709 2542 875 2598 voluntates

33 2633 172 2705 plantare
186 2634 219 2686 ut
233 2632 262 2686 in
278 2632 356 2687 bono
373 2635 519 2701 crescant,
531 2634 559 2687 et
570 2632 717 2702 palmites,
731 2631 810 2701 lolia,
823 2631 876 2685 llo-

37 2737 103 2791 res,
121 2721 307 2793 fructumque
317 2721 489 2792 producant.
503 2720 652 2776 Debemus
661 2720 777 2776 vineam
788 2721 876 2775 istam

40 2809 145 2867 fodere
156 2827 209 2881 per
220 2810 486 2881 compunctionem,
499 2825 565 2880 quae
574 2810 707 2865 nascitur
716 2809 876 2865 scrutatio-

41 2914 81 2955 ne
93 2903 281 2970 peccatorum
298 2901 479 2968 nostrornm3
491 2897 594 2955 binare
606 2914 660 2969 per
672 2899 876 2970 compunctio·

928 2097 978 2169 qni
994 2096 1066 2152 vivit
1082 2099 1111 2152 ει
1125 2100 1240 2170 regnat,
1258 2100 1313 2152 cte.

1230 2185 1359 2242 SERMO
1380 2186 1459 2243 xv1.

963 2273 998 2329 ln
1016 2273 1096 2331 sesto
1110 2282 1286 2348 rnartyrum.
1304 2270 1349 2331 De
1364 2275 1518 2348 spirituali
1531 2275 1726 2349 agricultura.

966 2363 1021 2430 Qur
1036 2365 1184 2419 seminant
1195 2365 1225 2418 in
1234 2364 1387 2438 lacrymis,
1400 2366 1431 2419 in
1441 2365 1640 2423 exsultatione
1650 2371 1764 2424 metent

930 2452 1026 2524 (Psal.
1040 2452 1141 2524 cxxv).
1154 2453 1283 2523 Fratres,
1304 2454 1353 2526 qui
1360 2471 1452 2526 parce
1470 2455 1606 2520 seminat,
1624 2472 1717 2528 pareo
1733 2462 1763 2512 et

933 2546 1072 2608 metebel
1082 2542 1264 2615 quiseminat
1275 2543 1306 2597 in
1317 2543 1585 2610 benedictionibus
1594 2544 1764 2601 debenedi-

932 2628 1083 2686 etionibus
1100 2630 1414 2704 etmetettlltlorax).
1427 2633 1541 2688 Bonum
1551 2633 1643 2706 igitur
1653 2634 1763 2690 etmul-

931 2722 993 2775 tum
1004 2720 1196 2792 seminemus,
1206 2721 1233 2776 si
1243 2722 1353 2776 bonum
1364 2725 1392 2777 at
1403 2723 1525 2777 multum
1534 2725 1642 2778 metere
1651 2722 1766 2778 deside-

932 2824 1044 2865 ramus.
1054 2809 1241 2865 Seminemus
1253 2810 1284 2864 in
1297 2810 1412 2879 merito,
1424 2813 1511 2881 prout
1520 2814 1629 2867 metere
1644 2811 1764 2867 deside-

930 2914 1032 2954 ramus
1047 2899 1077 2953 in
1092 2899 1225 2969 premio.
1241 2897 1414 2964 Quaeramus
1430 2902 1559 2954 aratrum
1570 2904 1598 2956 et
1613 2901 1766 2956 utensilia·

42 3003 121 3059 nem,
132 3002 198 3060 quae
205 2987 337 3043 nascitur
344 2989 380 3044 de
389 2986 625 3043 consideratione
637 2988 876 3043 donorumuobis
933 2987 1032 3057 aratri,
1049 2987 1171 3059 longum
1183 2987 1296 3059 lignum
1308 2988 1386 3058 quod
1404 2988 1507 3042 rustici
1519 2988 1636 3060 hagiam
1646 2992 1765 3062 vocant,

44 3076 876 3149 caelituscollatorum3tertiarepercompunetionem,quae
894 3090 921 3154 0
933 3075 1048 3149 lignum
1063 3075 1186 3131 bitldum
1199 3092 1252 3147 per
1263 3076 1341 3147 quod
1352 3079 1480 3132 aratrum
1492 3077 1629 3132 manibus
1640 3080 1766 3150 tenetur,

46 3168 140 3222 oritur
154 3167 189 3222 de
205 3168 435 3239 praegustatione
452 3166 616 3222 futurorum
631 3167 787 3222 bonorum.
803 3165 877 3222 Sunt
934 3169 963 3223 et
973 3167 1258 3237 eaeteraquae,eausn
1269 3165 1579 3238 brevitatis,praetereo
1591 3167 1766 3238 exponendo
1809 3180 1812 3185 ’

46 3258 144 3312 ιιιιιειιι
155 3256 289 3326 palmites
298 3256 385 3311 bonae
397 3255 719 3328 cogitationesdebona
729 3255 877 3311 voluntate
934 3270 1090 3327 ponemus,
1107 3255 1164 3310 Pes
1180 3254 1279 3325 aratri,
1294 3270 1386 3326 super
1410 3270 1497 3327 quem
1522 3259 1629 3311 caetera
1653 3255 1767 3312 fabrica

46 3344 247 3416 multiplieiter
261 3345 468 3415 procedentes
485 3346 575 3401 Istam
594 3346 710 3401 vineam
724 3349 877 3417 putamus,
934 3345 1082 3415 consistit,
1100 3344 1175 3399 tides
1186 3347 1235 3400 est
1244 3359 1310 3416 quae
1321 3345 1445 3400 aliorum
1461 3346 1506 3401 est
1521 3346 1606 3418 origo
1617 3346 1768 3401 virtutum.

47 3434 165 3507 quaudo
173 3434 381 3507 cogitationem
388 3434 486 3489 miuus
495 3435 583 3490 utiles
590 3450 772 3502 resecemus,
786 3438 815 3490 et
825 3435 882 3490 uti.
934 3434 1062 3507 Lignum
1077 3434 1209 3506 longum,
1226 3434 1305 3506 quod
1321 3433 1351 3488 in
1366 3434 1488 3507 longum
1500 3435 1678 3507 extenditur,
1690 3431 1771 3507 quod

47 3522 173 3578 lioribus
188 3522 388 3596 propagandis
404 3539 555 3579 vacamus.
568 3524 708 3579 Palmites
719 3525 879 3596 plicamus,
934 3523 1053 3596 hagiam
1067 3540 1141 3579 voce
1155 3524 1267 3579 rustica
1283 3523 1482 3594 nominamus,
1508 3540 1593 3594 spem
1609 3524 1770 3597 significat,

48 3611 166 3684 quando
190 3613 386 3684 cogitationes
400 3615 521 3668 nostras
538 3613 739 3683 humiliamus,
756 3617 785 3669 et
795 3615 882 3686 quasi
934 3614 971 3669 do
982 3613 1070 3686 cujus
1082 3613 1267 3686 longitudine
1278 3615 1422 3684 scriptum
1433 3616 1479 3668 est
1491 3628 1497 3668 :
1511 3613 1771 3684 SperastisinDo-

50 3700 190 3757 baculum
201 3701 231 3755 in
241 3704 365 3757 terrram
376 3702 506 3775 figimus,
514 3703 630 3774 quando
638 3703 822 3758 mortalitatis
834 3719 884 3759 no·
935 3704 1015 3759 mino
1025 3704 1056 3757 in
1068 3702 1331 3773 saeculisaeternis,
1340 3702 1574 3757 iuDonrinoDeo
1584 3701 1660 3757 torti
1669 3701 1776 3774 inper-

48 3794 121 3846 strae
132 3790 332 3860 recordamur,
349 3793 378 3845 et
388 3790 467 3862 quod
485 3794 563 3845 terra
574 3805 679 3846 sumus
691 3795 719 3847 et
733 3793 883 3848 interram
933 3798 1053 3865 potuum
1064 3792 1131 3863 (lae.
1140 3792 1233 3862 xxvi).
1249 3790 1454 3861 Manubrium,
1468 3791 1547 3861 quod
1556 3790 1705 3845 bifurcum
1715 3792 1772 3860 est,

47 3879 159 3935 ibimus
172 3879 400 3934 reminiscimur.
412 3879 461 3934 Sic
471 3879 574 3949 plicuit
590 3881 679 3934 vitem
694 3897 779 3936 sunm
790 3880 885 3936 Abra·
936 3881 965 3936 et
980 3883 1103 3952 utraque
1119 3895 1208 3934 manu
1229 3881 1364 3950 tenetur,
1384 3879 1556 3934 charitatem
1578 3880 1770 3950 demonstrat,

50 3969 140 4039 ham,
164 3968 281 4039 quando
301 3968 396 4024 dixit:
418 3968 535 4041 Loquar
550 3969 588 4024 ad
603 3968 757 4024 Dominam
773 3985 884 4039 meum,
937 3985 1024 4041 quam
1050 3970 1170 4024 dextera
1185 3971 1319 4023 tenemus
1336 3968 1406 4023 dum
1420 3966 1625 4023 benefacimus
1649 3966 1771 4039 amiciet,

51 4056 886 4131 cumsimpalvisetcinis(Gen.xvrut.SieJacobquando
938 4057 1061 4113 sinistra
1088 4057 1156 4112 dum
1178 4056 1383 4112 benefacimus
1407 4056 1547 4112 inimicis.
1570 4059 1668 4112 Aures
1688 4056 1778 4112 aratri

51 4145 127 4202 dixit
139 4161 145 4200 :
156 4146 257 4202 Minor
267 4161 330 4201 sum
341 4146 456 4201 eunctis
466 4145 713 4203 miserationibus
724 4147 783 4202 tuis
798 4147 885 4218 (Gen.
938 4147 1077 4203 uirtutem
1087 4146 1258 4219 signitloant
1269 4145 1456 4219 obedientiae,
1473 4146 1542 4218 quia
1557 4147 1680 4203 auribus
1690 4145 1776 4202 audi·

50 4236 158 4306 xxxa).
174 4235 267 4290 David
284 4250 401 4307 quoque
417 4234 490 4290 dixit
507 4251 514 4291 :
535 4234 647 4291 Unicus
658 4240 687 4290 et
696 4252 811 4309 pauper
824 4253 887 4292 sum
938 4252 1015 4306 mur,
1033 4238 1062 4291 et
1077 4235 1243 4291 obedimus.
1261 4235 1345 4291 Rotae
1361 4236 1516 4291 scientiam
1530 4236 1656 4292 duorum
1670 4236 1777 4291 Testa-

52 4340 109 4397 eqo
120 4324 215 4394 (Psal.
237 4324 331 4395 xxrv).
347 4324 437 4379 Beata
453 4324 545 4380 Maria
559 4323 663 4395 plicuit
678 4339 762 4380 suam
777 4326 886 4393 vitem,
938 4329 1105 4381 mentorum
1129 4325 1297 4397 designant.
1315 4325 1541 4396 Rectenamque
1556 4340 1609 4396 ρει·
1623 4327 1704 4380 rotas
1718 4324 1777 4380 Te·

53 4412 148 4468 etait:
168 4413 248 4469 Ecce
259 4412 366 4468 ancilla
382 4414 502 4469 Domini
515 4413 597 4486 (Luc.
613 4416 644 4485 ι).
657 4412 716 4470 Sed
731 4415 764 4470 B.
777 4414 888 4471 Paulus
940 4418 1084 4470 stnmenta
1095 4414 1268 4486 ligurantur,
1279 4415 1778 4487 quaequasideorsnmtanguntter·

52 4501 203 4574 palmitem
230 4517 317 4557 suum
342 4503 633 4576 plieuernt,quando
646 4503 763 4560 dicebat
789 4520 795 4560 :
820 4504 889 4560 Non
940 4500 1780 4576 ramperhistoriam,etsursumlevanturperallegoriam

54 4606 119 4646 sum
130 4590 239 4664 dignus
255 4591 356 4646 uocari
371 4591 528 4664 apostolus,
549 4593 615 4664 quia
630 4597 809 4665 persecutas
825 4609 889 4649 sum
943 4592 1084 4649 deorsum
1095 4593 1344 4664 deponunturper
1354 4606 1477 4647 sensum
1489 4589 1647 4659 carnalem,
1657 4603 1781 4644 sursum

54 4678 225 4735 Ecclesiam
243 4679 302 4735 Dei
312 4680 339 4751 (l
357 4679 415 4736 Cor
425 4682 486 4752 xv).
503 4681 586 4736 Folia
605 4681 765 4754 designant
780 4681 889 4738 bonam
902 4694 930 4757 ρ)
943 4683 1080 4740 levantur
1092 4697 1148 4754 ρει
1162 4695 1287 4737 sensum
1305 4678 1500 4751 spiritualem,
1513 4678 1654 4734 deorsum
1668 4692 1722 4749 ρει
1736 4678 1781 4734 si·
1835 4744 1838 4749 ¹

55 4770 211 4839 notionem,
224 4785 291 4841 quae
303 4784 358 4824 nos
371 4769 533 4824 circumdat
544 4772 572 4824 ct
582 4773 676 4839 ornat,
690 4768 807 4825 sicutin
821 4772 889 4826 eliis
945 4771 1127 4844 gnitieantia,
1136 4785 1258 4825 sursum
1268 4766 1508 4840 persignillcatn.
1517 4762 1627 4822 Venier
1636 4769 1665 4822 et
1675 4766 1780 4840 culter,

56 4859 248 4913 sermonibus
263 4857 415 4930 saepejam
427 4857 567 4913 diximus.
584 4854 698 4928 riores,
711 4859 833 4930 eoquod
843 4871 890 4914 re·
946 4860 1055 4932 quibus
1071 4858 1217 4914 scinditur
1227 4860 1308 4912 terra
1323 4860 1352 4912 et
1368 4856 1510 4928 aperitur,
1526 4857 1671 4913 rationem
1690 4859 1718 4913 ot
1732 4856 1781 4912 in·

57 4946 175 5002 doleant
185 4951 214 5003 et
224 4962 312 5003 suum
323 4947 412 5019 longe
424 4948 567 5018 spargunt
577 4946 709 5016 odorem,
721 4945 830 5002 bonam
845 4946 890 5002 tn·
946 4949 1096 5006 tellectum
1112 4947 1278 5017 designant,
1297 4961 1363 5018 quae
1379 4944 1556 5017 peroeeulta
1567 4949 1779 5019 ereaturarum,

55 5052 134 5090 mem
149 5035 317 5105 insinuant,
334 5051 388 5105 per
410 5051 497 5107 quem
521 5035 586 5090 sive
610 5050 701 5106 prope
716 5036 781 5090 sive
802 5035 891 5109 longo
948 5041 976 5093 et
991 5037 1120 5093 obscuro
1136 5034 1354 5106 scripturarum
1368 5035 1510 5090 rimamur
1523 5037 1553 5091 ει
1560 5035 1718 5092 volvimus.
1727 5036 1784 5091 tu-

56 5124 193 5196 proximo
208 5123 389 5179 redolemus.
407 5123 535 5179 Fructus
550 5124 659 5179 bonam
674 5125 811 5197 designat
822 5140 892 5180 con·
947 5141 1029 5199 gum,
1045 5125 1125 5197 quod
1144 5124 1279 5180 eervices
1293 5124 1409 5196 premit,
1425 5124 1542 5196 pondus
1558 5123 1649 5179 divini
1664 5124 1780 5181 timoris

58 5212 213 5268 seientiam
229 5211 265 5266 de
278 5210 396 5283 justitia
411 5215 624 5268 consummata.
640 5213 686 5267 Ad
698 5212 755 5268 hoe
766 5215 845 5269 enim
854 5213 893 5268 la·
948 5214 1094 5286 exprimit,
1107 5213 1188 5286 quod
1198 5212 1347 5268 mentibus
1360 5213 1472 5269 nostris
1484 5213 1654 5284 imponitur,
1670 5229 1707 5269 ne
1722 5229 1779 5270 no-

58 5302 201 5358 boremus
218 5302 249 5355 ut
262 5299 371 5355 bonam
390 5301 602 5357 conscientiam
624 5301 799 5374 habeamus,
815 5305 893 5361 sicut
948 5308 1011 5359 ster
1024 5318 1135 5358 sensus
1156 5318 1210 5375 per
1225 5301 1381 5358 clationem
1402 5304 1504 5359 contra
1528 5302 1620 5358 Deum
1636 5303 1779 5374 erigatur.

58 5391 107 5446 illo
123 5390 172 5462 qui
188 5390 218 5445 in
234 5389 320 5445 vinea
336 5388 460 5445 colenda
481 5390 614 5460 desudat,
632 5391 668 5445 ad
683 5390 739 5447 bor.
754 5391 847 5447 tendit
860 5395 893 5447 ut
947 5392 1083 5464 Vincula,
1095 5389 1319 5464 quibusjugum
1329 5391 1448 5464 ligatur,
1460 5390 1725 5462 praeceptadivinae
1735 5389 1781 5447 le-

59 5480 186 5536 iructum
202 5479 354 5551 pereipiat.
368 5479 520 5535 Habemus
531 5479 640 5552 itaque,
657 5479 775 5550 tratres,
787 5496 892 5553 agrum
947 5482 997 5555 gis
1005 5485 1084 5538 sunt.
1093 5482 1341 5552 Deooatemptore
1348 5479 1511 5553 hujusjugi
1524 5478 1664 5534 ethorum
1674 5479 1781 5535 vincu-
1799 5506 1802 5510 ⁴

61 5584 113 5626 eor
127 5572 273 5640 nostrum,
290 5569 473 5624 Dominieam
488 5570 578 5625 vitem
590 5569 697 5625 bonnm
712 5569 892 5627 voluntatem
947 5570 1415 5642 lorumseriptumest:Aseeeulo
1426 5565 1722 5640 confregistijugum,
1733 5584 1780 5626 rm

59 5658 195 5743 palmites
209 5658 305 5717 bonas
321 5658 528 5743 cogitationes.
545 5658 719 5734 Pedianus,
735 5657 891 5741 binemus,
945 5660 1021 5746 pisti
1034 5659 1160 5735 ιἰἰιεειε,1
1172 5659 1281 5721 dixisti
1292 5653 1775 5761 ιιιιειιεειιιεειιιει.ιι).ΒειεεΙ
