3796 6022
86 235 147 301 815
504 230 725 294 APPENDIX
743 230 801 292 AD
821 227 1013 294 HUGONIS
1033 219 1179 292 OPERA
1197 225 1454 314 poematica
1753 210 1812 290 8¹6

84 431 367 490 maternaliscontra
375 431 506 503 impium,
514 431 671 486 sinceritas
683 429 922 501 corporalisccu·
936 410 964 472 Α
980 428 1148 484 arbitretur.
1161 427 1232 494 Quae
1244 429 1342 484 omnia
1360 427 1487 499 corpori,
1503 443 1562 501 quo
1578 431 1718 500 tanquam
1737 442 1812 499 equo

83 525 130 579 tra
142 521 333 593 impudicum.
978 519 1070 573 utitur
1084 518 1190 587 anima,
1207 518 1347 587 applicari
1362 517 1511 572 moraliter
1524 520 1662 588 possunt.

85 612 149 668 Tra.
161 609 294 666 vulbe
306 608 498 682 triplieijuqc
515 609 602 663 suavi
616 613 645 664 et
655 623 748 663 onere
762 606 833 677 ieri,
850 606 921 661 obe·
1050 608 1111 662 Tra.
1127 607 1180 661 Xl.
1200 605 1301 671 Qualis
1315 607 1355 661 sit
1370 612 1472 661 rector
1487 623 1558 679 erpa
1575 605 1723 662 subditos.

298 698 421 753 dientiaa
437 703 465 752 et
486 697 708 752 inobedientiae.
1013 697 1274 750 (iurandumestut
1284 698 1430 750 rectorem
1444 696 1572 750 subditis
1586 695 1811 765 etmatrempie·

119 789 225 862 dapum
240 802 335 842 meum
350 802 442 841 suave
458 792 521 854 est,
544 791 573 840 et
589 800 662 841 onus
675 800 770 839 meum
790 783 857 839 leve
877 788 922 838 est
976 787 1022 839 tas
1031 787 1177 855 etpatrem
1185 783 1694 854 exhibeatdisciplina.Etinterhaec
1703 782 1811 838 sollici·

83 878 204 953 (Metili.
220 877 273 947 xi).
297 876 407 947 iugum
430 874 476 929 vel
493 890 569 929 onus
594 889 685 928 suave
710 876 756 927 est
778 872 920 927 triforme.
975 876 1004 928 ta
1013 873 1277 944 circumspectione
1290 873 1505 942 providendum
1514 888 1550 928 ne
1567 872 1812 927 antdistrictiori-

82 967 214 1024 Primum
244 964 359 1020 timoris
384 964 545 1036 gehennae,
578 963 747 1017 seeundum
775 961 922 1033 regularis
975 963 1054 1034 gida,
1067 964 1116 1017 aut
1136 962 1231 1033 pietas
1248 962 1286 1015 sit
1302 962 1439 1031 remissa,
1460 965 1491 1016 ut
1512 961 1582 1015 insit
1597 966 1626 1016 et
1637 960 1721 1032 juste
1738 976 1808 1015 con-

83 1054 261 1126 diseiplinee,
284 1052 403 1107 tertium
427 1050 593 1105 dilectionis
618 1054 646 1105 et
671 1050 774 1122 gratiae
790 1050 921 1104 Primum
975 1050 1078 1106 sulens
1089 1050 1303 1120 misericordia,
1314 1053 1343 1104 et
1354 1051 1401 1120 pie
1417 1050 1547 1105 saeviens
1559 1050 1726 1120 disciplina.
1739 1050 1810 1105 ilinc

82 1144 233 1201 sustinent
250 1141 301 1213 qui
314 1143 426 1194 tantum
441 1140 544 1194 timore
560 1139 735 1210 gehennalis
749 1155 845 1208 poenae
861 1154 921 1192 ma·
975 1141 1120 1195 semivivo
1140 1141 1242 1193 vinum
1258 1142 1286 1193 et
1305 1139 1402 1193 oleum
1416 1139 1582 1208 adhibetur,
1598 1143 1630 1193 ut
1643 1139 1810 1209 parvinum

81 1248 140 1289 nus
166 1246 237 1286 suas
252 1231 391 1284 coercent
406 1244 423 1281 a
438 1243 529 1298 prava
544 1227 730 1298 operatione3
756 1227 921 1282 secundum
975 1229 1167 1284 mordeantur
1179 1228 1313 1297 vulnera,
1328 1244 1382 1298 per
1397 1229 1494 1282 oleum
1510 1227 1676 1297 foveantur,
1697 1231 1726 1282 et
1741 1228 1769 1282 si
1784 1229 1811 1282 in

81 1320 199 1393 portant
214 1319 265 1390 qui
279 1316 563 1387 timoratemporalis
575 1332 671 1386 poenae
687 1319 715 1370 et
729 1332 829 1370 amore
845 1333 920 1386 prae·
974 1318 1044 1372 vino
1060 1332 1181 1371 morsus
1192 1318 1370 1386 severitatis
1384 1317 1447 1370 etin
1456 1316 1522 1371 oleo
1533 1316 1673 1371 mollities
1681 1315 1808 1386 pietatis,

81 1408 176 1464 sentis
192 1405 348 1473 commodi,
372 1405 461 1460 corda
477 1421 532 1460 sua
551 1407 706 1460 reservant
727 1421 849 1475 apruna
872 1422 920 1461 co·
975 1406 1083 1477 fiatque
1097 1422 1135 1460 ex
1153 1408 1278 1476 utroque
1298 1409 1559 1473 temperamentum
1574 1405 1733 1476 quoddam.
1750 1404 1812 1469 Quo

82 1497 240 1570 gibelinus,
255 1495 384 1564 tertium,
401 1493 444 1550 illi
460 1494 511 1564 qui
527 1494 592 1548 sola
616 1494 668 1548 Dei
685 1494 842 1549 dilectione
867 1494 919 1549 de·
974 1495 1113 1549 videlicet
1128 1511 1182 1549 nec
1197 1494 1287 1548 multa
1303 1495 1460 1564 asperitate
1471 1494 1681 1549 exulcerentur
1690 1488 1809 1549 subditi.

84 1585 194 1641 cbnant
208 1598 225 1638 a
239 1583 315 1637 malo
332 1586 360 1637 et
374 1582 486 1636 faciunt
500 1582 620 1637 bonum.
637 1583 727 1636 Primi
743 1585 812 1637 sunt
826 1585 917 1653 servi,
975 1584 1128 1640 necnimia
1144 1584 1262 1638 lenitate
1277 1583 1440 1638 solvantur.
1458 1583 1543 1638 Unde
1559 1583 1589 1636 in
1604 1597 1674 1637 arca
1690 1582 1722 1639 fn
1733 1583 1810 1638 deris

83 1672 209 1730 secundi
222 1672 409 1741 mercenarii,
422 1671 501 1726 tertii
512 1674 581 1725 suut
593 1671 655 1725 filii.
670 1671 799 1724 Primum
810 1687 916 1727 servos
976 1690 1042 1729 cum
1058 1672 1167 1727 tabulis
1184 1674 1268 1744 virga
1294 1673 1383 1726 simul
1408 1675 1437 1727 et
1461 1689 1567 1726 manna
1590 1674 1636 1727 cst
1661 1672 1732 1743 quia
1746 1687 1810 1727 cum

83 1763 202 1833 excitat,
225 1761 389 1816 secundum
403 1759 604 1815 mercenarios
620 1759 777 1830 confortat,
799 1761 916 1815 tertium
933 1789 959 1850 Β
975 1762 1135 1833 Scripturoe
1151 1777 1245 1816 sacrae
1263 1761 1386 1816 scientia
1403 1762 1433 1814 in
1448 1777 1516 1815 arca
1532 1760 1662 1832 pectoris
1679 1762 1758 1815 sieut
1768 1763 1811 1815 est

83 1851 162 1907 filios
178 1851 344 1920 coroborat,
370 1850 438 1921 quia
453 1849 541 1920 primi
555 1849 679 1919 initiant,
703 1850 826 1903 secundi
847 1866 917 1919 prc-
975 1853 1059 1924 virga
1076 1850 1278 1921 districtionis,
1296 1851 1341 1904 sic
1356 1853 1385 1904 et
1404 1865 1510 1904 manna
1530 1849 1709 1905 dulcedinis.
1736 1849 1809 1904 Hinc

83 1939 196 2011 ficiunt,
208 1939 287 1994 tertii
301 1941 504 2009 perseverant.
520 1937 602 1992 Sicut
619 1941 715 1992 autem
731 1939 917 2009 obedientiae,
975 1941 1066 1994 David
1080 1956 1086 1994 :
1105 1939 1194 2011 Virqa
1207 1945 1254 1993 tna
1273 1945 1303 1994 cl
1313 1938 1437 1993 baculus
1448 1946 1515 1993 tuus
1528 1939 1592 2010 ipsa
1604 1955 1651 1993 me
1661 1937 1808 1994 consolata

83 2029 167 2084 itaet
189 2028 408 2096 inobedientiae,
425 2026 560 2081 triforme
584 2030 630 2081 est
647 2026 765 2098 jugum.
789 2027 920 2081 Primum
974 2037 1041 2084 sunt
1066 2028 1160 2096 (Psal.
1188 2027 1270 2098 xxa).
1287 2027 1379 2100 Virga
1390 2029 1468 2083 enim
1492 2029 1684 2098 percutimur,
1702 2028 1806 2082 baculo

83 2117 246 2191 iniquitatis
262 2120 290 2172 et
304 2117 422 2171 malitiae
438 2132 504 2187 quae
520 2118 565 2170 cst
580 2115 707 2185 luxuria,
734 2116 763 2169 in
781 2131 840 2187 quo
865 2117 920 2171 Sa·
974 2120 1185 2173 sustentamur.
1197 2116 1241 2172 Sit
1255 2132 1329 2189 ergo
1345 2117 1491 2171 districtio
1507 2116 1601 2188 virgae
1616 2132 1683 2188 quae
1700 2117 1801 2187 feriat3

83 2205 184 2263 lomcn
194 2205 389 2279 subjugatum
402 2205 568 2259 secundum
578 2205 784 2274 prosperitatis
793 2208 821 2258 et
831 2205 922 2259 abun·
973 2207 1012 2263 sit
1023 2209 1050 2261 et
1061 2206 1224 2261 consolatio
1235 2205 1332 2260 baculi
1345 2221 1412 2276 quae
1424 2208 1585 2274 sustentet,
1597 2206 1636 2260 sit
1646 2221 1740 2276 amor,
1756 2204 1807 2260 sed

84 2295 212 2367 dantiae,
229 2296 259 2349 in
275 2311 333 2366 quo
349 2294 433 2348 dives
448 2294 771 2364 purpuratur3tertium
782 2293 919 2348 afflictio-
973 2312 1033 2350 non
1049 2294 1218 2364 emolliens3
1235 2295 1274 2349 sit
1296 2294 1388 2366 rigor,
1408 2294 1461 2349 sed
1473 2310 1535 2366 non
1550 2310 1734 2365 exasperans
1748 2309 1756 2364 3
1772 2295 1809 2349 sit

84 2383 421 2454 nisetmiseriae,inquc
430 2381 861 2453 OchcziaS,pcstquamceeidit
869 2398 923 2452 per
974 2384 1056 2439 aelus
1072 2398 1131 2439 ncn
1147 2383 1337 2438 immoderate
1354 2383 1495 2454 saevienS,
1517 2386 1546 2438 et
1557 2384 1652 2454 pietas
1668 2398 1729 2439 non
1744 2382 1809 2455 plus

85 2473 246 2543 cancellos,
269 2471 417 2527 consuluit
433 2469 599 2524 Beelzebub
616 2471 703 2525 deum
719 2458 854 2525 Accar'cn
868 2469 926 2542 (IV
973 2489 1061 2544 quam
1072 2472 1208 2543 expediat
1222 2487 1361 2543 parcens.

84 2561 160 2633 Rep.
177 2561 208 2632 ι).
973 2562 1035 2616 Τιτ.
1050 2562 1115 2616 xli.
1131 2560 1175 2615 De
1190 2560 1264 2632 palli
1280 2566 1309 2616 et
1319 2561 1531 2633 praedicatoris
1543 2561 1693 2617 consimili
1703 2559 1808 2617 officie.

140 2649 256 2704 Tralli.
273 2649 317 2704 De
330 2648 444 2720 triplici
451 2648 482 2703 di
487 2648 562 2702 vinae
570 2649 680 2720 qraticc
687 2649 867 2720 operatione.
1009 2650 1100 2706 Galus
1115 2650 1288 2721 priusquam
1299 2653 1405 2720 cantet,
1418 2649 1481 2704 alas
1491 2634 1601 2705 excutit
1616 2653 1689 2706 etse
1701 2649 1809 2706 feriens

123 2738 200 2805 Quid
216 2738 311 2793 babes
327 2737 402 2812 quod
419 2753 476 2792 non
495 2738 637 2808 accepisti
644 2739 658 2792 ‘t
676 2737 757 2808 (Cor.
774 2742 822 2804 rvi.
835 2739 923 2793 Crea·
974 2739 1193 2811 vigilantiorem
1210 2738 1307 2793 reddit
1316 2739 1385 2810 qnia
1396 2739 1574 2809 praedicator
1582 2738 1667 2810 prius
1679 2734 1809 2795 sebenia

87 2827 141 2900 ris,
158 2821 286 2898 sanaris,
303 2826 440 2881 salvaris.
457 2824 512 2891 Qui
534 2830 615 2880 recte
635 2826 754 2897 sapiunt
768 2827 843 2881 hanc
867 2827 921 2882 tri-
975 2829 1142 2884 acticnibus
1153 2831 1282 2898 exercet,
1300 2844 1336 2883 ne
1347 2828 1378 2882 in
1397 2829 1559 2900 semetipso
1570 2832 1694 2900 torpens
1710 2843 1807 2900 opere,

84 2917 192 2989 plieem
223 2917 346 2971 divinae·
361 2916 466 2988 gratiae
498 2914 675 2970 cantitentur
706 2917 917 2986 operationem.
974 2919 1048 2973 alios
1074 2918 1182 2972 excitet
1204 2932 1288 2987 voce,
1310 2920 1341 2971 ut
1365 2917 1444 2988 quod
1467 2916 1592 2973 locuturi
1616 2920 1697 2989 sunt,
1719 2932 1807 2988 opere

84 3007 184 3062 Prima
197 3008 244 3061 est
253 3005 399 3075 formatio,
412 3004 543 3060 secunda
554 3003 734 3074 reformatio,
750 3005 833 3060 tertia
844 3021 917 3060 con·
975 3008 1110 3076 clament,
1123 3010 1242 3076 etvoce,
1254 3006 1466 3062 etsiccaeteros
1475 3005 1808 3077 advigiliasvoeentdlli

83 3097 251 3152 summatio.
265 3095 363 3150 Primo
370 3096 400 3149 in
407 3093 592 3148 DecChristo
604 3093 774 3165 formamur,
785 3095 917 3150 seeundo
935 3109 961 3172 (2
973 3096 1159 3177 profundiori
1174 3095 1246 3149 hora
1262 3096 1359 3149 noetis
1369 3095 1549 3150 valentiores
1560 3099 1589 3150 et
1604 3095 1807 3166 productiores

82 3185 251 3257 peripsum
271 3184 477 3253 reformamur,
496 3182 920 3252 tandemperipsumetcum
972 3187 1051 3239 circa
1074 3184 1245 3238 matutinum
1273 3184 1415 3239 leniorem
1440 3200 1543 3239 vocem
1568 3184 1712 3255 reddunt}
1742 3183 1807 3256 quia

82 3275 150 3346 ipso
166 3274 447 3330 consummabimur.
466 3271 618 3343 Siquidem
635 3272 714 3342 quod
729 3288 788 3326 non
803 3275 865 3327 erat
890 3273 920 3329 in
970 3273 1082 3345 iniquis
1093 3273 1149 3327 alta
1160 3289 1233 3328 voce
1244 3276 1375 3328 terrores
1390 3275 1533 3343 intonant,
1543 3273 1602 3329 luci
1613 3275 1809 3347 propinquan-

83 3364 134 3419 illo
152 3365 247 3418 creari
262 3363 405 3432 oportuit,
424 3361 504 3432 quod
519 3362 581 3415 erat
593 3363 622 3415 et
637 3360 832 3416 deformatum
847 3367 918 3434 erat,
971 3362 1050 3417 tibus
1065 3362 1172 3416 blanda
1189 3362 1225 3417 de
1239 3362 1371 3433 praemiis
1386 3362 1552 3433 proferunt.

82 3468 138 3524 per
146 3453 261 3506 forman
271 3450 436 3519 reformari,
454 3453 483 3503 et
497 3451 630 3504 membra
645 3465 703 3504 non
719 3451 777 3504 nisi
793 3467 810 3504 a
826 3452 920 3521 capite
1081 3452 1142 3506 Tm.
1161 3451 1240 3506 Xlll.
1258 3450 1303 3506 De
1318 3456 1441 3523 quatuor
1457 3451 1697 3507 considerandis.

83 3539 920 3612 perfici3quoderiteurneccnrremnsinvirnmperfeetum
1006 3540 1137 3605 Quatnor
1151 3539 1366 3594 consideranda
1382 3543 1541 3595 occurrunt
1559 3557 1565 3597 :
1588 3543 1619 3596 ut
1635 3540 1807 3597 consideres

90 3633 120 3684 et
131 3643 302 3682 mensuram
309 3626 737 3699 oetatisplenitudimsChristi
747 3628 861 3699 (Epiros
871 3631 920 3697 rvi.
970 3635 1009 3701 te,
1022 3646 1088 3701 quae
1100 3629 1157 3684 sub
1167 3632 1206 3699 te,
1219 3645 1286 3701 quas
1295 3629 1374 3683 circa
1385 3632 1423 3698 tc,
1436 3645 1502 3701 quaa
1514 3646 1604 3700 supra
1620 3632 1657 3684 te.
1678 3632 1701 3684 Α
1713 3633 1742 3684 te
1761 3631 1808 3684 tua

86 3717 207 3784 Quando
217 3715 372 3789 apparebit
389 3715 530 3770 Christus
544 3716 603 3768 rita
622 3721 724 3769 nostra
743 3721 810 3770 tune
822 3722 850 3771 et
865 3732 919 3771 nos
972 3718 1170 3774 consideratio
1189 3717 1316 3787 inchoet,
1330 3732 1366 3772 ne
1376 3717 1486 3772 frustra
1497 3719 1667 3773 extendaris
1679 3719 1709 3773 in
1721 3718 1807 3773 allate

85 3806 294 3880 apparebimus
303 3821 366 3860 eum
376 3805 442 3875 ipsc
453 3804 484 3857 in
495 3803 591 3876 pieria
603 3802 728 3873 (Coloss.
740 3804 793 3876 ιιι).
805 3804 919 3860 tircatic
971 3808 1119 3879 neglecto.
1129 3806 1204 3871 Quid
1215 3807 1293 3860 enim
1303 3806 1356 3860 tihi
1366 3807 1489 3876 prodest
1501 3808 1527 3862 si
1538 3808 1713 3862 universum
1723 3822 1805 3862 mun·

85 3912 159 3969 ergo
173 3896 205 3950 fit
216 3896 281 3950 sine
295 3894 394 3964 nobis,
411 3893 625 3948 consummatio
639 3892 674 3947 de
691 3893 778 3947 nobis
797 3909 802 3947 :
818 3897 921 3948 neutra
971 3897 1041 3950 dum
1056 3896 1224 3960 lucrareris,
1240 3896 1369 3965 teipsum
1384 3895 1551 3966 perderes?
1569 3895 1600 3950 Si
1616 3894 1805 3966 sapiensne,

86 3984 212 4039 anobis.
223 3983 291 4039 Sola
300 3982 470 4037 reformatio
483 3982 699 4053 quodammodo
711 3983 742 4036 fit
752 3983 919 4053 nobiscum,
973 3988 1067 4039 totum
1076 3984 1128 4039 tibi
1140 3984 1286 4039 conducet
1295 3984 1332 4038 ad
1344 3984 1558 4053 sapientiam3si
1567 3984 1620 4038 tibi
1631 3999 1690 4040 non
1702 3983 1807 4051 fueris,

86 4074 208 4143 propter
229 4086 409 4125 consensum
431 4071 638 4124 voluntarium.
665 4071 749 4126 Unde
771 4074 923 4141 reputatur
973 4076 1001 4129 et
1025 4074 1144 4127 noveris
1169 4073 1265 4127 omnia
1289 4073 1446 4143 mysteria,
1458 4073 1514 4127 lata
1529 4077 1626 4143 terrae,
1652 4074 1711 4127 ulta
1732 4070 1808 4142 eoeli,

86 4161 165 4216 inter
178 4159 291 4229 merita,
302 4157 570 4230 quaesuutjejunia
581 4161 691 4228 nostra,
702 4160 824 4230 vigiliae,
834 4175 923 4230 opera
975 4161 1121 4232 profunda
1136 4162 1238 4230 maris,
1256 4161 1281 4215 si
1297 4164 1325 4215 te
1340 4161 1497 4232 nescieris,
1515 4162 1575 4216 eris
1592 4162 1700 4217 similis
1717 4161 1809 4217 aedifi·

88 4247 313 4317 misericordiae,
330 4248 359 4301 et
373 4248 480 4301 caetera
495 4247 635 4301 virtutum
652 4248 801 4319 exercitia,
812 4248 921 4319 quibus
979 4251 1056 4305 canti
1071 4250 1136 4305 sine
1152 4249 1352 4320 fundamento,
1369 4250 1484 4304 ruinam
1499 4266 1558 4304 non
1574 4253 1754 4306 structuram
1769 4250 1811 4304 fa·

89 4338 206 4394 constat
220 4337 354 4390 nostrum
369 4333 541 4389 interiorem
556 4334 705 4390 hominem
728 4337 864 4391 renovari
885 4338 921 4392 de
980 4339 1073 4394 ciens.
1089 4338 1214 4408 Sapiens
1230 4338 1290 4393 sibi
1305 4339 1425 4409 sapiens
1441 4340 1506 4409 erit,
1531 4342 1560 4394 et
1575 4339 1656 4394 bibet
1671 4339 1708 4395 de
1734 4340 1810 4395 fonte

89 4426 138 4483 die
152 4425 286 4482 indiam.
936 4428 964 4490 D
980 4427 1048 4482 fidei
1063 4428 1128 4497 ipse
1142 4426 1267 4497 primus.
1285 4427 1310 4479 Α
1321 4429 1349 4481 te
1363 4427 1486 4497 proinde
1501 4431 1550 4482 tua
1565 4428 1765 4484 consideratio
1773 4428 1813 4483 in·

214 4514 276 4570 Trr.
294 4513 331 4567 Χ.
349 4513 393 4568 De
409 4512 478 4586 equi
491 4511 562 4567 boni
578 4511 807 4569 conditionibus.
981 4516 1078 4585 ehcet,
1094 4517 1122 4569 et
1137 4516 1166 4569 in
1189 4518 1215 4569 te
1231 4515 1364 4586 finiatur3
1380 4531 1558 4588 quocunque
1573 4522 1718 4589 evagetur
1731 4516 1769 4570 ad
1788 4519 1813 4571 tc

127 4603 230 4678 Equus
255 4603 342 4658 nobis
370 4601 513 4656 exactiori
541 4601 693 4674 diligentia
719 4603 923 4674 perquiratur,
978 4602 1813 4676 revocaveriseamcumsalutisfructu.Sumeexemplum

92 4710 181 4767 quem
196 4695 260 4765 ipsa
280 4691 468 4763 pulchritudo
489 4691 673 4746 commendet
697 4694 836 4762 aspectu,
858 4694 927 4763 post
978 4693 1146 4748 desummo
1168 4693 1298 4747 omnium
1313 4694 1409 4763 Patre,
1429 4693 1558 4748 Verbum
1584 4710 1672 4749 suum
1688 4697 1716 4750 et
1731 4694 1813 4749 emit-

94 4785 173 4839 omni
193 4783 265 4837 vitia
281 4783 437 4850 mundum,
454 4781 599 4850 inspectio
619 4780 748 4852 diligens
764 4781 926 4852 approbet,
978 4784 1057 4836 tente
1073 4785 1101 4837 et
1118 4781 1273 4836 retinente.
1293 4780 1424 4836 Verbum
1439 4785 1520 4837 tuum
1545 4786 1592 4838 est
1616 4781 1813 4838 consideratio

95 4870 206 4927 feratur
216 4886 269 4940 per
280 4871 408 4940 planum,
425 4885 480 4924 nec
491 4885 644 4924 sessorem
656 4869 927 4941 qualibetinaequa-
978 4873 1037 4941 tua,
1051 4871 1095 4925 sic
1106 4874 1191 4925 exeat
1200 4874 1231 4925 ut
1242 4874 1269 4925 te
1281 4886 1339 4925 non
1348 4871 1475 4927 deserat.
1495 4872 1530 4926 Et
1539 4872 1603 4927 haec
1613 4873 1662 4927 tua
1675 4871 1825 4927 conoide·

94 4960 175 5013 litate
187 4958 343 5028 concutiat,
361 4974 415 5012 nec
429 4958 609 5014 celeritatem
620 4959 748 5013 retardet
763 4959 927 5030 aequalitas.
979 4961 1053 5014 ratio
1073 4960 1104 5014 iu
1118 4959 1173 5014 tria
1197 4959 1346 5028 dividitur,
1372 4960 1414 5013 uti
1431 4960 1605 5016 consideres
1628 4962 1711 5032 quid,
1737 4960 1813 5033 quis,

96 5047 159 5104 Nec
174 5062 228 5117 pes
242 5046 341 5117 aliquo
357 5062 498 5101 reversus
513 5063 642 5118 unquam
662 5048 773 5118 cespite
790 5046 927 5105 offendat.
981 5048 1111 5120 etqualis
1119 5049 1172 5119 sis,
1186 5063 1274 5120 quam
1283 5047 1470 5120 benignuset
1478 5054 1651 5105 mansuetus
1662 5051 1690 5104 ct
1699 5049 1814 5105 similia.

97 5136 165 5194 Ncn
179 5136 219 5190 sit
234 5151 308 5206 opus
325 5150 391 5189 eum
411 5137 458 5190 vel
482 5135 566 5190 freno
593 5136 741 5207 cohibere,
758 5137 805 5191 vel
820 5153 929 5209 urgere
982 5138 1076 5191 Homo
1097 5136 1182 5207 juxta
1209 5136 1404 5206 philosophos
1430 5141 1477 5191 est
1501 5137 1608 5192 animal
1631 5137 1775 5193 rationale
1790 5137 1817 5192 et

100 5225 276 5296 calcaribus,
294 5224 344 5295 qui
362 5227 442 5278 tanta
459 5223 597 5278 facilitate
613 5225 734 5279 cuilibet
749 5227 932 5297 mancipetur
982 5226 1115 5280 mortale.
1128 5224 1264 5280 Haacduo
1276 5224 1486 5296 consideranti,
1499 5225 1708 5282 istibifructns
1719 5240 1820 5283 occur.

99 5315 255 5389 obsequio,
271 5317 303 5368 ut
327 5328 442 5367 omnem
463 5312 595 5366 sessoris
620 5313 774 5384 explorare
798 5315 933 5372 videatur
982 5316 1030 5384 rit,
1042 5317 1075 5369 ut
1091 5312 1213 5369 mortale
1224 5313 1303 5385 quod
1323 5315 1352 5367 in
1363 5317 1391 5368 te
1403 5318 1450 5368 est
1468 5316 1609 5370 rationale
1621 5314 1774 5385 humiliet3
1791 5318 1818 5371 et

101 5406 247 5464 allectum.
272 5403 405 5472 Denique
419 5403 498 5454 tanta
521 5416 688 5472 progessus
707 5402 774 5474 ejus
789 5405 933 5460 suavitate
984 5419 1091 5459 rursus
1106 5401 1249 5457 rationale
1263 5401 1386 5458 mortale
1401 5401 1546 5458 confortet
1563 5405 1611 5458 :et
1622 5407 1760 5460 neutrum
1775 5417 1821 5460 ns·

100 5495 291 5569 procedat,ut
305 5491 356 5564 qui
364 5490 472 5544 insidet
488 5505 546 5543 non
555 5489 692 5545 incedere
704 5491 756 5545 sed
766 5490 824 5546 labi
835 5493 935 5549 videa·
986 5493 1116 5566 plectum
1126 5491 1181 5547 erit
1190 5491 1540 5563 bonnm.Circumspecte
1552 5493 1740 5549 considerato
1751 5490 1821 5568 quid

103 5586 162 5668 tur,
177 5597 237 5642 non
252 5596 287 5640 se
301 5583 360 5641 tam
375 5593 451 5653 equo
466 5575 544 5651 vehi,
559 5591 646 5649 qnam
660 5578 795 5636 navicula
808 5581 936 5641 subvehi
988 5584 1043 5658 sis,
1056 5585 1159 5638 natura
1169 5581 1298 5638 occurrit
1309 5596 1409 5658 quaes
1419 5581 1822 5662 hochecuuctantiquisf
