3796 6022
80 293 159 361 1107
512 294 735 360 APPENDIX
755 293 814 357 ΑΙ)
839 293 1000 359 UGONIS
1024 292 1168 359 OPERA
1192 291 1386 359 MYsrlct.

1736 292 1818 361 1108

82 503 112 556 et
127 512 246 571 organo.
262 495 387 553 Chordae
401 496 560 569 designant
577 495 712 551 virtutes.
727 494 864 564 Chordis,
881 498 913 551 ut
929 477 1029 566 Ater,
1047 496 1216 552 charissimi
1233 496 1332 567 nobis,
1348 496 1502 553 laudemus
1519 495 1679 552 Dominum
1691 496 1724 551 in
1742 511 1815 552 sono

81 603 189 643 sonum
203 586 336 656 reddant,
351 585 549 640 extenduntur
561 601 568 654 3
585 585 720 654 virtutes,
739 587 770 640 ut
785 584 913 641 tructam
974 585 1060 655 tubae,
1073 588 1104 640 ut
1115 586 1288 655 dictumest,
1300 586 1611 657 perpraedicationem,
1623 584 1812 658 inpsalterio

82 675 244 745 conterant,
260 677 446 730 exercentur.
466 673 650 729 Chordarum
672 674 763 746 igitur
778 675 913 729 extensio
971 690 1025 745 per
1035 674 1319 746 contemplationem,
1332 675 1363 728 iu
1375 675 1490 730 cithara
1501 690 1556 745 per
1573 675 1684 731 bonam
1700 690 1808 747 opera-

81 765 222 819 virtutum
237 766 285 818 est
298 763 479 834 exercitatio,
496 778 590 818 sonus
606 763 783 818 chordarum
804 763 916 818 utilitas
972 764 1092 819 tionem.
1109 763 1278 819 Laudemus
1294 779 1360 818 eum
1376 763 1407 818 in
1424 769 1561 836 tympano
1583 778 1638 835 per
1652 763 1808 819 abstinen-

81 854 233 911 virtutum.
250 853 283 908 In
298 852 418 908 chordis
429 853 523 908 Deum
530 852 649 908 laudant
660 852 828 923 quicunque
837 855 916 907 recte
972 852 1052 922 tiam,
1064 853 1195 908 inchoro
1210 868 1263 923 par
1278 852 1477 908 concordiam.
1504 852 1674 908 Laudemus
1700 869 1770 908 eum
1784 854 1812 908 iu

82 943 210 999 vivendo
226 943 339 998 sanctis
348 942 506 997 virtutihus
518 958 585 996 eum
596 942 749 1011 honorant,
762 944 790 996 et
801 941 918 995 illorum
974 941 1106 1010 chordis,
1123 942 1248 997 virtutes
1257 942 1706 1012 innobismetipsisexercendo,
1720 943 1752 995 in
1764 958 1812 996 or-

84 1032 203 1089 ehordae
213 1031 400 1087 concorditer
410 1034 526 1100 sonant,
537 1046 663 1103 quorum
673 1030 918 1100 virtutesndpro-
973 1028 1059 1103 ¹pauo,
1080 1031 1156 1086 elios
1182 1031 1307 1102 spiritali
1331 1031 1465 1086 doctrina
1488 1031 1525 1085 ad
1549 1030 1680 1085 divinam
1695 1030 1812 1086 laudem

83 1121 237 1178 terendam
252 1120 429 1176 laudabilem
442 1117 587 1191 justitiam
599 1119 785 1174 uniformiter
796 1135 919 1174 concor·
974 1120 1185 1190 praemonando
1196 1120 1429 1191 etprovocando.
1438 1120 1721 1175 Laudemuseumin
1731 1136 1812 1193 cym-

84 1212 164 1267 dant.
182 1209 244 1266 illas
262 1225 380 1282 quoque
405 1208 529 1263 virtutes
555 1208 632 1263 clare
654 1223 761 1262 sonum
781 1207 917 1277 reddunt,
973 1207 1811 1265 belisbenesonantibnsinvicemnosadmelioracommo

84 1317 152 1372 quae
168 1300 204 1355 ab
221 1298 301 1355 omni
311 1297 481 1353 humiditate
493 1296 612 1351 siccatae
624 1300 704 1366 sunt,
717 1297 785 1369 quia
794 1297 919 1352 virtutes
975 1298 1081 1353 nendo.
1093 1297 1479 1371 lucymbalisjubilationis,
1488 1296 1808 1369 ejussempcrlaudem

84 1390 143 1445 illae
159 1388 292 1444 suaviter
305 1388 366 1442 Deo
382 1389 498 1453 sonent,
515 1402 581 1456 qum
605 1386 744 1440 vitiorum
768 1386 847 1440 fluxa
861 1403 920 1441 non
977 1387 1088 1442 nostris
1099 1386 1187 1443 labiis
1199 1388 1392 1442 concinendo.
1411 1387 1590 1456 Laudemus,
1605 1387 1741 1458 inquam,
1754 1387 1811 1442 Do·

85 1475 401 1534 humectant.Chordae
425 1475 552 1547 denique
577 1475 696 1530 minime
719 1479 835 1545 sonant,
862 1475 920 1530 nisi
977 1477 1099 1546 minum,
1112 1476 1180 1548 quia
1191 1476 1321 1547 speciale
1332 1475 1419 1531 nobis
1432 1478 1478 1530 est
1488 1475 1634 1530 canticum
1651 1476 1813 1548 singularis

84 1567 254 1639 tangantur,
267 1563 335 1635 quin
346 1563 470 1619 virtutos
479 1579 664 1636 nequaquam
676 1563 853 1634 clarescunt,
862 1565 922 1619 nisi
977 1565 1088 1635 laetitia,
1107 1565 1172 1621 laus
1192 1565 1300 1620 divina.
1319 1565 1488 1620 Laudemus
1510 1564 1679 1634 Dominum,
1705 1565 1775 1636 quia
1790 1565 1813 1619 si

86 1655 171 1727 prius
181 1652 409 1708 adversantibus
419 1655 623 1707 exerceantur.
634 1653 732 1707 Sonus
744 1653 922 1708 chordarum
978 1654 1217 1725 cumlaudamus,
1228 1654 1467 1724 sicutdcbemus,
1481 1654 1729 1726 erimuspopulus
1739 1654 1812 1725 ejus,

87 1743 254 1812 roboratur,
271 1744 299 1796 et
314 1741 457 1796 formatur
472 1757 508 1796 ex
519 1742 684 1814 propinqua
696 1742 753 1797 sibi
765 1743 838 1814 ligni
851 1760 922 1798 con·
979 1744 1015 1798 de
1026 1760 1084 1814 quo
1101 1742 1189 1798 dicit:
1201 1742 1344 1815 Populum
1360 1743 1449 1798 istum
1459 1740 1589 1798 formari
1602 1743 1688 1813 mibi,
1701 1742 1813 1799 laudem

88 1832 233 1902 cavitata;
254 1831 394 1885 virtutum
418 1845 488 1885 vcro
508 1829 625 1885 bonitas
650 1832 871 1886 commendatur
885 1848 922 1887 ex
939 1804 964 1867 Β
980 1848 1074 1887 meam
1091 1833 1228 1888 narrabit
1243 1832 1313 1903 (lsa.
1339 1834 1431 1902 auru).
1456 1831 1625 1887 Laudemus
1648 1832 1813 1901 Dominum,

88 1918 506 1988 internaetlatanteoperantis
525 1918 696 1975 intentione.
719 1919 869 1993 Organum
878 1924 924 1975 cst
981 1923 1049 1994 quia
1059 1922 1237 1976 sacritlcium
1248 1921 1345 1976 laudis
1355 1921 1530 1976 honorificat
1541 1936 1608 1976 eum
1620 1937 1627 1991 3
1639 1923 1669 1975 et
1678 1921 1741 1975 illic
1753 1921 1813 1990 iter,

89 2009 175 2083 quasi
189 2009 280 2065 turris
296 2008 405 2063 fistulis
421 2007 550 2062 diversis
570 2007 727 2078 fabricata3
752 2010 832 2082 quod
855 2010 925 2065 flatu
980 2027 1039 2083 quo
1054 2010 1189 2066 ostendet
1197 2010 1284 2065 nobis
1293 2010 1421 2065 salutare
1429 2026 1516 2065 suum
1527 2009 1622 2079 (Psal.
1635 2011 1730 2080 χιιι).
1739 2009 1813 2064 Lau·

88 2096 923 2169 lolliumsonat.Quiditaquepertolles,nisipertectiores
981 2100 1085 2155 demus
1101 2099 1267 2169 Dominum,
1280 2115 1368 2171 quem
1382 2103 1458 2155 teste
1473 2098 1625 2169 Scriptura
1641 2103 1751 2153 cuncta
1765 2115 1814 2153 sua

88 2189 227 2244 doctores
244 2187 368 2258 spiritali
385 2186 518 2241 doctrina
535 2187 674 2257 repletos,
685 2187 756 2258 quid
771 2189 857 2242 etiam
872 2204 925 2258 per
977 2189 1099 2246 laudant
1114 2205 1214 2260 opera,
1231 2191 1409 2243 nontantum
1422 2190 1551 2257 sensata,
1563 2187 1617 2242 sed
1627 2187 1815 2243 etinsensata

90 2292 235 2350 organum
249 2277 371 2345 rectius,
393 2291 481 2347 quam
505 2275 684 2331 audientium
709 2276 924 2347 discipulorum
980 2282 1009 2334 et
1030 2278 1225 2334 insensibilia.
1246 2277 1281 2332 Et
1305 2276 1444 2350 quoniam
1457 2292 1516 2331 non
1534 2277 1631 2331 omnia
1654 2292 1816 2347 possumus

90 2370 199 2423 coetum
213 2365 417 2438 intelligimus.
434 2366 492 2419 Per
507 2364 595 2420 tolles
615 2381 761 2438 organum
775 2367 923 2437 impletur,
983 2383 1097 2437 omnes,
1115 2370 1144 2423 ct
1157 2367 1364 2439 unusquisque
1380 2381 1467 2421 suum
1482 2365 1592 2420 donum
1608 2364 1698 2421 habet
1713 2382 1730 2420 a
1746 2366 1815 2436 Deo,

89 2459 122 2512 ut
134 2472 188 2528 per
201 2471 273 2511 suas
288 2454 404 2510 listulas
420 2470 527 2510 sonum
542 2454 654 2524 reddat,
676 2459 705 2510 et
718 2471 772 2527 par
785 2456 924 2510 doctores
983 2456 1189 2528 unusquisque
1211 2459 1347 2511 nostrum
1369 2455 1398 2509 in
1422 2470 1480 2527 quo
1500 2470 1534 2509 se
1557 2454 1639 2509 velut
1659 2455 1818 2526 specialem

90 2546 201 2618 Spiritu
216 2547 319 2600 sancto
329 2544 435 2615 plenos
446 2543 660 2615 discipulorum
669 2559 783 2599 cuneus
792 2544 926 2600 doctrina
982 2545 1237 2618 agnoseithabere
1246 2544 1381 2617 gratiam,
1391 2545 1421 2598 in
1432 2559 1467 2599 co
1477 2543 1818 2614 excellenteroperando

91 2633 216 2706 spiritali
225 2633 410 2704 adimpletur,
421 2635 514 2703 utper
524 2647 597 2687 suos
608 2647 729 2702 sensus,
739 2636 768 2686 et
783 2633 924 2703 mambra,
982 2634 1389 2690 tandemdecantetdivinam.
1402 2633 1568 2688 Laudemus
1577 2647 1650 2700 crgo
1663 2633 1819 2689 Dominum

90 2723 138 2780 vel
152 2727 232 2780 certe
246 2724 382 2792 virtutes,
409 2725 438 2778 et
461 2737 550 2792 opera
573 2720 689 2777 laudem
713 2723 774 2776 Deo
789 2720 875 2776 dicet.
893 2723 926 2777 ln
983 2724 1125 2793 universi,
1141 2723 1295 2779 laudemus
1314 2739 1380 2778 eum
1405 2721 1528 2794 singuli.
1554 2721 1726 2778 Laudemus
1753 2738 1817 2778 eum

91 2813 304 2887 organoigitur
317 2828 335 2867 a
350 2811 437 2867 nobis
448 2812 528 2866 Deus
537 2810 682 2880 laudatur,
694 2811 763 2865 dum
773 2810 802 2865 in
813 2812 926 2866 nostris
983 2811 1815 2882 moribuslaudemuscumsuperterramcumhominibus

91 2902 320 2973 auditoribus,et
328 2918 366 2957 cx
376 2903 478 2956 nostra
489 2899 613 2971 spiritali
621 2900 753 2955 doctrina
760 2916 813 2971 per
824 2916 926 2956 corum
980 2901 1073 2974 justis
1084 2901 1114 2956 in
1129 2905 1271 2972 tempore,
1281 2899 1652 2970 laudemuseumrocibus,
1663 2902 1695 2954 ut
1706 2900 1818 2955 meritis

89 2993 199 3050 bonam
207 2992 463 3049 conversationem
471 2990 663 3064 glorificatur.
672 2989 758 3044 Etsic
768 2990 925 3062 implemus
984 2995 1013 3046 et
1027 2991 1167 3062 precibus
1183 2995 1364 3060 sanctorum,
1375 3005 1501 3063 quorum
1511 2988 1599 3044 hodie
1610 2988 1759 3044 solemnia
1773 3005 1818 3043 ce·

90 3085 170 3155 quod
185 3084 329 3155 scriptum
345 3086 412 3138 est:
430 3082 463 3136 ln
479 3080 627 3136 doctrinis
641 3078 809 3152 glorificate
823 3080 925 3135 Domi·
946 3080 1145 3161 clebramus,
1172 3096 1263 3151 super
1292 3080 1399 3135 coelum
1423 3095 1491 3134 cum
1518 3077 1638 3133 laudaro
1654 3093 1821 3134 mereamur

91 3172 238 3244 num(lsa.
255 3173 349 3241 xxiv).
366 3170 450 3236 Quod
473 3169 612 3225 videlieet
633 3183 777 3241 organum
801 3168 925 3223 termam
986 3186 1052 3224 cum
1068 3169 1184 3241 angelis
1200 3169 1231 3223 in
1254 3169 1426 3224 aeternitate.
1457 3167 1541 3233 Quod
1565 3166 1654 3222 nobis
1677 3171 1818 3238 praestare

91 3261 180 3317 habet
194 3261 296 3331 turris,
312 3258 600 3333 quiadiscipulorum
611 3256 696 3311 turba
705 3273 824 3328 semper
839 3258 927 3313 debet
985 3261 1124 3331 dignetur
1137 3258 1228 3314 tosus
1244 3258 1381 3314 Christus
1406 3258 1549 3312 Dominus
1571 3257 1686 3327 noster,
1709 3257 1762 3328 qui
1778 3257 1821 3312 est

92 3366 162 3406 asse
176 3350 274 3420 tortis,
286 3353 315 3404 et
328 3348 466 3404 sublimis
480 3348 517 3402 ad
532 3346 733 3402 resistendum
743 3346 882 3401 inimicis.
895 3347 928 3400 ln
985 3347 1065 3402 Deus
1081 3347 1258 3402 benedictus
1273 3347 1303 3401 in
1319 3347 1440 3402 saecula.
1458 3348 1561 3400 Amen.

93 3439 215 3494 chordis
224 3452 297 3510 ergo
308 3437 466 3492 Dominum
474 3433 716 3504 laudamuS,dum
725 3434 755 3488 in
766 3434 927 3491 nobismet·
1271 3435 1400 3492 SERMO
1415 3434 1533 3491 vau.

93 3526 169 3597 ipsis
179 3526 304 3581 virtutes
319 3539 510 3593 exercemus,
525 3523 556 3578 in
571 3537 683 3594 organo
698 3523 768 3577 dum
783 3522 859 3577 alios
871 3523 928 3578 hoe
985 3525 1029 3582 De
1046 3532 1169 3599 quatuor
1183 3541 1285 3598 recum
1295 3525 1442 3581 adversus
1453 3525 1578 3598 quinque
1589 3539 1682 3596 reges
1689 3539 1821 3598 puguan-

92 3615 140 3670 val
156 3615 347 3671 illomodoad
358 3614 475 3670 laudem
489 3611 544 3668 Dei
559 3627 779 3683 promovemus.
796 3612 929 3668 Laudato
1285 3616 1356 3670 tium
1365 3613 1519 3687 allegoria.

94 3720 158 3762 eum
173 3705 205 3761 ln
220 3703 366 3779 cymbalis
380 3700 659 3783 benesonantibus,
682 3700 801 3756 landate
822 3717 886 3756 eum
898 3701 929 3755 in
1021 3704 1142 3760 Factum
1158 3709 1203 3760 est
1221 3703 1493 3783 ut'Amraphelrer
1501 3701 1649 3770 Sennaar,
1663 3707 1693 3757 et
1707 3700 1820 3758 Ariocb

94 3794 240 3868 cymbalis
248 3794 451 3870 jubilationis.
461 3791 600 3864 Cymbala
611 3789 738 3846 invicem
747 3805 781 3845 se
791 3793 927 3863 tangunt,
986 3811 1044 3850 ren
1054 3793 1153 3865 Ponti,
1167 3799 1197 3849 et
1207 3792 1477 3849 Chordorlalromor
1493 3808 1552 3847 rer
1566 3790 1776 3861 Elamitarum,
1794 3797 1823 3846 et

94 3885 175 3940 etsic
185 3900 293 3942 sonum
303 3885 447 3954 reddunt3
460 3869 672 3954 etsigniticant
687 3879 829 3934 vicarium
841 3880 932 3935 hone
991 3883 1103 3940 Thadal
1111 3900 1169 3938 rex
1184 3882 1330 3949 Gentium,
1347 3882 1462 3936 inirent
1476 3881 1586 3936 bellum
1613 3886 1716 3936 contra
1744 3881 1819 3936 Basa

92 3989 158 4029 rem
172 3989 230 4046 quc
241 3989 275 4030 sa
290 3974 417 4029 invicem
429 3972 503 4044 justi
524 3969 709 4042 praeveniunt
732 3969 768 4023 ud
785 3969 928 4024 alternam
986 3989 1088 4046 repam
1100 3973 1301 4042 Sodomorum,
1319 3978 1349 4026 et
1361 3977 1464 4026 contra
1475 3970 1572 4026 Barsa
1584 3986 1689 4042 regem
1706 3969 1820 4026 Gomor-

93 4061 327 4117 exhortationem
339 4078 395 4134 qua
407 4077 440 4117 se
452 4060 579 4115 invicem
588 4058 755 4127 admonent,
765 4062 798 4112 ut
812 4073 931 4128 semper
986 4060 1465 4132 rhoe,etcoutraSemebcrrepcm
1473 4058 1820 4129 Sebor'm,ctcontraSen·

93 4150 201 4207 melius
211 4153 379 4223 operantur,
393 4153 421 4206 et
429 4164 548 4220 semper
557 4146 927 4202 devotiuslleumlaudent.
987 4150 1172 4223 naabrepem
1181 4151 1468 4221 Adauuccoutraque
1483 4164 1586 4221 rapam
1596 4147 1689 4215 Balar,
1700 4150 1765 4220 ipsa
1777 4153 1818 4203 est

94 4239 131 4296 Et
142 4241 178 4296 de
186 4240 234 4297 his
243 4240 398 4312 cymbalis
411 4240 440 4296 et
448 4239 485 4294 de
501 4235 763 4307 compercussione
779 4235 843 4289 sive
860 4250 929 4289 0011·
986 4240 1178 4313 Segorttleu.
1189 4237 1629 4310 xiv).Quatuorsuperiusdicti
1647 4253 1740 4310 reges
1755 4239 1821 4293 sunt

95 4330 230 4385 sonantia
244 4344 347 4385 earum
355 4329 460 4384 beatus
471 4325 582 4384 Paulus
591 4325 636 4379 sic
645 4322 714 4377 dicit
727 4338 732 4377 ἱ
744 4322 929 4378 Charitatem
986 4330 1119 4385 universi
1135 4330 1296 4397 doemcneS,
1313 4329 1372 4399 qui¹
1386 4327 1498 4382 idcirco
1527 4329 1654 4397 quatuor
1674 4342 1745 4382 esse
1766 4326 1820 4381 dici

95 4417 302 4476 fraternitatis
315 4419 445 4474 invicem
461 4415 625 4488 diligentes
643 4432 651 4466 .·
666 4412 778 4467 bonore
799 4413 928 4467 luricam
945 4418 972 4481 1)
986 4422 1123 4491 possunt,
1140 4419 1207 4491 quia
1222 4420 1375 4490 aquatuor
1390 4416 1486 4472 ventis
1498 4416 1585 4471 nohis
1598 4416 1761 4487 incurrent,
1774 4415 1818 4470 vel

90 4502 720 4583 proeveulontcsfflom.111).Etilem:C01‘ltls
730 4501 929 4570 suru,fral1·cs
986 4510 1054 4582 quia
1070 4511 1196 4581 quatuor
1205 4507 1384 4578 principales
1395 4506 1520 4561 virtutes
1531 4505 1561 4559 in
1572 4504 1660 4561 nobis
1672 4504 1818 4561 debellare

94 4598 399 4672 metaerqoipsede
412 4596 506 4658 vobis,
518 4594 688 4668 quonitmel
702 4589 931 4662 ipslltlwlestls
987 4598 1176 4653 contendunt.
1194 4596 1239 4652 Ex
1262 4596 1372 4668 quibus
1393 4594 1657 4665 chodorlahomor,
1675 4594 1727 4665 qui
1748 4595 1821 4649 inter

95 4687 378 4760 dilectione,repleti
385 4683 607 4749 omniscientis,
616 4681 694 4735 itaut
704 4678 830 4750 possitis
839 4678 931 4734 altar-

97 4782 193 4832 utrum
203 4775 485 4846 moneretllom.xr).
499 4772 535 4828 Et
545 4773 610 4827 hacc
620 4771 690 4826 sunt
705 4767 839 4839 cymbala
853 4768 929 4823 bene

95 4868 241 4936 sonantia,
258 4867 362 4922 sancta
376 4864 514 4921 videlicet
538 4863 707 4917 sanctorum
723 4857 760 4912 ad
777 4857 929 4913 meliorem

94 4955 316 5026 provectionem
330 4954 444 5009 alterna
456 4952 577 5008 monita.
589 4947 729 5021 Cymbala
739 4961 811 5002 vero
824 4945 931 5017 jubila·

95 5044 185 5100 tionis
200 5048 280 5100 recte
295 5043 373 5098 labin
387 5045 489 5099 nostra
503 5044 581 5108 sunt,
593 5055 659 5112 quae
670 5038 783 5092 dumse
801 5035 929 5090 invicem

93 5135 125 5191 in
140 5134 286 5190 laudando
302 5133 395 5189 Deum
408 5132 586 5204 percutiunt,
601 5124 785 5201 jubilationis
801 5122 868 5195 ejus
882 5123 929 5195 ju-

95 5225 190 5282 cunda
197 5223 329 5279 suaviter
338 5224 485 5294 promunt.
493 5219 547 5275 Est
555 5215 771 5288 autemjubilus
781 5211 929 5268 ineffabile

94 5315 246 5389 gaudium,
258 5313 338 5385 quod
348 5327 403 5367 nce
414 5309 505 5365 taceri
514 5310 622 5380 potest,
633 5322 687 5361 nec
704 5302 829 5374 exprimi
839 5301 928 5368 valet,

94 5405 172 5476 quod
185 5402 321 5459 Ecclesia
331 5402 361 5456 in
370 5395 748 5471 praecipuistestivitatibus
759 5407 929 5462 repraesen-

93 5480 929 5560 tatcircaeamdemsyllabamvnriaslormaudomelodias

92 5585 124 5636 ut
134 5581 163 5636 in
174 5580 270 5634 Natali
281 5578 398 5634 Domini
407 5578 540 5631 cantatur
550 5577 688 5644 tauquam
699 5585 830 5641 sponsus
842 5569 930 5639 quasi

93 5668 265 5725 nonvalens
277 5668 384 5723 mentis
401 5665 566 5739 exprimere
582 5658 861 5719 hilaritatemNuao
872 5656 927 5729 igi-

986 4688 1061 4743 alins
1077 4688 1125 4759 qui
1143 4688 1229 4758 caput
1251 4689 1279 4740 et
1302 4685 1442 4756 princeps
1462 4684 1565 4752 extitit,
1589 4686 1618 4738 ct
1640 4682 1732 4754 cujus
1753 4683 1820 4738 bclli

987 4792 1076 4832 causa
1091 4775 1292 4847 principaliter
1307 4774 1371 4842 tuit,
1389 4773 1538 4828 diabolum
1564 4763 1760 4843 singulariter
1773 4788 1820 4825 cx-

986 4866 1094 4938 primii,
1102 4865 1152 4938 qui
1162 4863 1473 4934 interuliosmnlignos
1482 4861 1821 4932 spiritusimpugncndis

986 4948 1822 5027 velexpuguandiscredentibusprincipatumgerit.Cho·

986 5040 1269 5114 dorlahomorqunsi
1286 5040 1436 5113 generatio
1452 5038 1604 5109 manipuli,
1622 5038 1822 5109 velquaside·

987 5150 1089 5191 cerum
1105 5131 1286 5202 manipulum
1297 5131 1515 5201 interpretatur,
1532 5127 1600 5199 quia
1616 5127 1755 5182 diabolus
1766 5143 1822 5182 mn·

987 5225 1082 5280 lerum
1098 5222 1284 5277 collationem
1300 5218 1385 5290 quasi
1401 5220 1533 5290 generat,
1547 5215 1616 5270 dum
1633 5231 1686 5271 eos
1703 5217 1733 5270 in
1749 5216 1823 5270 malo

988 5315 1053 5368 suis
1068 5312 1169 5384 pravis
1184 5307 1434 5383 suggestionibus
1448 5308 1597 5378 procreat;
1608 5305 1823 5362 etvelutdeco·

987 5418 1052 5457 rum
1067 5399 1247 5469 manipulum
1257 5414 1344 5452 manu
1360 5395 1450 5465 vehit,
1463 5392 1713 5450 dumillostallaci
1725 5394 1824 5449 mundi

987 5492 1078 5564 hujus
1093 5488 1310 5560 pulchritudine
1326 5487 1481 5558 decoratos
1504 5483 1541 5537 ad
1556 5486 1701 5538 tormenta
1717 5487 1821 5553 portat.

987 5581 1054 5653 lpsc
1070 5582 1115 5634 cst
1131 5594 1184 5632 rex
1200 5576 1398 5631 Etamiturum.
1418 5573 1499 5627 Elam
1516 5573 1824 5643 interpretaturscccu·

987 5670 1045 5727 lum
1059 5668 1106 5723 vel
1122 5666 1216 5735 orbis,
1233 5669 1262 5720 ct
1273 5656 1423 5737 siguificat
1437 5661 1660 5718 universitatem
1670 5661 1824 5721 hominum
