3796 6022
115 307 176 372 639

496 308 715 375 xrrnunrx
737 312 794 373 xo
819 301 1010 375 nonoris
1033 281 1175 374 ornus
1197 298 1461 375 noeuxrrcx.

1779 310 1842 376 640

116 507 180 563 Trr.
192 509 244 565 IX.
276 511 319 565 De
334 511 520 582 septemplici
536 510 618 582 lepra
633 511 785 584 supcrhioe
804 512 946 565 hrrnmnm.
965 493 991 554 A
1010 514 1151 579 securus;
1168 511 1193 564 si
1218 513 1417 582 paupertatem
1433 511 1544 585 diligis,
1562 511 1589 566 si
1602 512 1680 566 inter
1693 526 1839 583 pauperes

153 598 273 653 Eliseus
304 600 434 653 Naaman
465 600 615 670 leprosum
645 600 756 671 septies
777 599 806 653 in
822 599 950 654 dordone

119 686 215 758 mergi
231 688 370 756 praecepit
385 688 414 756 (l
420 688 449 742 V.
469 689 541 759 llep.
559 689 599 758 v).
620 688 855 758 septempliciter
874 686 953 740 enim

121 780 245 846 occupet
260 792 315 830 nos
327 775 406 846 lepra
419 777 567 846 superbire
581 793 587 831 :
605 779 634 831 in
643 777 819 847 proprietate
828 790 953 845 posses-

122 864 250 933 sionum,
268 864 297 918 in
314 865 409 936 gloria
427 868 565 935 vestium,
583 866 611 920 in
626 867 774 935 voluptate
786 880 953 935 corporum,

122 953 153 1007 in
169 969 220 1007 ore
231 954 397 1024 dupliciter,
410 955 439 1008 in
448 956 537 1009 corde
548 955 713 1025 dupliciter.
730 962 751 1008 Α
762 957 855 1026 prima
866 956 956 1026 igitur

123 1058 179 1113 qun
196 1042 302 1095 divites
319 1043 542 1097 essevolumus
558 1044 587 1096 in
603 1044 659 1098 hoe
675 1043 786 1097 saeculo
798 1044 955 1097 mundatur

122 1130 152 1184 in
168 1131 262 1199 primo
278 1130 427 1185 descensu
443 1132 592 1201 iordanis,
609 1133 657 1203 qui
679 1133 847 1186 descensus
863 1133 955 1186 inter-

124 1221 265 1289 pretatur.
295 1220 326 1273 ln
355 1220 552 1275 descensione
578 1220 654 1274 enim
685 1221 806 1288 Christi,
828 1220 857 1273 id
872 1219 958 1274 estin

125 1306 288 1362 humilitate
299 1309 536 1363 conversationis
548 1308 626 1381 eine,
638 1325 695 1380 qua
705 1326 772 1363 cum
783 1312 864 1363 esset
873 1309 958 1362 dives

124 1394 222 1450 tactus
238 1401 284 1450 est
298 1413 418 1467 pauper,
435 1398 461 1451 si
477 1399 545 1468 quis
560 1414 678 1452 mersus
700 1399 805 1452 viderit
821 1397 958 1468 quoditie

126 1499 185 1538 non
200 1485 302 1539 habuit
323 1486 372 1540 uhi
388 1489 475 1556 caput
498 1487 663 1556 reclinaret,
681 1488 798 1558 quantm
813 1489 959 1558 quoereret

125 1572 244 1626 divitias
259 1574 363 1629 saeculi
379 1574 479 1645 hujus.
494 1579 517 1629 A
534 1575 664 1630 secunda
679 1577 759 1646 lepra
771 1592 838 1647 quae
850 1578 959 1629 estve·

126 1661 225 1730 stium,
244 1662 273 1715 in
284 1679 341 1733 que
358 1679 473 1717 omnem
489 1680 662 1735 pomposam
684 1664 785 1718 saecuti
802 1664 960 1717 vanitatem

126 1749 959 1821 intelligimus,inlordanisemersionemmundamur,ubi

126 1837 294 1893 invenimus
309 1839 458 1894 tthristum
474 1841 583 1895 vilibus
595 1842 701 1911 pannis
716 1841 889 1906 involutum,
898 1840 958 1894 tac·

126 1930 187 1981 tum
217 1929 408 1998 opprobrium
432 1930 583 1984 hominum
599 1933 627 1984 ct
641 1929 837 2000 abjectionem
849 1929 956 1999 plebis,

37 2011 40 2015 ’
127 2018 151 2068 h
168 2017 252 2070 tertia
268 2033 334 2087 quae
350 2022 395 2071 est
406 2018 641 2088 corporislepra,
658 2019 834 2072 mundamur
847 2019 877 2072 in
893 2018 959 2088 ipso

126 2104 265 2174 iordane,
279 2107 304 2159 si
316 2106 391 2161 bene
405 2109 569 2178 cogitantes
583 2106 763 2161 Domihicam
775 2107 956 2177 passionom,

127 2193 334 2248 erubescimus
350 2196 435 2266 sequi
448 2196 582 2266 corporis
599 2199 786 2266 voluptutem.
805 2198 829 2249 Α
850 2195 960 2265 duplici

127 2279 209 2350 lepra
225 2282 297 2351 oriS,
310 2299 377 2353 quae
393 2288 438 2337 est
453 2288 555 2353 quarta
572 2288 599 2338 et
609 2284 720 2354 quinta,
734 2300 800 2354 quae
812 2285 841 2337 in
853 2284 960 2338 edver-

128 2369 172 2423 sis
189 2373 348 2425 murmuris
365 2372 488 2425 verbum
503 2377 640 2442 tunquam
656 2372 745 2441 leprae
762 2373 875 2426 saniem
890 2372 960 2425 edu-

76 2480 88 2493 -
129 2457 235 2526 eimuS,
253 2464 281 2512 et
296 2459 326 2512 in
341 2462 495 2529 prosperis
508 2460 658 2530 jactantiae
689 2460 805 2528 metum,
823 2465 959 2530 tunquam

127 2545 249 2600 alterius
261 2546 351 2616 lcprre
367 2549 549 2617 putredinem
562 2548 774 2617 contrahimus,
786 2550 816 2601 in
831 2548 960 2602 dordone

127 2635 217 2688 mersi
234 2637 418 2704 mundamur,
437 2653 501 2691 cnm
519 2638 599 2690 illum
628 2637 805 2691 attendimus
821 2639 871 2708 qui
893 2654 959 2691 eum

128 2724 961 2798 tauquemovisndoccisionemducereturuonaperuitos

128 2828 210 2866 surim
226 2812 296 2880 (lsn.
313 2817 383 2884 mn).
410 2815 444 2868 1⁴31
460 2815 607 2869 imitamur
622 2831 688 2870 eum
704 2817 753 2886 qui
770 2831 828 2870 non
842 2830 960 2886 quaere-

126 2903 176 2956 bot
191 2903 315 2975 gloriam
336 2920 419 2958 snam
435 2905 531 2972 (dean.
549 2906 622 2974 vni).
640 2905 724 2959 Unde
736 2909 763 2959 et
774 2904 960 2959 daernonibus

128 2992 290 3062 imperabat
305 3008 341 3047 ne
356 2993 451 3063 ipsum
469 2993 574 3048 Filium
605 2993 657 3047 Dei
671 2997 811 3048 vocarent
839 2992 958 3063 (lluttl.

1009 600 1222 654 extremitatem
1238 599 1348 673 diligis,
1360 601 1386 654 si
1397 600 1568 655 monasterii
1578 601 1759 656 subdituses
1775 599 1840 655 dici·

1009 688 1838 759 plinis,siminoremibipraeessetuleris,sitalsoslratres

1010 777 1338 846 aequanimiterpateris,
1346 778 1372 831 si
1380 777 1603 832 mansuetudine
1611 777 1715 832 vincas
1724 776 1839 848 cumja-

1010 863 1837 936 dicacissicharitatemrcpcndnsaquibusjustepaterisss

1012 954 1075 1007 Hoc
1087 955 1303 1008 estsecundum
1315 952 1494 1025 baptismum
1505 955 1534 1008 in
1547 969 1605 1025 qua
1618 953 1838 1025 impleturveri-

1011 1042 1153 1112 tatequcd
1174 1042 1202 1095 in
1217 1042 1304 1096 unico
1321 1042 1351 1096 ut
1364 1042 1475 1112 speeie,
1492 1042 1570 1113 quod
1590 1047 1714 1097 mortem
1734 1041 1838 1096 Christi

1013 1130 1106 1199 iterat,
1122 1130 1175 1184 scd
1185 1131 1437 1185 mortificationem
1453 1136 1481 1185 et
1496 1131 1676 1201 sepulturam
1689 1131 1839 1185 criminun

1014 1218 1169 1272 instaurat.
1191 1218 1245 1283 Qui
1259 1219 1288 1273 in
1303 1219 1360 1274 hoc
1375 1220 1498 1288 lavatur,
1515 1220 1680 1286 mundatur,
1694 1222 1726 1274 ut
1740 1220 1780 1274 sit
1795 1234 1840 1273 cor

1014 1311 1042 1362 et
1058 1324 1126 1362 caro
1140 1307 1207 1378 ejus
1223 1307 1301 1362 sicut
1314 1309 1397 1378 pueri
1412 1309 1527 1363 habens
1542 1309 1621 1363 intus
1648 1307 1840 1363 innocentiam

1015 1396 1131 1465 mentis,
1149 1398 1177 1451 et
1193 1396 1266 1451 loris
1282 1399 1436 1468 puritatem
1451 1399 1481 1452 in
1497 1397 1648 1452 membris.

1015 1521 1076 1575 Trr.
1092 1520 1143 1575 xl.
1153 1521 1195 1576 lle
1205 1521 1400 1593 mprotetione
1408 1521 1509 1577 Ezeclr
1519 1522 1640 1596 'aerepis
1648 1527 1677 1575 et
1685 1520 1752 1594 ejus
1761 1536 1840 1575 cure·

1327 1630 1407 1684 tione
1422 1629 1536 1684 morali.

1052 1752 1222 1824 AEgrotnvit
1236 1752 1386 1809 Ezechias
1399 1770 1488 1827 usque
1500 1753 1538 1809 ad
1548 1757 1681 1820 martem,
1695 1755 1752 1809 etc.
1766 1753 1841 1823 (lsai.

1016 1839 1151 1909 xxxvru).
1161 1837 1460 1912 AEgrotatEnechias‚
1474 1844 1542 1897 dum
1554 1843 1797 1914 quilibetpeceat.
1807 1842 1844 1896 hd

1016 1929 1444 2001 eumintratprophetaetdicit:
1456 1931 1601 1986 :ttorieris
1613 1937 1679 1986 tuet
1688 1948 1745 1986 uon
1755 1931 1842 1994 rives,

1017 2017 1244 2091 disponedomui
1252 2021 1436 2091 lueetEeeelr.
1445 2023 1541 2091 xviri),
1552 2035 1726 2075 eumsermo
1737 2020 1844 2074 intrans

1016 2110 1053 2163 ad
1068 2114 1194 2165 mentem
1211 2101 1361 2180 peccantis
1378 2110 1431 2163 ait:
1461 2109 1567 2163 Anime
1585 2125 1647 2180 qum
1663 2107 1843 2179 peccaverit,

1017 2198 1081 2269 ipsa
1097 2199 1243 2253 morietur
1256 2197 1358 2268 (ibid.)
1375 2196 1477 2252 Omnis
1488 2197 1579 2252 erbor
1590 2213 1652 2270 qum
1664 2213 1722 2251 riou
1741 2195 1845 2251 fecerit

1018 2285 1265 2342 [reclinationem
1282 2286 1447 2354 ercidetur,
1465 2290 1520 2339 ete.
1537 2286 1657 2355 (lluttlr.
1674 2284 1772 2354 cnut
1786 2284 1846 2338 idea

1019 2374 1141 2445 dispone
1170 2375 1269 2430 domui
1300 2385 1366 2441 tute,
1396 2374 1424 2427 id
1451 2374 1614 2428 estordina
1637 2373 1846 2428 conscientiam

1018 2466 1106 2517 tuam.
1127 2463 1179 2517 His
1197 2466 1391 2533 compunctus
1407 2462 1442 2516 ad
1457 2463 1597 2533 parietem
1629 2462 1736 2517 taciem
1752 2462 1844 2529 vertit,

1018 2551 1135 2622 quando
1151 2567 1265 2605 murum
1281 2555 1479 2621 pecc-ntorum,
1502 2551 1550 2622 qui
1567 2550 1700 2620 struitur,
1709 2565 1847 2621 eumpse

1019 2643 1081 2693 cota
1096 2642 1215 2709 peccato
1231 2640 1387 2709 adduntur,
1405 2640 1514 2710 quique
1529 2639 1605 2693 inter
1619 2641 1809 2708 peccatorem
1823 2639 1846 2693 et

1018 2727 1110 2782 Deum
1127 2731 1253 2797 separat,
1271 2744 1332 2797 prae
1348 2728 1443 2782 ocutis
1459 2728 1649 2798 ponit3quem
1664 2726 1747 2796 prius
1762 2725 1845 2798 quasi

1018 2819 1219 2888 aterg0,cum
1250 2832 1357 2871 onnon
1385 2821 1511 2885 curaret,
1541 2816 1701 2884 habucrnt3
1723 2815 1845 2869 ctillum

1018 2905 1192 2960 diruendum
1222 2909 1322 2972 tentat,
1354 2905 1432 2976 quod
1452 2904 1569 2958 ttetihus
1586 2903 1671 2975 quasi
1686 2905 1728 2958 tot
1742 2903 1848 2957 ictibus

1020 2993 1127 3063 pulsat.
1144 2993 1226 3048 Sicut
1246 2994 1409 3065 negligenti
1428 2997 1552 3047 mortem
1580 2993 1785 3060 intentaverat,
1814 2991 1848 3043 ita

126 3083 199 3144 rint¹
219 3082 354 3136 tneorde
384 3098 501 3153 quoque
530 3083 639 3153 duplex
668 3086 713 3136 est
733 3083 824 3153 lepra,
841 3083 960 3152 propria
979 3082 1095 3162 cidem
1112 3080 1663 3153 prophetavitnmpromittitcumait:
1682 3079 1848 3151 Quicunque

125 3168 240 3224 scilicet
268 3171 404 3225 voluntas
434 3187 500 3240 quae
530 3187 585 3226 nec
610 3171 661 3226 Dei
696 3171 876 3226 voluntatem
904 3185 959 3224 nec

125 3259 958 3332 proximisequiturutilitatem.anuctripliciterpeceat,

125 3347 229 3401 votens
245 3347 359 3402 scilicet
376 3349 467 3402 ileum
484 3348 530 3401 vcl
546 3365 605 3402 non
624 3364 725 3418 posse,
741 3349 787 3402 vel
806 3348 894 3416 nolte,
911 3347 959 3400 vel

24 3489 25 3494 χ
126 3436 243 3488 nescire
273 3439 393 3504 peccota
409 3452 462 3489 sua
477 3438 591 3506 punire,
619 3436 960 3491 etituvultDeumnon

126 3538 206 3588 esse,
225 3538 291 3575 cum
307 3539 373 3576 eum
389 3524 450 3577 vult
465 3527 514 3578 aut
542 3525 730 3594 impotentem
746 3539 825 3592 esse,
851 3526 899 3576 out
913 3522 960 3576 in·

124 3609 250 3681 justum,
282 3616 331 3665 aut
359 3613 557 3682 insipientem.
590 3611 959 3667 hbhacimmundissima

127 3698 208 3768 lepra
223 3700 356 3753 levamur
382 3700 433 3755 loti
449 3701 478 3753 in
494 3700 633 3769 dordene,
650 3716 716 3754 cum
731 3716 798 3753 cum
814 3700 960 3752 imitamur

126 3788 244 3858 quinon
254 3789 334 3843 venit
344 3789 441 3843 tacere
451 3789 629 3843 voluntatem
651 3787 809 3859 proprium,
826 3788 880 3841 sed
891 3785 959 3857 ejus

127 3877 259 3948 quicum
275 3879 396 3932 miserat
412 3879 517 3948 Patris,
534 3893 589 3932 nec
605 3894 692 3932 suum
719 3877 870 3946 proprium
890 3890 960 3927 con-

129 3965 239 4036 silium,
256 3982 314 4037 quo
329 3967 495 4021 obstinatus
511 3966 635 4020 aliorum
651 3965 960 4036 nonaequiesciteon·

129 4052 208 4122 silio,
229 4055 367 4108 unitatem
397 4055 510 4122 dividit,
539 4070 642 4125 pacem
671 4052 780 4108 scindit
810 4051 960 4107 charitatis

128 4155 237 4210 expers
253 4146 311 4196 est.
322 4143 383 4197 Har
394 4143 475 4213 lepra
491 4141 624 4197 suffusus
633 4142 721 4197 homo
733 4141 880 4197 laveturin
891 4141 960 4196 ‹lor-

130 4229 214 4298 dnne,
233 4231 386 4286 attendens
403 4231 550 4303 quomodo
580 4232 679 4304 magni
694 4231 811 4286 consilii
826 4230 961 4301 Angelus

129 4318 296 4387 eonsilium,
328 4336 385 4391 quo
411 4320 440 4373 iu
469 4319 565 4374 medio
581 4320 734 4375 doctorum
750 4335 802 4374 eos
817 4318 918 4373 audire
934 4321 962 4372 et

1015 3178 1155 3242 peccator
1170 3172 1357 3243 ingemuerit,
1376 3171 1503 3225 clunium
1518 3170 1706 3241 iniquitatum
1716 3168 1783 3242 ejus
1797 3183 1848 3222 non

1019 3261 1201 3315 recordabor
1216 3260 1341 3320 (Erech.
1354 3261 1472 3324 xxxin).
1491 3258 1543 3312 Et:
1560 3257 1636 3312 Nolo
1651 3263 1777 3311 mortem
1789 3272 1850 3328 pec

1018 3350 1139 3415 cetarm,
1158 3349 1213 3402 sed
1224 3354 1253 3401 ut
1269 3349 1365 3419 rnnqis
1379 3353 1574 3401 convertetur
1590 3352 1619 3400 et
1633 3337 1718 3399 vivat
1728 3343 1848 3412 (Ezeclr.

1018 3439 1113 3506 xv1n).
1131 3437 1196 3491 Non
1212 3437 1447 3507 qualemcunque
1476 3435 1574 3502 vitam,
1606 3434 1657 3488 sed
1683 3432 1848 3504 quindecim

1017 3541 1171 3579 annornm.
1188 3525 1405 3590 Quindcnarius
1420 3524 1450 3577 in
1461 3521 1847 3592 secontinetseptenarium,

1017 3613 1066 3684 qui
1092 3617 1212 3682 propter
1234 3613 1374 3682 Spiritum
1405 3612 1607 3682 septiformem
1639 3612 1776 3664 sacratus
1806 3610 1848 3663 est

1017 3717 1169 3768 numerus,
1196 3705 1223 3755 et
1239 3702 1422 3755 octonarium
1446 3700 1496 3771 qui
1517 3703 1583 3770 post
1603 3698 1849 3753 resurrectionem

1016 3789 1143 3843 futuram
1165 3790 1272 3861 figuret
1292 3789 1430 3860 quietem.
1444 3789 1527 3843 Hanc
1538 3786 1848 3857 vitampromittitpro·

1015 3878 1113 3948 pheta,
1130 3873 1848 3947 duminterimperfectemjustitiamperseptiior·

1016 3982 1093 4021 mem
1108 3962 1848 4037 Spirituminluturoplenariamcorporisetanime

1016 4057 1231 4125 reparationem
1245 4054 1401 4109 conversis
1418 4053 1569 4123 Scriptura
1592 4050 1740 4122 proponit.
1768 4050 1848 4105 Tune

1016 4144 1084 4215 quin
1100 4144 1255 4215 insignum
1275 4159 1328 4213 per
1349 4138 1780 4208 decemlineassalrevertitur,
1802 4135 1848 4210 qui

1017 4227 1849 4302 perobscrvationemdecemmnndatorumDeusrecupe-

1018 4323 1108 4387 ratur,
1126 4319 1214 4390 cujus
1231 4320 1363 4373 umbram
1378 4321 1464 4389 quasi
1477 4315 1848 4387 totlineisnceeperatquot

128 4405 313 4482 interrogare
342 4407 481 4480 elegerat,
513 4409 638 4463 consilio
681 4408 783 4462 matris
812 4410 840 4461 ct
868 4402 1206 4480 patristeceatorum
1235 4408 1366 4461 tenebris
1396 4407 1529 4460 mandata
1548 4405 1719 4459 violaverat.
1735 4403 1781 4458 hd
1797 4417 1849 4459 noe

37 4548 40 4553 .
130 4501 363 4569 caeterorumque
378 4501 532 4568 parentum
548 4497 686 4551 subditus
706 4497 765 4551 illis
793 4494 960 4566 postposuit

130 4586 211 4656 (Luc.
225 4587 267 4657 n).

199 4675 261 4730 Tar.
279 4675 317 4731 X.
330 4675 374 4730 De
386 4675 572 4747 septemplici
583 4675 750 4729 humilitate
762 4672 888 4727 Christi.

167 4765 199 4818 ln
210 4765 350 4835 terdone,
363 4765 392 4819 id
407 4768 453 4819 est
468 4765 497 4818 in
506 4765 656 4819 descensu
672 4761 842 4817 humilitatis
852 4759 963 4815 Christi

132 4853 184 4925 qui
198 4853 399 4923 septemplicis
415 4853 531 4907 virtutis
552 4855 607 4917 est,
633 4851 745 4923 septies
761 4851 787 4903 si
802 4848 961 4918 lavaberis,

131 4941 334 4996 mundaberis.
360 4941 456 4995 Prima
473 4942 568 4996 virtus
584 4941 639 4995 tuit
653 4940 731 5012 quod
746 4939 829 4993 dives
853 4952 964 5009 pauper

132 5029 229 5084 taetus
244 5034 309 5098 est3
326 5031 467 5100 secunda,
483 5031 561 5101 quod
573 5029 735 5100 paupertati
751 5026 963 5082 extremitatem

132 5118 242 5190 adjecit
255 5118 285 5172 in
300 5119 448 5189 presepio
460 5119 594 5189 positus3
611 5117 705 5186 tertia,
718 5115 796 5187 quod
812 5114 965 5168 matrieret

133 5205 289 5276 subditus;
314 5211 416 5279 quarte
433 5207 512 5278 quod
523 5207 604 5262 servi
628 5205 764 5260 manibus
780 5203 867 5258 hodie
882 5201 965 5257 incli-

121 5297 213 5351 'navit
228 5299 331 5368 ceput3
348 5296 448 5367 quinta
465 5296 544 5366 quod
560 5293 737 5363 discipulum
749 5290 880 5346 turemet
894 5306 964 5361 pro-

133 5384 258 5440 ditorem
273 5385 410 5455 pertulit3
431 5385 526 5450 sexta,
542 5382 694 5452 quodiam
709 5383 882 5434 mensuetus
898 5381 964 5434 ante

132 5472 267 5544 iniquum
292 5472 424 5544 judicem
440 5470 537 5539 stetit3
558 5469 682 5539 septima
698 5468 776 5540 quod
795 5483 848 5538 pro
863 5483 964 5539 perse·

133 5560 293 5630 quentihus
310 5575 343 5613 se
359 5557 463 5612 oravit.
481 5557 513 5611 ln
527 5557 584 5612 hoc
596 5557 723 5612 tantane
734 5554 966 5627 septiessstavaris

132 5647 218 5720 quasi
247 5645 425 5719 quibusdam
443 5645 592 5718 vestigiis,
609 5644 677 5700 licet
698 5645 786 5716 longe
812 5645 963 5717 gigantem

1019 4512 1092 4568 ergo
1123 4512 1189 4550 cum
1205 4499 1386 4566 aegrotamus
1407 4496 1496 4548 intret
1522 4492 1675 4562 propheta,
1692 4492 1850 4562 verbisque

1019 4586 1116 4656 ipsius
1133 4584 1300 4653 compuncti
1317 4584 1526 4637 convertamus
1556 4580 1661 4633 taciem
1690 4579 1798 4633 mentis
1817 4577 1851 4632 ad

952 4699 956 4705 ¹
1019 4674 1160 4744 parictem
1190 4676 1378 4742 peccatorum
1407 4673 1588 4745 nostrorum,
1620 4683 1654 4721 ac
1673 4666 1851 4738 illumiuxta

1019 4760 1309 4833 prophetamquieit:
1329 4759 1408 4814 l'ode
1425 4760 1610 4830 perietemet
1629 4754 1851 4811 videabomiua-

1021 4849 1259 4917 tionemr'h'zceh.
1273 4850 1346 4917 vin),
1356 4847 1495 4918 lacrymis
1507 4843 1849 4915 perforemusdicentes:

1021 4938 1140 4993 Levatio
1151 4953 1208 5008 per
1223 4936 1358 5008 singulas
1373 4941 1475 4990 noctes
1486 4933 1592 4988 lectum
1599 4931 1851 5002 meum(Psal.vr).

1019 5026 1111 5092 Quasi
1125 5027 1216 5079 dicat:
1236 5025 1390 5078 Destrunm
1405 5039 1459 5093 per
1473 5021 1611 5093 singulos
1627 5019 1742 5089 lapides
1757 5018 1853 5090 perie-

1022 5119 1078 5170 tem
1093 5130 1201 5169 meum.
1220 5113 1283 5167 ttae
1298 5115 1395 5165 eutem
1407 5126 1459 5180 per
1475 5109 1764 5177 humilitatemquam
1775 5106 1854 5162 Dens

1021 5204 1051 5258 in
1066 5202 1237 5274 poenitentia
1251 5199 1378 5254 maxime
1389 5197 1513 5269 requirit
1528 5197 1616 5252 debet
1631 5195 1704 5250 lteri.
1722 5194 1856 5264 Disputat

1022 5291 1100 5346 enim
1114 5290 1253 5345 Salomon
1268 5305 1284 5341 a
1300 5289 1389 5342 cedro
1405 5303 1471 5357 quae
1487 5289 1533 5340 est
1547 5284 1697 5361 inbibano
1707 5297 1806 5354 usque
1821 5280 1856 5336 ad

1022 5380 1186 5449 hyssopum
1209 5378 1259 5449 qui
1277 5375 1409 5430 nascitur
1432 5375 1462 5427 in
1490 5373 1601 5443 pariete
1624 5369 1678 5440 (ill
1703 5370 1777 5442 licq.
1806 5368 1876 5441 tv).·

1022 5469 1147 5537 CedrnS,
1156 5463 1401 5538 quiimpntribilis
1409 5466 1456 5517 est
1464 5460 1615 5516 etcaeteris
1624 5459 1686 5513 tere
1697 5457 1857 5513 arboribus

1023 5546 1858 5627 procerior,justusestquineehicpervitiamecintutmo

1024 5642 1236 5715 computrescit
1250 5656 1304 5716 per
1317 5642 1471 5708 tormento,
1489 5635 1581 5714 etqui
1601 5634 1638 5688 ad
1667 5633 1776 5693 coelum
1806 5649 1859 5694 ex·
