3796 6022
59 218 141 291 naa
737 215 967 300 saumones
988 217 1178 299 caurum.
1349 249 1354 257 -
1704 217 1785 307 riae

60 419 896 494 rinamdoctrinam,quaeestinprmceptisduorum'lesta·
908 399 938 461 Α
952 419 1176 493 sacrosanctam
1190 431 1299 488 corpus
1308 416 1492 491 contingere,
1507 431 1569 474 non
1582 414 1785 492 dubiumquia

61 514 239 581 mentorum3
254 526 308 582 per
323 510 459 565 animalia
482 510 644 565 domestica
660 509 795 580 exempla
806 523 896 563 sanc·
953 506 990 561 ob
1006 505 1036 562 id
1048 505 1340 578 judiciumexcipiat,
1352 508 1456 563 etcum
1467 505 1543 562 tuda
1553 506 1786 579 cnlpaesocietur

61 603 159 656 torum
171 600 358 673 exgentibus
373 615 426 671 pro
441 599 559 655 Christo
574 600 803 668 peremptorum,
814 596 897 661 utsic
952 595 1173 664 obnoxius,tam
1188 594 1256 667 quia
1267 594 1593 668 corruitquamquia,in
1603 594 1785 655 conscientia

60 689 224 744 habeamus
240 687 388 760 duplicem
399 703 509 759 escam,
521 703 611 742 unam
626 687 656 741 in
671 686 840 758 praeceptis,
857 685 898 740 al·
949 681 1116 753 damnatus,
1133 699 1226 740 ausus
1252 687 1308 755 est,
1321 683 1385 739 sine
1396 684 1567 756 poenitentia
1581 684 1785 756 etcorreptio-
1817 720 1820 725 -

59 779 152 832 teram
167 778 198 832 in
213 777 369 848 exemplis.
379 777 641 832 Perbovesautem
653 773 819 847 intelligere
828 789 898 845 pos·
948 771 995 827 nis
1007 771 1103 843 venia,
1120 775 1223 831 saneta
1239 773 1379 850 mysteria
1394 777 1549 828 temerare.
1566 771 1651 829 Alius
1662 772 1784 829 adcom-

60 865 241 921 sumnsillos
252 866 302 938 qui
314 866 345 921 in
353 865 453 920 Veteri
459 865 649 920 Testamenta
659 863 747 919 bouis
758 863 898 934 operibus
948 860 1119 917 munionem
1131 877 1323 934 accessurus,
1334 861 1403 918 dum
1410 863 1593 941 altitudinem
1607 860 1785 919 sacramenti

60 954 238 1010 exercendis
267 955 384 1010 fortiter
408 953 603 1023 insistebant3
628 967 681 1024 per
695 953 803 1008 arietes
817 951 897 1023 illos,
948 966 1007 1006 non
1024 951 1143 1024 cogitat,
1157 948 1240 1023 joco,
1260 951 1314 1022 ira,
1330 951 1530 1024 indignatione
1546 950 1784 1023 communionem

61 1045 112 1115 qui
137 1060 201 1099 suae
215 1042 397 1099 fortitudinis
414 1041 556 1098 cornibus
576 1042 680 1097 hostes
700 1040 898 1113 fortiterque·
947 1055 1007 1094 aon
1020 1038 1161 1110 honorat,
1178 1040 1232 1094 sed
1247 1039 1414 1096 dedecorat.
1436 1039 1521 1095 Alius
1536 1056 1603 1095 oum
1616 1040 1785 1096 reverentia

60 1133 169 1188 tientes
185 1133 221 1188 de
236 1132 302 1188 suis
319 1133 429 1187 tinibus
446 1130 661 1203 propellabant;
676 1145 731 1201 pcr
748 1129 898 1186 silvestria
947 1128 1066 1200 quidem
1082 1143 1116 1184 se
1132 1129 1341 1200 communicat,
1359 1127 1474 1184 scilieet
1483 1129 1629 1185 recedens
1644 1129 1783 1189 diuturno

60 1221 198 1276 animalia
211 1221 348 1293 accipere
363 1237 525 1293 possumus
540 1219 620 1291 illos,
637 1220 687 1292 qui
704 1219 897 1293 exgentibus
946 1217 1101 1288 caehinno,
1117 1218 1311 1290 multiloquio,
1328 1218 1508 1290 vaniloquio,
1523 1219 1715 1291 turpiloquio,
1735 1218 1784 1274 de·

60 1309 167 1366 fideles
182 1315 252 1369 sunt
264 1311 363 1381 activi,
375 1326 430 1382 per
443 1325 525 1381 aves,
542 1310 611 1364 illos
626 1309 757 1381 quisunt
771 1312 898 1365 contom-
945 1307 1098 1378 tractione,
1121 1310 1150 1363 at
1171 1307 1288 1364 caeteris
1303 1307 1382 1363 vitiis
1402 1323 1518 1363 sacram
1542 1308 1782 1365 communionem

59 1399 171 1468 plativi.
189 1399 252 1455 Nec
268 1399 366 1455 solum
392 1399 487 1454 sancti
506 1402 652 1471 martyres
670 1396 815 1469 exemplis
831 1397 896 1453 suis
945 1392 1124 1452 inhonestat.
1141 1396 1183 1452 De
1194 1397 1303 1452 talibus
1318 1395 1429 1451 dictum
1447 1397 1585 1455 videtur:
1604 1396 1719 1454 Gratim
1733 1395 1781 1453 la-¹

59 1488 149 1543 nobis
163 1488 194 1543 in
211 1503 281 1544 esca
296 1489 402 1544 salutis
411 1491 491 1559 sunt,
506 1504 610 1544 verum
625 1490 654 1543 et
667 1488 763 1542 sancti
778 1487 895 1542 ooales-
947 1491 1063 1540 tuorum
1079 1483 1275 1541 effundentur
1288 1484 1418 1556 (Decies.
1431 1486 1493 1556 xx).
1506 1485 1595 1542 Tales
1605 1487 1685 1542 enim
1698 1485 1784 1559 quid-

59 1591 158 1649 sores,
174 1580 203 1632 et
214 1577 337 1649 quilibet
356 1577 451 1633 sancti
467 1576 532 1632 suis
552 1576 697 1646 exemplis
712 1577 780 1631 vitae
797 1576 896 1631 eibum
946 1573 1026 1645 quid,
1038 1573 1176 1647 legendo,
1194 1573 1357 1645 psallendo,
1380 1573 1502 1645 orando,
1513 1572 1561 1630 vel
1577 1573 1635 1631 alio
1651 1574 1784 1648 quolibet

60 1666 149 1722 nobis
170 1666 335 1736 conserunt,
353 1667 404 1738 qui
426 1666 498 1722 licet
512 1665 591 1722 terro
607 1681 666 1720 non
689 1665 891 1732 occubuerint,
947 1662 1034 1717 modo
1052 1662 1121 1717 boni
1142 1662 1281 1717 hauriunt
1302 1679 1318 1716 a
1342 1678 1426 1718 mane
1442 1678 1539 1735 usquc
1559 1664 1596 1719 ad
1615 1677 1782 1736 vesperam,

56 1753 184 1827 jejuniis
199 1759 307 1828 tamen,
323 1756 436 1829 vigiliis
454 1758 483 1810 et
498 1755 589 1810 variis
603 1754 757 1810 laboribus
774 1769 893 1809 carnem
907 1719 934 1783 Β
948 1766 1006 1807 nou
1018 1750 1253 1821 solumotio,sed
1262 1750 1407 1807 etillicitis
1418 1751 1666 1808 delectationibus
1676 1766 1785 1807 vacan-

61 1860 146 1901 suam
162 1861 230 1901 cum
253 1834 380 1901 uitiiset
398 1844 649 1916 concupiscentiis
671 1843 891 1899 crucifixerunt.
948 1839 985 1895 do
1000 1839 1190 1913 negligenter
1203 1837 1366 1897 effundunt.
1383 1840 1469 1897 Unde
1485 1841 1542 1897 hoc
1558 1843 1785 1898 sacrosanctum

60 1933 128 1990 Non
147 1937 259 1991 lantum
280 1936 377 1990 autem
397 1950 498 1990 eseam
520 1932 665 1989 habemus
689 1933 719 1987 iu
734 1932 893 2004 praeceptis
948 1929 1121 2001 mysterium
1136 1928 1253 2002 angelis
1269 1929 1576 2001 etiamvenerandum,
1588 1929 1785 1985 nostristem·

59 2027 88 2078 et
106 2023 137 2078 in
152 2024 307 2096 exemplis,
325 2024 479 2079 sedetiam
495 2023 525 2078 in
547 2023 753 2091 sacramentis,
770 2037 808 2077 ex
826 2021 893 2094 qui·
948 2018 1072 2089 poribus
1088 2020 1145 2072 tam
1161 2034 1302 2091 magnum
1317 2018 1347 2073 in
1365 2020 1563 2091 contemptum
1577 2017 1700 2074 venisse
1715 2032 1784 2074 cer·

58 2113 117 2168 bus
133 2112 382 2184 quammaximum
407 2114 453 2168 est
475 2115 693 2167 sacramentum
716 2112 851 2182 corporis
866 2112 895 2165 et
948 2107 1037 2174 nitur,
1063 2109 1202 2178 tanquam
1222 2122 1282 2162 non
1310 2107 1350 2162 eit
1371 2107 1459 2163 Pater
1481 2107 1532 2181 qui
1551 2107 1696 2164 honorem
1709 2107 1785 2165 lesu

61 2202 221 2275 sanguinis
236 2192 352 2258 Domini
370 2218 376 2257 :
393 2202 430 2257 ad
448 2201 527 2273 quod
541 2200 759 2267 venerabiliter,
774 2199 895 2256 etsalu·
948 2195 1058 2252 Christi
1082 2198 1196 2268 quaerat
1211 2200 1239 2252 et
1259 2197 1390 2269 judicete
1400 2196 1437 2252 Et
1451 2197 1491 2253 ita
1510 2196 1621 2253 veritas
1635 2198 1785 2269 prostrata

59 2289 153 2347 briter
165 2291 342 2347 sumendum
351 2290 439 2346 hodie
452 2289 762 2345 eonvenirodebemus
778 2289 895 2344 univer·
948 2289 995 2341 est
1004 2289 1045 2358 ut,
1063 2286 1141 2342 siout
1155 2286 1185 2342 in
1199 2286 1320 2343 Daniele
1335 2286 1735 2359 legitur1Abominatioaem
1749 2285 1782 2343 in

58 2381 96 2436 si.
106 2379 232 2452 lncujus
240 2380 469 2436 laudembeatus
477 2379 641 2452 Gregorius
652 2379 681 2433 in
689 2378 782 2433 libros
790 2377 894 2433 eria-
950 2375 1057 2448 templo
1079 2375 1137 2431 Dei
1150 2374 1220 2431 fieri
1237 2375 1391 2432 rideamus
1405 2375 1492 2447 (Dan.
1509 2376 1561 2446 nr).
1578 2375 1670 2432 Valde
1684 2374 1783 2449 itaque

59 2470 197 2543 logorum
206 2468 366 2542 (capuam)
380 2470 420 2524 ita
434 2468 575 2540 loquitur,
588 2467 706 2523 dicens:
719 2488 730 2519 r
744 2466 894 2534 Quisiide·
949 2464 1281 2536 contemptoribustauti
1296 2465 1474 2520 sacrementi
1489 2464 1589 2519 divina
1602 2464 1732 2520 vindicta
1746 2464 1784 2519 ti·

58 2559 131 2615 lium
146 2558 384 2615 heberedubium
395 2558 493 2630 possit
507 2558 534 2613 iu
548 2558 613 2628 ipsa
622 2556 831 2613 immolationis
841 2557 893 2612 ho·
948 2553 1053 2608 menda
1070 2556 1125 2608 est.
1139 2554 1223 2609 Unde
1235 2554 1396 2626 praedictus
1407 2553 1590 2609 Paschasius
1601 2553 1631 2608 in
1640 2553 1783 2625 praedicto

57 2664 91 2704 ra
106 2648 141 2704 ad
157 2647 322 2703 sacerdotis
338 2662 441 2702 vocem
453 2646 545 2702 coelos
557 2646 681 2718 aperiri:
703 2647 734 2701 in
749 2646 800 2702 illo
816 2646 892 2702 lesu
948 2640 1023 2697 libro
1040 2641 1110 2697 dicit
1125 2643 1204 2715 quod
1219 2642 1256 2698 ab
1268 2642 1395 2716 angelis,
1408 2642 1457 2714 qui
1475 2642 1511 2697 ad
1527 2642 1584 2699 hoc
1598 2641 1689 2714 positi
1702 2644 1782 2715 eunt,

60 2737 172 2793 Christi
187 2736 328 2808 mysterio
345 2737 518 2809 angelorum
531 2736 621 2791 choro
632 2735 750 2807 adesse,
767 2735 892 2790 summis
948 2731 1034 2785 ctiam
1050 2748 1128 2787 nunc
1143 2733 1358 2803 perimerentur
1377 2732 1547 2805 quicunque
1562 2731 1610 2788 vel
1625 2730 1718 2787 semel
1738 2731 1784 2786 in·

58 2827 117 2881 ima
136 2825 255 2895 sociari,
274 2828 390 2881 terrena
401 2824 679 2898 oaelestibusjungi,
691 2839 839 2896 unumque
855 2840 891 2878 ex
948 2819 1037 2890 digne
1053 2821 1280 2892 communicant,
1296 2821 1355 2876 nisi
1365 2821 1484 2876 bonitas
1499 2819 1620 2891 Christi,
1636 2817 1784 2894 cujusju·

58 2915 265 2971 visibilibuset
275 2914 478 2969 invisibilibus
491 2913 574 2968 suerit
590 2913 647 2968 Sed
659 2928 784 2968 necesse
796 2916 891 2983 estut,
948 2909 1024 2964 dicio
1039 2911 1167 2981 pendent
1182 2911 1290 2981 omnia,
1305 2910 1437 2983 gladium
1452 2910 1660 2981 suspenderet,
1671 2911 1700 2964 et
1710 2912 1784 2965 tem-

59 3021 126 3060 oum
141 3004 198 3060 hoc
214 3003 342 3078 agimus,
351 3004 553 3074 nosmetipsos
563 3002 592 3056 in
602 3002 701 3057 cordis
717 3002 893 3057 contritione
908 2981 933 3043 0
946 2998 1078 3068 poralem
1089 3002 1213 3055 mortem
1224 2999 1413 3071 quibusdam,
1426 3001 1457 3053 ut
1465 2999 1636 3069 poeniteant,
1648 3011 1783 3054 remove·

57 3097 254 3150 mactemus.»
271 3091 344 3159 Quia
364 3092 414 3164 qui
433 3091 585 3163 passionis
601 3090 763 3146 Dominicae
779 3093 893 3162 myste-
946 3091 1001 3142 ret.
1019 3087 1129 3143 Verum
1139 3103 1195 3142 nos
1210 3102 1271 3142 non
1286 3086 1383 3142 solum
1393 3087 1494 3142 auditu
1505 3085 1586 3142 auris
1602 3085 1781 3158 audivimus,

57 3184 102 3239 ria
125 3181 327 3252 celebramus,
353 3181 497 3237 debemus
521 3180 629 3235 imitari
658 3180 737 3252 quod
764 3179 892 3252 agimus.
946 3176 1001 3231 sed
1016 3179 1045 3233 et
1060 3176 1155 3232 oculis
1171 3176 1301 3231 diversis
1315 3175 1345 3229 in
1360 3174 1515 3253 codicibus
1524 3174 1782 3249 legimusgraris-

56 3271 256 3338 Quamautem
271 3271 310 3327 sit
326 3269 459 3340 salubre,
471 3284 559 3341 quam
574 3268 789 3338 necessarium,
805 3283 893 3340 quam
945 3267 1038 3321 simas
1053 3268 1081 3322 et
1104 3265 1269 3321 horrendas
1285 3263 1413 3320 ultiones
1428 3263 1537 3320 talibus
1553 3262 1783 3336 praesumptori·

57 3361 177 3417 beatum
207 3376 318 3432 corpus
338 3363 367 3415 et
386 3360 563 3432 sanguinem
587 3357 698 3413 Christi
720 3360 823 3414 sancte
843 3374 893 3413 su·
944 3354 1002 3411 bus
1023 3356 1089 3411 sine
1109 3354 1248 3410 dilatione
1271 3353 1413 3409 divinitus
1434 3353 1541 3409 illatus.
1562 3353 1639 3408 bien
1657 3354 1782 3410 sanatam

57 3466 151 3521 mere,
168 3450 215 3521 ipe
229 3464 282 3521 per
297 3449 490 3520 semetipsum
506 3447 702 3519 dignatusest
716 3447 842 3518 aperire,
854 3447 895 3502 di·
945 3445 1108 3518 Gregorius
1123 3442 1309 3500 Turonensis
1321 3443 1357 3499 de
1369 3442 1496 3516 quodam
1510 3443 1697 3514 presbytero,
1713 3442 1783 3501 «oui

58 3555 152 3596 oens:
169 3539 241 3594 Nisi
254 3537 516 3594 manducaveritis
532 3551 651 3593 carnem
666 3535 738 3592 Filii
753 3536 891 3604 hominis,
944 3533 1783 3604 inDominieasolemnitateproplersuampersonamcon·

58 3636 88 3684 et
98 3628 245 3684 biberitis
253 3627 318 3701 ejus
328 3626 511 3699 sanquinem,
533 3641 589 3680 non
602 3623 754 3680 habebitis
766 3626 854 3680 vitam
863 3626 894 3680 in
946 3636 1067 3678 cessum
1083 3622 1177 3679 iuerat
1188 3625 1219 3678 ut
1233 3623 1358 3677 missam
1383 3621 1568 3678 celebraret:
1587 3620 1667 3694 quod
1681 3622 1781 3679 statim

60 3718 155 3786 robis,
165 3716 220 3783 Qui
230 3717 386 3772 manducat
402 3730 523 3770 earnem
537 3730 642 3784 ineam,
659 3719 689 3769 et
709 3713 786 3769 bibit
799 3731 894 3771 meum
946 3715 977 3766 ut
992 3712 1028 3766 ad
1039 3712 1142 3767 horam
1158 3710 1395 3767 communicandi
1406 3711 1496 3780 venit,
1513 3725 1584 3766 mox

57 3806 243 3879 sanquinem,
265 3805 355 3881 habet
368 3804 456 3860 ritem
469 3808 612 3859 aeternam
628 3802 723 3873 (doen.
738 3805 789 3874 vr).
802 3802 895 3869 Quam
945 3799 1110 3873 [epilepsia]
1134 3800 1385 3871 comprehensuS,
1410 3800 1530 3869 corruit,
1548 3814 1709 3872 spumans,
1729 3814 1781 3855 sa-

58 3891 896 3966 sitveronoxiumindignesumeutibusPaulusdemonst-
947 3905 1085 3961 oramque
1108 3888 1282 3960 particulam
1299 3888 1336 3944 ab
1360 3903 1411 3943 ore
1428 3886 1610 3959 projiciens3
1640 3887 1692 3960 qui
1714 3887 1781 3961 ipsa

57 3989 112 4056 rat,
123 3985 174 4040 ubi
185 3984 254 4038 dicit
267 3999 273 4038 :
287 3982 462 4054 Quicunque
475 3981 702 4036 manducaverit
710 3997 826 4053 panem,
847 3980 898 4036 rei
945 3982 1042 4050 nocto,
1059 3978 1137 4034 sicut
1150 3976 1284 4048 plerique
1299 3976 1398 4032 testati
1423 3978 1501 4047 sunt,
1518 3976 1620 4032 ebrius
1640 3976 1748 4034 iuerat.
1766 3998 1778 4029 ι

57 4073 174 4130 biberit
189 4072 310 4128 calicem
321 4071 440 4127 Domini
450 4070 584 4142 indigne,
597 4085 668 4124 reus
680 4072 739 4125 erit
758 4070 893 4143 corporis
946 4069 1018 4123 ltem
1033 4069 1069 4123 de
1084 4067 1211 4139 quodam
1226 4065 1328 4120 infami
1345 4065 1469 4121 diacono
1481 4065 1551 4121 dicit
1568 4064 1692 4139 :quoda
1709 4066 1780 4125 dum

58 4169 89 4218 ot
100 4161 256 4235 sanguinis
264 4160 391 4215 Domini.
399 4158 514 4214 Probet
525 4159 756 4231 antemsoipsum
764 4159 892 4229 nomast
947 4173 1066 4229 capsam
1083 4173 1149 4211 cum
1164 4170 1289 4226 corpore
1307 4154 1423 4210 Domini
1439 4154 1578 4226 deterret,
1590 4155 1627 4212 de
1641 4156 1780 4214 manibus

59 4255 104 4308 sie
111 4251 233 4322 depone
245 4249 297 4305 illo
315 4249 395 4314 edat·
412 4252 442 4303 et
456 4248 493 4303 de
507 4247 600 4302 calice
620 4247 714 4302 bibat.
739 4247 794 4314 Qui
812 4248 890 4304 enim
903 4235 930 4298 D
946 4247 1013 4320 ejus
1024 4246 1125 4317 elapsa
1140 4247 1195 4314 est,
1208 4248 1236 4300 et
1250 4259 1508 4316 perueremsuper
1518 4245 1609 4301 altare
1619 4260 1776 4301 reversam

57 4336 638 4410 inanducat,etbibitindiqnc,judieiunr
653 4336 714 4391 sibi
724 4337 890 4407 munducat,
944 4337 1071 4392 Sanctus
1087 4350 1158 4389 vero
1175 4334 1386 4406 Hieronymus,
1410 4333 1441 4388 in
1462 4334 1538 4389 Vitis
1557 4334 1692 4405 Patrum,
1709 4331 1781 4389 dicit

59 4436 89 4487 et
104 4429 182 4484 bibit
198 4443 254 4483 non
273 4427 442 4500 dijudicans
460 4441 567 4496 corpus
583 4424 701 4480 Domini
719 4425 747 4496 (l
762 4426 829 4481 Cor.
848 4428 891 4492 u).
943 4427 979 4481 de
995 4426 1081 4480 beato
1099 4422 1225 4496 Eulogio
1237 4438 1243 4479 :
1257 4423 1335 4495 quod
1348 4443 1360 4473 a
1374 4423 1563 4478 eumvideret
1574 4421 1777 4478 exmonachis

57 4519 127 4576 Nan
136 4517 315 4590 dijudicans,
327 4515 476 4570 idestnon
487 4515 662 4569 discernens
671 4515 894 4585 perveneratio·
942 4514 1088 4587 quosdam
1110 4512 1280 4568 immundos
1300 4512 1443 4566 accedere
1464 4511 1501 4566 ad
1522 4510 1777 4578 communionem,

58 4624 128 4664 nem
141 4605 284 4662 aoaeteris
296 4604 382 4660 cibis
392 4603 553 4659 Debuisset
567 4603 644 4657 enim
656 4618 689 4658 se
700 4604 893 4675 probassent
942 4603 1063 4660 retinuit
1078 4618 1142 4673 eae,
1153 4602 1257 4657 dicens
1274 4616 1280 4656 :
1296 4600 1404 4655 Tuhac
1413 4603 1499 4656 nocte
1508 4599 1639 4656 habuisti
1649 4597 1779 4655 fornica·

57 4712 112 4770 per
130 4694 331 4767 penitentiam
353 4707 512 4765 purgasse,
530 4689 577 4746 vel
604 4695 684 4747 certe
709 4692 892 4749 abstinuisse
941 4693 1031 4749 tionis
1047 4690 1238 4748 desiderium.
1259 4689 1303 4745 Tu
1317 4704 1388 4745 vero
1405 4689 1507 4744 dixisti
1536 4689 1567 4744 in
1588 4688 1678 4744 corde
1701 4690 1776 4744 tuo:

58 4786 136 4841 Hine
152 4782 336 4839 Paschasius
347 4781 378 4837 in
393 4781 469 4837 libro
482 4780 522 4836 De
534 4796 658 4852 corpore
673 4780 790 4836 Domini
804 4781 890 4838 dicit:
942 4781 1023 4838 Nihil
1033 4781 1158 4835 interest
1168 4777 1782 4850 sivejustussivepeccatoradsacramen·

61 4895 73 4927 ι
90 4872 234 4946 Quisquis
249 4871 296 4927 vel
313 4871 477 4926 membrum
489 4870 647 4926 meritricis
656 4869 698 4940 ht,
714 4869 762 4924 vel
775 4870 892 4941 perati—
942 4875 1003 4926 tum
1018 4867 1141 4925 accedit.
1159 4866 1194 4922 Et
1209 4867 1286 4922 alius
1302 4866 1516 4922 dubitationem
1531 4865 1633 4921 habuit
1645 4865 1676 4921 iu
1687 4866 1777 4923 corde

57 4965 138 5037 quod
153 4977 245 5036 grave
260 4961 398 5016 delictum
413 4961 576 5016 membrum
592 4959 712 5030 diaboli,
727 4958 776 5014 hic
792 4960 892 5033 utique
943 4976 1010 5031 suo,
1022 4959 1125 5014 dicens
1144 4973 1150 5012 :
1171 4955 1247 5023 Quid
1267 4971 1313 5011 me
1329 4956 1516 5011 sanctificare
1530 4956 1628 5027 potest
1643 4971 1777 5012 commu·

58 5053 180 5124 elapsus
196 5051 233 5107 do
249 5065 375 5121 corpore
392 5049 503 5105 Christi
511 5053 567 5122 est,
581 5052 609 5104 et
623 5048 736 5105 idcirco
752 5049 893 5105 nonlicet
942 5050 1016 5105 nio?
1033 5048 1096 5103 llos
1112 5062 1216 5102 omnes
1231 5045 1433 5103 removebata
1449 5044 1654 5102 communione
1678 5062 1778 5102 sacra·

57 5143 86 5199 ei
101 5156 211 5213 corpus
227 5139 338 5195 Christi
353 5140 537 5213 contingere.
555 5138 630 5205 Quid
646 5154 719 5212 ergo
736 5138 893 5193 manducat
942 5137 1043 5208 menti,
1060 5137 1155 5193 donec
1169 5151 1223 5208 per
1232 5133 1434 5206 poenitentiam
1449 5136 1477 5190 et
1487 5134 1633 5207 lacrymas
1644 5133 1780 5206 purifica·

57 5234 87 5288 et
101 5231 176 5286 bibit
189 5229 353 5302 peccatori
368 5229 435 5284 Non
450 5229 551 5302 utique
572 5229 630 5284 sibi
646 5228 756 5284 utiliter
773 5242 892 5282 carnem
941 5231 1054 5284 rentur.
1072 5226 1179 5280 »Talia
1194 5239 1312 5297 quoque
1327 5224 1433 5278 scribit
1448 5224 1483 5280 da
1494 5227 1598 5281 sancto
1614 5221 1776 5293 blachario,

57 5321 286 5393 Pisandulssflmr
312 5317 540 5391 sedjudiciam.
558 5316 891 5385 011161011111011811
942 5327 978 5382 de
997 5328 1101 5382 sancto
1120 5325 1271 5392 Piamone,
1297 5324 1326 5378 ot
1340 5323 1495 5378 monacbis
1523 5337 1636 5378 eorum.
1656 5313 1778 5390 mihipte

56 5411 163 5486 probat
177 5409 268 5482 prins.
283 5432 295 5459 r
978 5415 1061 5485 Haec,
1071 5413 1189 5482 tratres,
1198 5411 1332 5483 exempla
1341 5411 1481 5484 diximus,
1490 5412 1559 5484 quia
1568 5412 1599 5466 in
1610 5411 1713 5465 sancta
1723 5407 1777 5462 Ee·

94 5511 125 5569 Si
149 5510 217 5584 quis
232 5523 316 5582 ergo,
332 5505 436 5580 lapsus
452 5507 488 5564 de
504 5520 634 5582 ,corpore
657 5503 778 5578 Christi,
794 5503 892 5564 lactus
943 5499 1324 5574 olesicsantmultiintirmi
1335 5499 1549 5567 etimbcoiltes,
1562 5503 1592 5556 et
1602 5495 1778 5557 dormiant:

56 5597 394 5666 membrummeretriois
412 5597 460 5656 vel
474 5593 893 5675 diaboti,praesumpseritboo
943 5592 1029 5658 malti
1043 5584 1071 5671 (1
1084 5589 1152 5654 Gor.
1174 5590 1228 5672 xi).
1245 5590 1405 5669 Propterea
1423 5588 1481 5652 ieta
1505 5584 1783 5667 conprimuntque

199 5707 329 5777 Parnon.
349 5703 523 5775 cuxxvu.
1600 5691 1638 5769 ti
