3796 6022
47 266 105 343 lai
411 263 468 342 tili
488 266 650 343 anemis
672 266 725 342 ar
744 277 857 343 nans
879 272 1018 345 naeus
1040 280 1164 344 uinea
1184 276 1423 356 oduarius
1724 283 1785 359 ies

50 479 129 534 aium
144 480 293 550 sequitur,
311 478 420 550 frigida
435 479 616 550 naturaliter,
630 480 700 534 vino
710 480 798 534 mista
813 479 891 534 valet
906 463 935 525 Α
984 481 1100 536 Athelta
1117 498 1231 539 comam
1255 485 1286 538 in
1300 486 1458 543 rotondum
1481 491 1591 563 tondet,
1613 493 1678 552 oleo
1698 500 1786 567 caput

53 569 153 639 agria,
175 583 244 623 cum
259 567 372 623 hordeo
389 571 471 622 cocta
492 567 594 622 sanior
617 571 672 637 est,
699 570 786 622 terrae
804 569 891 622 mista
948 571 1043 641 ungit,
1062 587 1095 625 se
1110 573 1245 627 vestibus
1261 580 1440 647 nouenarnt,
1457 580 1628 650 omnipnrte
1643 598 1677 638 se
1689 588 1786 640 custo-

51 656 144 710 lutum
157 656 238 725 iacit,
255 660 302 710 est
317 671 480 726 pauperum
494 659 592 726 potue,
607 656 684 710 clara
700 661 746 710 θεῖ
756 672 810 727 pro
822 671 889 726 spe·
950 657 1005 726 dit,
1022 658 1122 713 rubris
1138 660 1277 731 induitur,
1294 679 1376 718 armo
1391 665 1514 722 tirmiter
1529 674 1622 740 tenet,
1638 673 1784 728 molestiis

51 745 127 814 culo,
153 745 237 799 silim
260 744 354 814 sedat,
378 744 539 816 vestigium
564 746 660 814 navis,
684 760 744 799 non
774 746 890 813 retinet,
949 762 1008 800 non
1025 747 1113 817 cedit,
1130 750 1327 819 spevictoriae
1342 753 1545 810 adversarium
1556 761 1713 829 quiescere
1725 779 1784 816 non

52 833 152 904 ignem
169 833 345 904 exstinguit.
950 834 1067 904 desinit,
1085 836 1115 889 in
1131 852 1229 908 pugna
1241 846 1421 911 perseverat,
1439 846 1649 903 terminosucn
1664 852 1784 923 egredi·

86 921 199 992 Aquila
214 921 251 974 ab
267 921 402 975 acumine
414 921 568 976 oculorum
579 921 666 991 dicta,
683 923 834 993 quiasolis
846 937 893 974 ra·
949 927 1006 992 tur,
1024 924 1060 978 ad
1076 925 1230 979 victoriam
1245 942 1363 997 semper
1377 931 1494 986 oculum
1509 933 1606 990 habet.

54 1009 132 1063 dium
152 1010 371 1065 irreverberato
394 1009 480 1065 oculo
495 1026 530 1063 ac
543 1010 612 1063 visu
627 1010 771 1080 intuetur,
794 1010 893 1080 pullos
986 1014 1105 1083 Auceps
1122 1014 1241 1068 diversa
1258 1015 1345 1071 habet
1360 1019 1443 1088 retia,
1471 1021 1593 1093 laqueos
1610 1028 1638 1079 et
1651 1026 1779 1096 viscum,

54 1114 110 1152 uon
126 1098 175 1152 sic
190 1098 287 1152 solem
299 1101 482 1167 contuentes,
493 1099 722 1168 quamvissucs,
734 1098 847 1169 abjicit.
858 1099 890 1152 ln
950 1101 1015 1154 loca
1034 1102 1140 1155 avibus
1157 1103 1357 1174 frequentiora
1377 1109 1483 1177 quaerit
1502 1109 1624 1182 laqueos
1645 1116 1782 1187 occultat,

54 1201 118 1240 acre
133 1185 316 1240 altevolans
332 1186 494 1256 pisciculos
510 1187 541 1240 in
557 1187 629 1240 mari
641 1186 797 1256 conspicit,
815 1202 892 1257 quos
951 1192 979 1243 et
989 1190 1123 1260 seipsum
1138 1191 1303 1262 abscondit,
1321 1208 1413 1249 voces
1430 1197 1527 1252 avium
1543 1201 1671 1272 simulat,
1687 1219 1783 1274 quan-

55 1274 144 1329 celeri
156 1274 310 1329 descensu
322 1275 562 1345 raptosdevcrat,
573 1277 691 1329 caeteris
702 1275 790 1330 altius
801 1275 892 1344 volat,
951 1278 1047 1349 doque
1076 1295 1238 1348 perunum
1262 1281 1371 1351 decipit
1394 1283 1525 1356 alteram,
1554 1291 1654 1358 captas
1677 1294 1785 1361 praeter

55 1367 187 1418 rostrum
197 1363 227 1416 in
243 1367 395 1418 senectute
411 1364 499 1417 nimis
509 1379 650 1418 crescens
665 1364 701 1417 ad
710 1367 822 1434 petram
838 1379 892 1417 ex·
951 1381 1039 1420 unum
1056 1367 1114 1421 sibi
1129 1367 1307 1439 incorporat.

57 1452 134 1520 eutii,
146 1450 433 1522 etrejuvenescit,iu
443 1451 544 1505 arduis
556 1452 696 1520 nidificat,
707 1455 790 1505 trans
802 1452 893 1504 maria
986 1456 1101 1509 Aurora
1123 1455 1207 1527 fugat
1223 1459 1374 1530 tenebras,
1395 1461 1503 1531 rutilat,
1529 1463 1607 1518 diem
1627 1466 1783 1538 ministrat,

57 1541 144 1594 sentit
161 1541 286 1594 odoratu
302 1539 455 1609 cadavera,
474 1540 609 1610 derepto
625 1540 706 1609 vivit,
724 1543 753 1594 et
766 1540 895 1610 amethy·
951 1547 1095 1614 surgente
1111 1545 1175 1599 sole
1195 1545 1353 1601 obscurior
1367 1552 1422 1618 est,
1440 1550 1648 1608 interneciem
1663 1555 1784 1611 etdiem

58 1630 156 1682 sthum
173 1629 256 1697 ponit
272 1628 301 1681 in
316 1629 396 1697 nido,
413 1629 465 1699 qui
482 1628 565 1699 fugat
578 1644 735 1682 venenum.
950 1632 1061 1700 media,
1078 1633 1148 1687 dum
1163 1634 1258 1703 rubet,
1276 1635 1375 1707 signal
1390 1638 1520 1707 pluviam
1535 1640 1673 1698 futuram.

91 1716 201 1788 Aquilo
216 1732 310 1787 aquas
327 1717 480 1789 congelat,
496 1717 574 1771 unde
589 1717 689 1787 aquilo
700 1717 786 1788 quasi
800 1733 892 1788 aquas
986 1721 1099 1775 Aurum
1115 1721 1190 1776 inter
1205 1725 1302 1778 omnia
1314 1726 1429 1779 metella
1442 1729 1703 1802 pretiosissimum,
1716 1732 1787 1789 soli·
1811 1797 1816 1812 ι

59 1805 167 1877 lignee,
184 1804 314 1876 frigidus
330 1808 385 1874 θεῖ,
403 1805 492 1859 dores
507 1805 588 1859 lmdit
603 1808 630 1859 et
648 1805 767 1875 herbas,
790 1821 893 1875 asep-
951 1808 1020 1863 dum
1043 1812 1318 1883 ast,v1sumsovet,
1345 1818 1453 1884 quanto
1472 1817 1679 1890 rubicundius,
1704 1824 1785 1876 tanto

59 1895 204 1949 tentrione
221 1894 279 1948 nat.
951 1898 1067 1967 melius,
1083 1915 1137 1968 per
1152 1899 1303 1956 fornacem
1314 1906 1467 1974 purgatur,
1481 1905 1669 1975 splendidum
1682 1912 1738 1980 est,
1758 1914 1788 1965 et

91 1982 894 2053 Araneaseptempedeshabct,venenotubet,seipsam
950 1987 1074 2058 regibus
1090 1991 1199 2056 aptum.

56 2071 212 2140 eviscerat,
229 2070 265 2125 de
281 2071 450 2125 visceribus
462 2071 527 2125 suis
542 2071 617 2126 telas
633 2071 714 2141 texit,
725 2072 820 2126 irretit
833 2088 894 2125 mu·
985 2075 1095 2128 Auster
1118 2079 1224 2129 ventus
1251 2077 1364 2132 calidus
1388 2082 1443 2149 est,
1468 2081 1558 2136 solvit
1578 2083 1657 2154 gelu,
1681 2084 1785 2140 liorem

57 2174 123 2213 scas
134 2161 220 2231 sugit
235 2175 366 2227 muscas,
377 2164 405 2213 et
415 2160 893 2232 sicaretctmoritumturgidaest
950 2164 1050 2233 nulrit,
1066 2180 1082 2217 a
1099 2165 1220 2219 meridie
1236 2166 1294 2220 ilat.

60 2249 194 2302 inaerem
202 2262 298 2302 sesua
304 2247 798 2303 telasinentisautalioadminiculo
806 2249 893 2320 erigit
985 2254 1224 2324 Autumnusque
1233 2255 1263 2308 in
1271 2271 1348 2309 anno
1359 2259 1425 2310 nata
1436 2261 1515 2327 sunt,
1526 2259 1647 2331 colligit,
1658 2260 1782 2317 arbores

90 2338 233 2391 Aratrum
255 2336 290 2390 de
307 2335 388 2407 ligno
410 2338 438 2391 et
459 2336 537 2390 ferro
553 2337 594 2406 iit,
617 2340 726 2392 terram
741 2337 834 2405 ilndit,
856 2337 892 2391 ab
951 2341 1040 2395 uudat
1055 2345 1084 2395 et
1099 2357 1200 2413 agros,
1217 2343 1365 2399 fructibus
1382 2345 1537 2401 abundans
1548 2352 1603 2418 est,
1621 2349 1711 2405 tiores
1731 2353 1786 2405 tar

59 2425 190 2497 agricola
205 2427 332 2496 tenetur,
348 2429 457 2479 terram
472 2424 615 2495 meliorat,
631 2426 662 2480 in
679 2441 782 2496 campo
798 2426 893 2480 dimit·
952 2430 1006 2485 dos
1023 2435 1050 2484 et
1065 2430 1184 2485 inutiles
1199 2432 1344 2501 producit.

59 2515 134 2569 titur.

90 2603 200 2672 Arbor,
217 2605 328 2674 quanto
344 2601 431 2657 altius
446 2601 577 2657 radicem
592 2603 666 2674 tigit,
682 2605 763 2657 tanto
778 2603 893 2657 firmius

62 2691 163 2762 haeret,
181 2692 317 2746 umbram
332 2691 411 2759 iacit,
427 2692 458 2745 in
469 2693 571 2747 aestate
581 2693 668 2762 viret,
686 2692 779 2762 tieret,
793 2692 894 2748 tructi—
988 2679 1116 2735 5³⁰1¹¹¹1⁸
1132 2681 1250 2753 ¹⁰¹¹B¹¹⁸2
1268 2686 1357 2754 00005,
1374 2684 1500 2756 rigidus,
1514 2687 1695 2758 inflexibilis,
1713 2705 1784 2747 ⁸1¹⁸·

59 2780 132 2849 dcat,
143 2782 174 2834 in
184 2781 281 2835 hieme
291 2781 458 2850 marcescit,
471 2781 632 2850 superfluis
642 2780 789 2835 abscissis
797 2783 893 2854 magis
953 2770 1105 2823 00000000οῑ
1122 2785 1285 2841 00080000,
1303 2772 1471 2828 00000000οῑ
1485 2779 1581 2845 aptus·
1638 2807 1640 2812 ’

60 2873 85 2923 01
97 2869 224 2924 uberius
239 2868 405 2923 fructificat,
989 2858 1130 2912 Balneum
1145 2875 1254 2929 corpus
1271 2859 1348 2913 lavat
1359 2864 1387 2915 et
1402 2862 1543 2934 desiccat,
1562 2866 1690 2921 calorem
1704 2872 1786 2925 natu·

91 2957 895 3030 Arcaiuitdeliguissetim,intnsetiorisaurovestita
952 2947 1210 3017 0010000000000,
1233 2963 1351 3003 0000000
1375 2952 1494 3022 000οῙ100»
1521 2955 1625 3024 nullst»
1651 2957 1783 3012 00000000

59 3047 86 3100 u
101 3046 289 3101 retitudinem
305 3046 407 3100 unaue
418 3046 586 3100 cunitnmet
597 3047 765 3116 semissem,
778 3047 807 3101 in
823 3049 895 3103 nta-
953 3035 1098 3090 dissoluta
1110 3037 1283 3092 consolidat·

59 3135 142 3189 ribus
157 3135 288 3206 singulis
299 3133 357 3188 duo
367 3135 468 3189 annuli
477 3136 568 3204 aurei,
581 3135 611 3188 in
619 3135 738 3189 annulis
746 3139 846 3191 vectes
858 3137 894 3192 de
988 3125 1157 3179 03010000οΥ0
1171 3125 1352 3180 0000000000
1367 3131 1422 3197 000,
1440 3131 1624 3198 putredinem
1639 3135 1720 3187 arcet
1736 3134 1786 3188 Sti·

59 3223 147 3296 lignis
171 3223 260 3278 setim
275 3223 416 3278 deaurati,
438 3223 471 3277 111
487 3239 521 3277 ea
539 3226 622 3277 erant
637 3224 745 3278 tabulae
760 3227 789 3280 et
809 3225 894 3297 virga
952 3230 1006 3285 pes
1018 3213 1260 3285 ejusvilisimilis
1271 3219 1326 3284 est,
1336 3216 1522 3287 juventutem
1536 3224 1702 3291 conservat,
1716 3221 1784 3293 ejus

59 3314 168 3380 Aaron,
186 3312 457 3380 Deuteronomium,
474 3328 607 3383 urnaque
623 3329 689 3367 cum
706 3329 821 3368 manna.
953 3307 1035 3376 gutta
1051 3304 1136 3357 mista
1152 3304 1217 3358 oleo
1233 3305 1355 3375 cyprino
1371 3307 1417 3360 vel
1429 3307 1515 3361 melle
1526 3308 1716 3381 adulteratur,
1729 3312 1785 3367 sed

92 3404 193 3456 Arcus
209 3401 340 3455 medium
355 3401 443 3455 habet
453 3401 602 3456 immobile
613 3405 642 3456 et
653 3401 823 3472 inflexibile,
837 3403 895 3457 duo
953 3394 1094 3464 probatur
1105 3394 1244 3447 essesisse
1257 3393 1352 3464 ῐῐῖθΙῙθς
1368 3396 1394 3450 Si
1403 3396 1471 3466 quis
1483 3412 1551 3451 eum
1560 3398 1635 3452 lactc
1647 3401 1785 3473 coagula-

60 3494 191 3544 extrcma
206 3488 576 3560 mobilia3siuistramanu
591 3492 716 3561 tenetur,
732 3492 759 3544 si
774 3491 824 3545 diu
834 3495 896 3545 ten·
954 3483 1038 3550 Velit,
1055 3482 1186 3536 Ohfissma
1200 3482 1318 3536 0000000
1332 3486 1466 3553 01)Ρο0000
1483 3486 1568 3556 010οῐ
1594 3504 1700 3557 purum
1720 3491 1786 3547 ⁸0¹⁰

59 3578 135 3632 ditur
146 3578 296 3648 lentescit,
307 3579 365 3632 cito
376 3577 502 3645 laeditur,
515 3578 545 3631 in
558 3578 623 3647 ipso
632 3578 738 3633 durum
746 3595 799 3649 per
810 3580 896 3634 molle
954 3572 1074 3625 ardente
1084 3570 1225 3624 sustineri
1239 3586 1297 3624 non
1313 3575 1419 3642 potest,
1435 3578 1466 3627 ut
1480 3575 1549 3629 vitis
1563 3581 1746 3634 sustentetur
1757 3583 1787 3636 et

59 3670 258 3737 temperatur;
275 3666 384 3720 chorda
400 3666 538 3735 tenditur,
557 3666 695 3737 sagittam
710 3668 823 3723 emittit.
938 3660 1082 3735 collitur,
1098 3658 1186 3730 cujus
1203 3659 1319 3713 arboris
1339 3664 1479 3730 perpetua
1495 3679 1578 3718 coma
1594 3670 1641 3719 θεῖ
1655 3666 1786 3739 insignis

92 3755 213 3810 Areolae
239 3769 370 3809 concavo
385 3754 458 3809 tlunt
474 3754 586 3825 lapide,
604 3771 711 3825 aquam
726 3756 763 3811 ad
779 3756 896 3811 hortum
954 3749 1071 3804 duobus
1086 3749 1194 3802 cubitis
1209 3750 1326 3818 eminet,
1348 3752 1443 3803 acutis
1467 3751 1616 3822 lapidibus
1635 3757 1664 3808 et
1686 3756 1786 3812 osseis

59 3843 181 3898 vehunt.
956 3838 1082 3893 cultellis
1098 3837 1245 3906 inciditur,
1263 3839 1332 3909 quia
1348 3838 1420 3893 ferri
1444 3842 1539 3894 tactus
1561 3843 1588 3895 ci
1603 3844 1712 3898 noxius
1728 3848 1785 3900 est.

91 3934 182 3986 Aries
201 3932 261 3986 duo
286 3946 398 3986 cornua
418 3931 507 3986 habet
529 3932 558 3986 in
581 3930 696 4003 front03
723 3933 791 3988 dum
816 3933 898 4005 viget
991 3925 1132 3981 Baltheus
1147 3926 1789 4000 militarisaureusest,renesetpectuscin·

62 4019 196 4075 lascivus
207 4023 263 4090 est,
280 4035 404 4092 gregem
419 4020 570 4090 praecedit,
583 4036 707 4093 gregem
724 4025 897 4077 tueturcor-
956 4016 1045 4088 gebat
1059 4015 1105 4070 vel
1121 4015 1295 4086 stringebat,
1311 4018 1403 4070 totum
1415 4033 1524 4087 corpus
1535 4020 1625 4074 ambit
1643 4023 1673 4075 et
1684 4022 1787 4095 cingit.

61 4109 160 4179 uibus,
178 4109 258 4180 regit
274 4123 399 4180 gregem
412 4112 441 4164 et
455 4109 601 4164 fecundat.
992 4105 1088 4158 Bnrba
1103 4104 1303 4160 fortitudinem
1319 4106 1465 4177 designat,
1483 4122 1589 4162 sexum
1604 4109 1720 4182 denota,
1741 4128 1789 4168 ca·

93 4199 264 4270 Argentum
280 4197 437 4252 candidum
452 4201 508 4268 est,
521 4199 671 4271 mundum,
686 4200 801 4255 dulcem
810 4200 898 4256 habet
957 4194 1008 4264 pili
1024 4193 1163 4248 fldhoeret·

60 4286 209 4355 tinnitum,
233 4286 394 4340 attractivae
410 4289 523 4342 naturae
538 4292 594 4342 est.
650 4358 653 4363 Ι
993 4283 1141 4336 Basilicus
1156 4298 1210 4337 rex
1225 4286 1271 4337 est
1285 4288 1466 4354 serpentum,
1480 4286 1545 4342 solo
1558 4288 1625 4344 visu
1641 4289 1790 4346 hominem

94 4373 195 4428 Arpha
205 4389 277 4443 pars
285 4376 331 4428 est
341 4375 436 4444 pretii,
448 4376 631 4431 confirmatio
641 4380 810 4434 contractus
814 4420 820 4448 ,
832 4391 897 4433 cer.
915 4370 1104 4454 Dinterdcit,
1128 4371 1197 4425 tlatu
1221 4375 1305 4425 necat
1329 4389 1400 4427 aves
1415 4375 1560 4447 volantes,
1578 4379 1651 4432 adeo
1673 4395 1790 4434 veneno

58 4462 150 4517 titudo
167 4462 298 4516 habendi
314 4477 387 4518 rem.
956 4460 1063 4531 plenus
1079 4462 1134 4529 est,
1147 4460 1226 4531 quod
1242 4463 1320 4515 totus
1335 4463 1476 4532 perlucet,
1493 4466 1574 4535 prior
1584 4468 1668 4521 visus
1684 4467 1721 4521 ab
1738 4466 1791 4521 hc·

1022 2555 1091 2610 Car.
1109 2555 1135 2608 ll
1151 2555 1195 2610 De
1205 2556 1254 2610 Itl's
1270 2556 1376 2630 quibus
1389 2557 1416 2612 B
1430 2565 1477 2615 cst
1487 2561 1585 2632 prima
1597 2561 1711 2620 littera.

95 4552 213 4605 Asinus
231 4550 380 4622 silvester,
397 4551 427 4606 id
442 4556 489 4607 est
503 4568 623 4625 onager,
641 4553 724 4609 ierus
740 4559 785 4610 est
800 4557 897 4626 dente,

60 4638 123 4695 loca
140 4639 266 4694 horrida
281 4639 434 4711 inhabitat,
451 4657 540 4696 canes
560 4644 753 4713 insequentes
778 4644 897 4701 lacerat.

63 4727 256 4784 Domesticos
270 4744 287 4782 a
310 4728 374 4784 iero
390 4728 565 4800 perfoditur,
582 4731 695 4786 nullum
712 4731 797 4807 dente
817 4735 898 4804 petit,

64 4816 192 4871 stolidus
203 4820 261 4885 θεῖ,
271 4817 301 4870 in
310 4818 527 4888 posterioribus
540 4818 654 4889 tortior,
665 4820 695 4874 in
701 4821 900 4877 anterioribus

64 4905 203 4975 debilior,
221 4920 340 4959 crucem
354 4905 385 4960 iu
408 4906 498 4962 dorso
513 4907 599 4979 gerit,
619 4908 649 4961 in
672 4907 796 4978 iuventa
817 4913 901 4966 aetate

65 4994 201 5064 pulcher,
225 4993 256 5047 in
279 4997 431 5050 senectute
455 4996 560 5066 turpis,
582 4996 762 5051 horrendum
786 4998 900 5071 clamat,

65 5082 242 5138 luxuriosus
253 5085 308 5150 est,
319 5084 423 5155 segnis
439 5086 494 5153 est,
508 5085 626 5139 carduis
638 5085 811 5157 delectatur,
822 5089 902 5143 mitis

68 5175 119 5242 est,
143 5171 251 5226 aculeo
275 5173 426 5244 pungitur,
454 5172 518 5243 lyra
539 5173 711 5245 delectatur,
728 5176 755 5230 ei
775 5177 903 5246 primum

64 5259 164 5316 insidit
180 5259 280 5314 bomo.

97 5348 194 5420 Aspis
213 5362 330 5404 veneno
346 5353 441 5421 nocet,
458 5351 489 5406 in
512 5351 648 5407 cavernis
665 5352 786 5423 habitat,
809 5354 901 5410 cauda

66 5437 184 5495 obturat
200 5452 290 5493 uuam
301 5453 413 5509 aurem,
428 5441 647 5513 terraalteram,
663 5444 765 5497 contra
775 5443 903 5499 incanta·

64 5529 163 5599 tores;
188 5525 216 5582 si
238 5541 329 5599 quem
349 5527 496 5599 percutiat
510 5529 609 5586 statim
628 5530 785 5606 obdormit,
810 5536 839 5590 et
861 5534 902 5590 ite

65 5631 131 5678 cum
144 5614 279 5694 perimit.

207 5766 330 5835 Pana
349 5711 514 5835 (liixxvii

958 4550 1036 4604 mine
1051 4564 1110 4603 non
1125 4552 1212 4603 nocet
1227 4548 1347 4620 homini,
1361 4553 1389 4605 et
1403 4568 1496 4611 vacua
1507 4559 1611 4625 regnat
1626 4554 1789 4611 basiliscus

958 4652 1056 4692 arena.

995 4727 1084 4780 Beata
1093 4726 1184 4798 Virgo
1195 4742 1306 4796 pauper
1317 4726 1380 4796 suit,
1388 4728 1519 4798 humilis,
1532 4730 1792 4804 obediens,quieta

959 4815 1102 4885 modesta,
1120 4815 1256 4885 simplex,
1273 4817 1404 4885 sapiens,
1421 4816 1458 4870 ab
1474 4818 1581 4889 angelo
1596 4822 1744 4893 nunciata,
1761 4823 1792 4878 in

959 4907 1042 4958 utere
1067 4903 1259 4972 sanctificata,
1285 4905 1378 4973 prima
1402 4909 1503 4959 votum
1527 4907 1706 4980 virginitatis
1730 4911 1792 4967 Deo

960 5007 1072 5062 sponso
1089 5006 1144 5046 suo
1156 4992 1269 5061 obtulit,
1282 4992 1318 5045 ab
1330 4994 1437 5064 angelo
1446 4995 1580 5066 salutata,
1591 4999 1678 5068 plena
1688 5001 1793 5072 gratim

959 5080 1179 5151 estpraedicata,
1189 5083 1280 5134 mater
1288 5085 1335 5135 est
1343 5082 1468 5153 Domini,
1481 5084 1598 5139 donrina
1607 5088 1791 5159 angelorum,

960 5169 1045 5223 stella
1078 5169 1278 5238 ma1·is,terra
1302 5186 1368 5241 quae
1393 5173 1570 5242 germinavit
1598 5176 1791 5249 Salvatorem,

959 5257 1082 5311 terrade
1098 5272 1155 5328 qua
1171 5256 1314 5312 formatus
1330 5263 1376 5313 est
1385 5276 1475 5315 verus
1487 5262 1590 5332 Adam,
1601 5267 1679 5317 terra
1688 5264 1724 5320 de
1735 5280 1793 5337 qua

961 5349 1024 5401 orta
1039 5349 1086 5400 est
1099 5346 1219 5415 veritas,
1232 5349 1310 5401 terra
1327 5347 1362 5402 de
1378 5363 1435 5419 qua
1451 5350 1575 5406 eductus
1587 5356 1731 5408 estverus
1746 5368 1794 5425 pa·

961 5435 1019 5503 nis,
1046 5437 1210 5506 terraque
1231 5435 1309 5490 dedit
1332 5435 1460 5492 fructum
1482 5455 1578 5509 snum,
1601 5445 1678 5496 terra
1703 5442 1793 5513 cujus

961 5523 1077 5580 fructus
1102 5524 1249 5594 sublimia,
1271 5529 1349 5580 terra
1364 5542 1452 5597 quam
1467 5528 1610 5584 Dominus
1630 5529 1792 5602 benedixit,

958 5616 1039 5675 terra
1054 5613 1090 5672 de
1107 5629 1166 5690 qua
1187 5613 1316 5674 dicitur:
1344 5634 1356 5667 ι
1376 5614 1489 5674 Cecidit
1511 5633 1615 5676 semen
1635 5616 1669 5673 in
1684 5621 1805 5679 tamena

1533 5775 1570 5865 ‘a
