3796 6022
572 252 803 320 SPECULUM
826 254 1044 322 ECCLESIAE

1625 256 1684 324 342

64 481 86 519 n
101 481 154 535 pro
170 463 294 519 salutem
319 464 429 533 mundi,
448 463 480 517 In
505 463 640 534 vesperis
657 476 788 518 eamme·
802 436 832 500 Α
847 463 926 519 tione
941 465 972 519 in
982 480 1081 521 amore
1097 465 1196 523 divino
1208 467 1385 540 quandoque
1400 470 1585 542 pigritemur,
1611 471 1640 524 et
1653 473 1685 526 ut

64 571 101 609 us
115 555 272 609 adventum
289 554 405 609 Domini
425 555 455 607 in
470 554 570 608 mundi
591 568 728 624 vespere.
754 552 787 606 ln

64 644 143 699 torio
173 644 349 714 completum
374 644 429 698 crit
452 644 592 715 gaudium
617 645 787 697 sanctorum

64 733 209 804 generalis
238 733 450 788 retributionis,
468 733 572 788 Merito
595 747 667 803 ergo
692 731 788 785 media

64 821 785 894 icutperprophetummonemur,surgendumast,

64 929 104 967 Ιιιιι
126 913 253 966 rucdium
277 912 429 967 silentium
441 917 581 966 tcnerent
597 911 693 964 arania
704 910 786 981 (Sap.

64 1008 180 1056 exerlm
192 1009 237 1055 cst
253 1001 350 1056 iurrren
366 1003 396 1055 ιἰι
422 1000 661 1071 tcnclrrisll’sal.
676 999 745 1069 cxi),
760 999 789 1053 id

64 1090 173 1155 mistus,
192 1095 221 1144 ut
239 1090 417 1145 illuminaret
440 1091 580 1144 sedentes
604 1091 634 1143 in
657 1088 788 1143 tenebris

66 1179 86 1243 l.
101 1180 245 1250 Tempore
270 1182 366 1234 noctis
382 1183 468 1234 natus
484 1183 530 1234 est
551 1180 586 1233 de
603 1178 735 1250 Virgine.
757 1178 789 1232 ln

847 558 998 610 vertamus
1008 571 1065 610 nos
1079 557 1267 613 adorientem
1282 561 1311 612 et
1320 561 1380 614 loto
1394 575 1518 630 corpore
1530 561 1565 614 ad
1578 560 1682 616 Deum.

846 643 987 715 Sequitur
1002 645 1154 700 Dominica
1182 646 1281 702 Oratio
1305 647 1340 701 ad
1368 649 1505 703 mundata
1535 649 1625 704 corda
1654 653 1684 705 et

848 748 972 803 corpora
989 737 1100 803 nostra,
1113 738 1141 788 et
1153 751 1219 789 oum
1230 737 1379 790 communi
1388 752 1518 792 assensu
1527 739 1684 794 terminata

846 827 967 893 propter
981 826 1152 878 sanctorum
1162 826 1408 880 communionem.
1425 827 1684 883 Lecturusdicens
1741 826 1744 831 ’

846 912 958 966 vicario
973 910 1083 966 Christi
1098 912 1192 984 :jube
1203 913 1336 980 Domire,
1350 914 1524 985 beredicrc,
1534 916 1683 987 principa-

846 1004 906 1056 tum
921 1000 1066 1056 Eeclesiae
1081 1001 1184 1071 innuit,
1204 1005 1233 1056 at
1247 1018 1334 1074 quam
1351 1003 1433 1076 larga
1443 1008 1575 1073 potestas
1589 1005 1684 1061 bane-

846 1090 964 1146 dicendi
992 1091 1033 1145 illi
1051 1091 1157 1145 tradita
1172 1092 1220 1160 sit,
1232 1091 1280 1146 cui
1288 1091 1395 1163 jubere
1411 1093 1509 1147 datum
1524 1097 1579 1161 est,
1596 1094 1681 1160 Quod

846 1181 943 1234 autem
953 1180 1107 1249 sacerdos,
1116 1183 1179 1235 orat
1192 1184 1223 1235 ut
1234 1181 1377 1236 Dominus
1385 1182 1550 1250 benedicat,
1561 1199 1683 1255 sapien·

64 1269 98 1324 »io
114 1269 305 1340 officiihujus
321 1269 403 1323 horae
414 1269 481 1339 quia
491 1267 789 1338 somnopriusdomi-
846 1270 891 1322 ter
906 1284 958 1338 per
971 1268 1122 1324 Christum
1138 1269 1294 1339 benedicit,
1312 1271 1363 1341 qui
1376 1271 1466 1325 totius
1480 1271 1550 1326 tons
1564 1276 1611 1328 est
1631 1274 1683 1329 be·

64 1359 263 1414 conticuimus.
276 1359 401 1412 dicitur:
416 1359 539 1412 Dourinc
549 1357 629 1411 labia
643 1373 706 1411 mea
719 1372 788 1427 apc—
846 1357 1034 1413 nedictionis.
1052 1360 1185 1429 decepta
1195 1359 1412 1430 benedictione,
1429 1361 1567 1434 singulas
1581 1363 1683 1418 lectio-

64 1449 125 1502 'sal
138 1448 177 1512 vl,
196 1447 273 1518 quia,
288 1452 396 1501 rranrrst
408 1447 472 1500 laus
483 1446 615 1517 speciosa
627 1446 790 1516 inarepec·
847 1464 902 1503 nes
917 1447 1037 1519 singula
1053 1451 1197 1519 sequntur
1207 1450 1409 1519 responsoria.
1423 1450 1616 1506 lectionibus
1631 1453 1684 1507 ita-

64 1535 174 1605 .(Eccl.
197 1536 256 1606 xvi,
265 1536 322 1590 nisi
338 1536 402 1606 ipsa
419 1536 534 1590 laudem
551 1535 598 1590 sui
617 1534 694 1588 labia
718 1549 789 1603 ape·

64 1631 174 1698 gnelur,
184 1625 293 1679 Deinde
305 1625 436 1679 divinum
448 1625 620 1680 invocamus
631 1622 787 1678 auxilium:

848 1554 904 1608 que
924 1537 1132 1608 praedicamus,
1156 1539 1360 1608 Responsoria
1388 1542 1457 1623 sunt
1481 1541 1560 1596 bona
1582 1556 1682 1612 opera.

848 1626 1120 1697 lindesiapulchie
1136 1627 1282 1698 dicuntur,
1308 1629 1376 1700 quia
1399 1645 1452 1699 per
1469 1646 1503 1684 ea
1518 1631 1685 1701 responde·

70 1716 272 1788 glorificamus
283 1715 373 1769 ὓειιιιι
383 1715 412 1768 in
436 1715 787 1783 Trinitatepersonarum,
804 1750 831 1814 B
846 1732 924 1786 mus,
940 1715 1152 1771 Pulchreenim
1163 1717 1324 1787 respondet
1333 1720 1534 1788 praedicationi
1548 1720 1685 1791 quiquod

64 1805 251 1859 'ternatiterei
266 1808 312 1857 est
324 1803 427 1875 gloria.
441 1803 579 1873 Sequitur
589 1801 788 1855 invitatorium

64 1909 111 1960 ee,
127 1909 180 1964 per
194 1893 272 1964 quad
297 1895 390 1947 mater
410 1892 544 1947 Ecclesia
566 1892 669 1946 invitat
684 1906 788 1946 omnes

64 1982 138 2037 llud:
164 1982 267 2036 chtc
290 1981 355 2043 dlii,
382 1983 481 2037 acidiae
509 1999 555 2036 nic
578 1982 682 2052 (Prov,
713 1979 787 2050 vm).

64 2072 204 2127 utemhoc
215 2071 244 2125 in
252 2071 415 2142 Epiphania
422 2070 731 2143 praeter·mittilur,ideo
743 2072 790 2124 est

64 2161 127 2231 uagi
142 2161 279 2230 primitiae
290 2161 451 2232 gentiuma
468 2161 548 2215 nullo
564 2160 686 2231 invitati,
705 2160 790 2231 ‚iuxta

68 2249 165 2304 Nemo
189 2266 241 2304 nos
263 2250 538 2319 conducerentur.
561 2268 612 2317 xx,
642 2252 792 2304 venerunt

71 2338 138 2393 coeli
154 2339 288 2394 adorare.
306 2340 341 2394 Et
354 2345 421 2395 nota
436 2340 515 2412 quod
532 2339 789 2409 humilisvoxpre·

64 2446 85 2498 r,
102 2430 155 2485 sed
180 2430 390 2485 convenienter
417 2431 452 2484 ad
482 2428 679 2483 invitatorium
709 2428 791 2482 exal-

64 2519 128 2590 quia
157 2519 291 2574 Ecclesia
316 2523 431 2574 secreto
461 2520 546 2590 quusi
584 2517 685 2572 clauso
714 2517 791 2572 ostio

69 2609 163 2664 Deum
192 2613 377 2680 propterse3
401 2609 455 2663 sed
486 2608 642 2662 manifeste
672 2610 792 2678 propter

64 2699 229 2753 itascendat
240 2699 495 2768 ardorproximos.
506 2698 791 2769 Sequiturhpmnus,

64 2789 143 2844 ;laus
160 2789 212 2843 Dei
227 2805 293 2843 cum
321 2789 445 2856 cantico,
463 2788 511 2843 vcl
535 2804 594 2842 vox
610 2788 733 2841 humana
763 2788 793 2841 in

64 2895 72 2932 ι
87 2878 140 2932 Dei
156 2879 276 2933 metrice
293 2878 466 2948 composita,
483 2878 550 2949 qnia
565 2875 792 2947 postinvitatio-

64 2966 117 3022 ulti
133 2971 353 3038 consequenter
364 2967 481 3021 laudant
494 2967 585 3020 Deum
603 2982 670 3020 cum
682 2964 790 3017 laetitia.

846 1805 959 1861 audivit
973 1805 1074 1876 impiet
1089 1820 1189 1876 opere.
1206 1806 1357 1862 Numerus
1374 1808 1498 1863 istorum
1513 1810 1592 1864 idem
1606 1811 1685 1882 gerit

847 1894 1019 1966 mysterium
1035 1895 1112 1966 quod
1127 1901 1271 1949 numerus
1286 1895 1478 1965 psalmorum.
1495 1898 1570 1954 Tres
1586 1900 1683 1954 turbae

847 1984 1019 2039 Lectionum
1039 1986 1068 2037 et
1081 1984 1342 2053 responsoriorum
1357 1989 1458 2040 nolant
1468 1989 1685 2042 sanctostrium

848 2077 1013 2144 temporum
1040 2072 1215 2144 participare
1238 2073 1334 2146 gloria
1359 2075 1521 2130 Dominicis
1544 2092 1683 2132 resurre-

850 2163 957 2217 ctionis
973 2178 981 2231 ς
997 2178 1064 2233 quae
1079 2166 1165 2217 nacte
1177 2163 1349 2218 Dominicali
1361 2162 1408 2218 vel
1416 2165 1521 2218 festiva
1530 2166 1568 2219 ad
1577 2181 1685 2221 memo-

851 2252 923 2306 riam
946 2251 1105 2307 reducitur.
1136 2252 1297 2308 Ternarius
1326 2269 1467 2309 numerus
1496 2256 1527 2308 in
1556 2255 1685 2327 singulis

853 2341 1024 2409 Nocturnis,
1041 2341 1128 2395 iidem
1144 2342 1295 2397 Trinitatis
1304 2343 1441 2415 designat
1455 2343 1485 2397 in
1501 2344 1596 2398 tribus
1610 2347 1686 2398 tem-

850 2432 989 2503 poribus3
1004 2432 1210 2502 quaternarius
1221 2432 1297 2501 apud
1309 2433 1471 2487 monachos
1499 2433 1687 2487 stabilitatem

851 2522 1021 2592 quadratam
1037 2523 1063 2574 et
1075 2521 1277 2592 evangelicam
1292 2521 1322 2574 in
1348 2522 1459 2576 sanctis
1475 2522 1622 2592 exprimit,
1639 2503 1687 2576 vel

851 2610 1073 2682 quadruplicem
1090 2625 1213 2663 sensum
1228 2609 1446 2680 Scripturarum
1465 2614 1585 2682 propter
1612 2627 1687 2682 qua-

851 2700 953 2772 drigas
969 2699 1143 2753 hminadah.
1160 2698 1189 2752 id
1205 2702 1252 2753 est
1263 2699 1455 2769 historialem,
1481 2702 1685 2772 allegoricum,

851 2789 1067 2861 tropologicum
1083 2792 1111 2841 et
1134 2789 1341 2859 anagogicum.
1361 2789 1398 2843 Ut
1414 2789 1579 2844 Jerusalem
1599 2790 1687 2844 intel·

850 2878 953 2950 ligitur
963 2877 1067 2931 civitas
1077 2880 1204 2945 terrena,
1217 2876 1395 2945 etEcclesia,
1404 2879 1578 2949 etquaelibet
1589 2878 1687 2934 fidelis

850 2968 957 3034 anima,
974 2969 1003 3021 et
1017 2981 1146 3035 superna
1156 2967 1259 3037 patria,

64 3056 139 3112 llud:
158 3056 431 3111 rtudivitetta‘tuia
447 3061 493 3110 cst
509 3052 839 3131 SioutJPsal.xcv1l.c
888 3056 1027 3128 Sequitur
1054 3054 1111 3109 alta
1131 3070 1221 3109 voce:
1253 3054 1292 3109 Te
1311 3055 1406 3109 Derm
1435 3057 1591 3112 lardamrs
1608 3075 1614 3127 ;
1632 3074 1686 3128 per

64 3162 98 3202 aa
112 3146 229 3217 psalmi,
247 3145 297 3217 qui
317 3160 406 3217 opera
430 3144 609 3216 signitlcant,
636 3145 791 3213 sequntur,

64 3236 121 3301 rim,
152 3235 209 3304 vel,
234 3251 350 3304 navem,
373 3238 519 3306 quatenus
544 3249 597 3303 per
625 3232 790 3301 duodecim,

64 3325 181 3380 rectisa
205 3323 323 3396 negotio
352 3322 572 3394 perambulante
600 3323 631 3376 in
660 3321 792 3376 tenebris

78 3414 272 3469 defendamur
287 3415 392 3468 virtute
408 3415 435 3466 et
449 3427 556 3465 novem
572 3410 727 3466 ordinibus
738 3427 792 3465 an-

64 3519 92 3559 m
106 3518 273 3557 mereamnr
287 3501 430 3573 conjungi
446 3500 565 3570 illisque
583 3499 714 3555 sociatos
736 3515 792 3554 nos

64 3607 167 3649 uorum
183 3591 258 3646 testa
271 3591 398 3662 agimus,
417 3593 626 3644 monstremus.
654 3589 712 3643 Per
736 3588 793 3643 hoc

64 3678 340 3753 quodinDominicis
350 3677 487 3732 noctibus
499 3677 793 3749 duodecimpsalmas

64 3784 97 3824 ao
109 3772 252 3823 nocturno
268 3768 412 3835 canimus,
435 3782 589 3821 numerum
612 3767 794 3837 patriarcha-

78 3858 288 3929 prophetarum
310 3859 397 3927 atque
417 3855 619 3926 apostolorum
643 3855 793 3910 memoriae

64 3947 208 4001 inclamas.
224 3944 259 3998 Et
274 3946 351 4017 quod
367 3948 494 4016 quatuor
509 3945 642 4014 psalmos
658 3958 715 3998 una
730 3943 794 4014 glo-

64 4050 119 4091 une
139 4034 290 4088 Trinitatis
310 4034 494 4104 copulamus,
511 4049 564 4087 eos
585 4033 735 4103 significat
764 4032 793 4086 in

64 4126 87 4178 le
102 4123 254 4177 Trinitatis
269 4126 395 4194 quatuor
404 4122 527 4176 virtutes
549 4122 714 4177 cardinales
743 4121 794 4175 ha·

75 4212 178 4269 etaliis
207 4213 340 4282 exempla
365 4214 562 4280 monstrasse,
579 4210 694 4264 scilicet
722 4226 794 4280 pru-

64 4318 95 4371 n,
136 4300 292 4372 justitiam,
332 4300 544 4367 fortitudinem,
560 4297 792 4368 temperantiam.

852 3145 931 3217 quod
945 3146 1126 3200 monstratur
1136 3159 1223 3214 quam
1238 3144 1393 3199 manifeste
1410 3148 1438 3199 et
1451 3147 1573 3201 mirillce
1589 3147 1688 3201 laudat

852 3233 985 3289 Ecclesia
997 3232 1091 3288 Deum
1107 3232 1135 3286 in
1150 3234 1281 3303 tempore
1296 3233 1410 3305 gratiae.
1423 3234 1533 3289 Deinde
1543 3236 1686 3290 sacerdos

851 3340 904 3394 per
916 3338 1039 3378 versum
1049 3321 1223 3377 exhortatur
1236 3324 1267 3376 ut
1277 3322 1402 3377 inlaude
1416 3324 1469 3379 Dei
1484 3328 1685 3395 permaneant.

851 3411 990 3484 Sequitur
1019 3410 1187 3465 matitunale
1207 3410 1348 3483 ottlcium,
1374 3413 1487 3484 dequo
1514 3413 1685 3484 propheta:

851 3502 889 3555 ad
905 3506 934 3555 te
953 3499 991 3556 de
1005 3499 1070 3554 luce
1089 3499 1186 3571 ripilo,
1217 3499 1298 3554 Deus
1320 3500 1415 3561 tPsaI.
1433 3501 1513 3573 ικιι).
1543 3503 1601 3558 Per
1628 3504 1686 3559 hoo

852 3588 1151 3644 oitlciumrceolimus
1165 3589 1306 3659 papulum
1322 3589 1517 3645 Israelitieum
1533 3592 1562 3646 in
1591 3593 1687 3665 figura

852 3678 946 3733 nostri
960 3692 1041 3732 mare
1050 3677 1339 3732 llubrumtransisse
1349 3682 1386 3747 et,
1400 3678 1537 3733 hostibus
1548 3681 1687 3737 submer-

853 3770 908 3837 sis,
926 3767 1051 3822 Domino
1065 3766 1169 3825 laudes
1186 3767 1333 3822 cecinisse
1351 3784 1357 3822 z
1375 3768 1453 3839 quod
1465 3768 1493 3822 in
1509 3770 1611 3841 vigilia
1626 3787 1687 3826 ma-

853 3856 944 3911 tutina
955 3854 1078 3910 Exadius
1094 3858 1237 3909 monstrat
1253 3854 1362 3910 iactum
1378 3857 1473 3911 fuisse
1493 3857 1601 3928 (Exeat.
1625 3861 1688 3932 xiv)

854 3945 885 3999 ln
895 3945 1044 4000 hocetiam
1055 3943 1237 3998 Dominicam
1248 3945 1409 3999 recolimus
1425 3949 1686 4020 resurrectionem,

852 4037 881 4089 et
895 4031 1402 4102 nostramproauntiamussuturam,
1411 4035 1441 4088 in
1452 4034 1534 4089 initio
1546 4036 1687 4092 claritatis

852 4123 993 4177 secundae
1008 4120 1103 4175 stolae.
1127 4120 1211 4174 Unde
1236 4121 1292 4175 hoc
1317 4122 1448 4177 osticium
1481 4125 1633 4194 praedietis
1651 4127 1687 4181 de

853 4211 953 4266 eurisis
967 4210 1086 4280 plenum
1100 4211 1146 4264 est
1161 4210 1308 4265 laudibus.
1326 4211 1358 4265 ln
1374 4212 1520 4283 principio
1531 4213 1623 4284 hujus
1635 4216 1683 4268 di·

850 4301 953 4354 vinum
973 4299 1147 4352 invocamus
1167 4298 1318 4369 auxilium,
1345 4300 1451 4355 deinde
1483 4302 1688 4371 glorificamus

64 4390 154 4445 ›salmi
170 4389 333 4444 alternatim
358 4392 520 4457 cantantur,
545 4387 638 4441 innuit
654 4386 793 4440 alternam
808 4381 837 4444 D
854 4389 957 4455 Deum,
975 4403 1100 4441 summae
1117 4383 1363 4442 Trinitatisuuam
1374 4389 1689 4461 confitentes‚quaeest

64 4495 129 4533 rum
145 4478 180 4531 ad
196 4478 271 4532 bena
287 4477 468 4547 operandum
484 4475 794 4529 cohortationemhn·

64 4584 89 4623 re
126 4567 299 4621 charitatem
331 4567 506 4636 expriment,
542 4580 607 4636 quae
640 4578 795 4617 numerum

64 4672 142 4712 irum
157 4655 266 4710 habent
281 4659 401 4726 propter
421 4671 528 4708 sarisas
545 4653 731 4723 supradictas
760 4651 796 4705 ilc

65 4762 94 4801 s.
113 4745 146 4799 ln
176 4745 317 4800 noniesti
340 4745 445 4799 dicbus
476 4743 630 4798 duodecim
666 4741 797 4812 psalmos

64 4850 97 4891 as
111 4851 164 4905 pra
174 4835 303 4906 singulis
319 4834 401 4888 horis
417 4835 512 4887 noctis
542 4832 572 4886 in
598 4831 707 4902 quibus
737 4830 798 4884 Deo

64 4923 152 4979 ndum
168 4927 224 4992 est,
241 4926 269 4977 et
283 4938 338 4977 sex
355 4922 522 4992 antiphonis
550 4920 638 4974 binos
666 4919 798 4990 psalmos

64 5012 139 5081 mdo,
152 5013 221 5084 quia
236 5013 366 5067 charitas
378 5011 548 5065 necessaria
564 5025 616 5080 per
626 5024 681 5063 sex
697 5011 799 5063 aetates

64 5104 105 5159 lei
119 5107 148 5158 et
162 5100 472 5173 proximicomjungit.
484 5098 568 5164 Quod
578 5099 615 5153 ab
625 5114 684 5153 ιιιιο
696 5098 800 5170 singu·

78 5191 218 5262 incipitur
229 5190 389 5260 antiphona
403 5193 431 5243 et
445 5205 461 5241 a
473 5188 590 5242 caeteris
606 5186 800 5241 communiter

64 5297 101 5335 ιιι·
115 5281 266 5352 significat
282 5279 361 5349 quod
379 5278 459 5332 Deus
475 5277 557 5348 prior
567 5275 669 5332 dilexit
683 5291 750 5344 nos,
773 5279 802 5329 et

64 5365 801 5440 ,actioniejuscorruuuniterresponderedebemus.

64 5474 96 5513 aa
111 5458 140 5512 in
156 5458 212 5513 bne
241 5458 370 5529 lequitur
384 5455 535 5511 ineffabile
565 5455 714 5528 gaudium.
733 5453 805 5507 Post

853 4477 1075 4531 tundamentum
1089 4476 1179 4530 tatius
1194 4477 1264 4531 boni
1279 4477 1428 4547 operis.ln
1442 4478 1496 4531 hac
1511 4479 1590 4532 Hora
1602 4482 1688 4550 quasi

854 4566 984 4636 quinque
1007 4564 1139 4635 psalmos
1154 4565 1190 4618 ad
1205 4567 1395 4620 muniendum
1419 4567 1550 4638 quinque
1578 4584 1688 4623 sensus

855 4653 990 4724 corporis
1006 4654 1150 4708 canimus.
1167 4654 1290 4723 Mystico
1302 4656 1388 4709 etiam
1403 4672 1455 4726 per
1469 4658 1596 4726 primum
1610 4646 1700 4727 psal-⁸

855 4758 934 4796 mum
953 4742 1101 4812 primitiva
1124 4741 1258 4797 Ecclesia
1286 4743 1322 4798 de
1351 4744 1464 4799 ludaeis
1490 4746 1689 4818 designatum

854 4846 908 4903 per
945 4831 1121 4897 seeundum,
1156 4832 1332 4887 secundaria
1366 4834 1403 4889 de
1438 4835 1577 4906 gentibus
1602 4853 1609 4908 ς
1636 4853 1691 4908 per

856 4920 984 4990 tertium,
1008 4919 1060 4991 qui
1087 4919 1163 4975 alius
1179 4920 1311 4991 psalmus
1340 4923 1398 4977 suh
1434 4939 1493 4978 uno
1531 4924 1692 4998 conjungi-

856 5013 903 5065 tur
920 5008 1022 5065 Gloria
1033 5009 1132 5078 Palri,
1148 5009 1356 5080 mysterialiter
1370 5012 1502 5067 innuitur
1516 5014 1595 5084 quod
1609 5019 1692 5071 uter-

857 5114 914 5170 que
923 5098 1053 5170 populus
1062 5098 1093 5152 in
1104 5097 1161 5152 ilne
1175 5099 1277 5153 muudi
1285 5100 1342 5156 suh
1354 5117 1410 5156 una
1418 5102 1474 5157 ilde
1485 5103 1691 5175 confitebitur3

857 5204 912 5258 per
925 5190 1061 5259 quartum
1076 5202 1164 5258 quem
1179 5188 1263 5258 pueri
1273 5189 1304 5243 in
1320 5192 1435 5247 camino
1451 5192 1532 5265 ignis
1558 5197 1693 5249 cantave-

858 5281 936 5347 runt,
951 5276 1096 5349 liguratur
1123 5277 1297 5334 Antichristi
1322 5281 1481 5348 tribulatio,
1508 5299 1596 5353 quam
1612 5285 1694 5338 uter-

859 5381 916 5436 que
931 5365 1059 5437 papulus
1075 5382 1129 5437 pro
1144 5366 1201 5422 ilde
1211 5368 1323 5423 Christi
1332 5371 1467 5440 patietur,
1478 5370 1535 5424 Per
1549 5374 1610 5425 tres
1620 5371 1696 5440 psal·

861 5470 927 5510 mos
942 5452 1110 5526 laudisqui
1125 5456 1212 5527 quasi
1227 5473 1305 5511 uuus
1322 5458 1444 5513 subuna
1462 5458 1564 5513 Gloria
1572 5459 1695 5513 demum
1776 5508 1779 5515 .

64 5564 98 5604 os
120 5552 148 5602 et
168 5548 344 5619 antiphonas
375 5546 558 5601 exclamatur
586 5546 699 5600 Versus
720 5546 806 5598 acuta
864 5543 1088 5617 conjunguntur
1100 5545 1450 5616 tresordinesEcelesiaa,
1460 5548 1606 5618 quoslob,
1619 5547 1694 5618 Noe,

64 5636 88 5692 id
104 5637 278 5692 excitandos
293 5638 419 5703 animas,
437 5636 536 5691 necin
551 5633 810 5706 operevelcogita·
867 5633 968 5691 Daniel
983 5634 1161 5708 exprimunt,
1187 5651 1254 5690 eum
1270 5650 1383 5709 sponso
1399 5636 1544 5693 Ecclesia
1558 5637 1588 5693 in
1611 5637 1699 5695 lauda
