<?xml version="1.0" encoding="UTF-8"?>
<!DOCTYPE html PUBLIC "-//W3C//DTD XHTML 1.0 Transitional//EN"
    "http://www.w3.org/TR/xhtml1/DTD/xhtml1-transitional.dtd">
<html xmlns="http://www.w3.org/1999/xhtml" xml:lang="en" lang="en">
 <head>
  <title>
</title>
<meta http-equiv="Content-Type" content="text/html;charset=utf-8" />
  <meta name='ocr-system' content='tesseract 3.04.00' />
  <meta name='ocr-capabilities' content='ocr_page ocr_carea ocr_par ocr_line ocrx_word'/>
</head>
<body>
  <div class='ocr_page' id='page_1' title='image "./patrologiaecurs28unkngoog_0195.png"; bbox 0 0 3796 6022; ppageno 0'>
   <div class='ocr_carea' id='block_1_1' title="bbox 109 236 206 354">
    <p class='ocr_par' dir='ltr' id='par_1_1' title="bbox 109 236 206 354">
     <span class='ocr_line' id='line_1_1' title="bbox 109 236 206 354; baseline -0.021 0"><span class='ocrx_word' id='word_1_1' title='bbox 109 236 206 354; x_wconf 77' lang='lat' dir='ltr'>ere</span> 
     </span>
    </p>
   </div>
   <div class='ocr_carea' id='block_1_2' title="bbox 489 277 1461 349">
    <p class='ocr_par' dir='ltr' id='par_1_2' title="bbox 489 277 1461 349">
     <span class='ocr_line' id='line_1_2' title="bbox 489 277 1461 349; baseline -0.003 -3"><span class='ocrx_word' id='word_1_2' title='bbox 489 280 709 348; x_wconf 83' lang='lat' dir='ltr'><strong>APPENDIX</strong></span> <span class='ocrx_word' id='word_1_3' title='bbox 730 279 787 347; x_wconf 83' lang='lat' dir='ltr'>AD</span> <span class='ocrx_word' id='word_1_4' title='bbox 813 278 1004 349; x_wconf 84' lang='lat' dir='ltr'>HUGONIS</span> <span class='ocrx_word' id='word_1_5' title='bbox 1027 277 1172 346; x_wconf 81' lang='lat' dir='ltr'><strong>OPERA</strong></span> <span class='ocrx_word' id='word_1_6' title='bbox 1193 278 1461 344; x_wconf 72' lang='lat' dir='ltr'>poemanini.</span> 
     </span>
    </p>
   </div>
   <div class='ocr_carea' id='block_1_3' title="bbox 1786 275 1847 346">
    <p class='ocr_par' dir='ltr' id='par_1_3' title="bbox 1786 275 1847 346">
     <span class='ocr_line' id='line_1_3' title="bbox 1786 275 1847 346; baseline 0 0"><span class='ocrx_word' id='word_1_7' title='bbox 1786 275 1847 346; x_wconf 78' lang='grc'>380</span> 
     </span>
    </p>
   </div>
   <div class='ocr_carea' id='block_1_4' title="bbox 108 485 1845 590">
    <p class='ocr_par' dir='ltr' id='par_1_4' title="bbox 108 485 1845 590">
     <span class='ocr_line' id='line_1_4' title="bbox 108 485 1845 590; baseline -0.003 -44"><span class='ocrx_word' id='word_1_8' title='bbox 108 503 186 560; x_wconf 84' lang='lat' dir='ltr'>nem,</span> <span class='ocrx_word' id='word_1_9' title='bbox 203 491 231 545; x_wconf 91' lang='lat' dir='ltr'>et</span> <span class='ocrx_word' id='word_1_10' title='bbox 246 504 298 559; x_wconf 91' lang='lat' dir='ltr'>per</span> <span class='ocrx_word' id='word_1_11' title='bbox 313 487 545 544; x_wconf 77' lang='lat' dir='ltr'>successionem.</span> <span class='ocrx_word' id='word_1_12' title='bbox 556 485 943 556; x_wconf 72' lang='lat' dir='ltr'>dilectumutaturspiritus¹</span> <span class='ocrx_word' id='word_1_13' title='bbox 961 527 991 590; x_wconf 64' lang='lat' dir='ltr'>A</span> <span class='ocrx_word' id='word_1_14' title='bbox 1006 488 1109 544; x_wconf 91' lang='lat' dir='ltr'>bulum</span> <span class='ocrx_word' id='word_1_15' title='bbox 1122 488 1202 560; x_wconf 82' lang='lat' dir='ltr'>quod</span> <span class='ocrx_word' id='word_1_16' title='bbox 1216 504 1284 544; x_wconf 91' lang='lat' dir='ltr'>cum</span> <span class='ocrx_word' id='word_1_17' title='bbox 1306 489 1434 562; x_wconf 86' lang='lat' dir='ltr'>singulis</span> <span class='ocrx_word' id='word_1_18' title='bbox 1457 487 1650 561; x_wconf 78' lang='lat' dir='ltr'>singulariter</span> <span class='ocrx_word' id='word_1_19' title='bbox 1677 487 1792 542; x_wconf 88' lang='lat' dir='ltr'>dicatur</span> <span class='ocrx_word' id='word_1_20' title='bbox 1815 487 1845 541; x_wconf 92' lang='lat' dir='ltr'>ia</span> 
     </span>
    </p>
   </div>
   <div class='ocr_carea' id='block_1_5' title="bbox 110 578 954 1808">
    <p class='ocr_par' dir='ltr' id='par_1_5' title="bbox 110 578 954 1808">
     <span class='ocr_line' id='line_1_5' title="bbox 110 578 947 641; baseline -0.012 -1"><span class='ocrx_word' id='word_1_21' title='bbox 110 599 178 641; x_wconf 80' lang='lat' dir='ltr'>euin</span> <span class='ocrx_word' id='word_1_22' title='bbox 191 581 279 637; x_wconf 91' lang='lat' dir='ltr'>modo</span> <span class='ocrx_word' id='word_1_23' title='bbox 295 580 388 633; x_wconf 81' lang='lat' dir='ltr'>tristis</span> <span class='ocrx_word' id='word_1_24' title='bbox 404 579 443 633; x_wconf 92' lang='lat' dir='ltr'>sit</span> <span class='ocrx_word' id='word_1_25' title='bbox 457 579 544 633; x_wconf 91' lang='lat' dir='ltr'>modo</span> <span class='ocrx_word' id='word_1_26' title='bbox 561 579 657 634; x_wconf 78' lang='lat' dir='ltr'>laetus.</span> <span class='ocrx_word' id='word_1_27' title='bbox 674 578 733 633; x_wconf 84' lang='lat' dir='ltr'>Sed</span> <span class='ocrx_word' id='word_1_28' title='bbox 743 578 947 632; x_wconf 89' lang='lat' dir='ltr'>sivemutetur</span> 
     </span>
     <span class='ocr_line' id='line_1_6' title="bbox 113 666 947 744; baseline -0.01 -17"><span class='ocrx_word' id='word_1_29' title='bbox 113 671 281 744; x_wconf 77' lang='lat' dir='ltr'>cognitione</span> <span class='ocrx_word' id='word_1_30' title='bbox 306 670 370 723; x_wconf 90' lang='lat' dir='ltr'>sive</span> <span class='ocrx_word' id='word_1_31' title='bbox 398 666 514 738; x_wconf 81' lang='lat' dir='ltr'>affectu,</span> <span class='ocrx_word' id='word_1_32' title='bbox 541 684 666 724; x_wconf 88' lang='lat' dir='ltr'>necesse</span> <span class='ocrx_word' id='word_1_33' title='bbox 685 671 731 722; x_wconf 90' lang='lat' dir='ltr'>est</span> <span class='ocrx_word' id='word_1_34' title='bbox 759 670 789 721; x_wconf 89' lang='lat' dir='ltr'>ut</span> <span class='ocrx_word' id='word_1_35' title='bbox 825 666 947 720; x_wconf 91' lang='lat' dir='ltr'>mutatio</span> 
     </span>
     <span class='ocr_line' id='line_1_7' title="bbox 110 755 941 828; baseline -0.01 -12"><span class='ocrx_word' id='word_1_36' title='bbox 110 755 941 828; x_wconf 82' lang='lat' dir='ltr'>secundumtempuscomrnutelur·.Semperenimaliquid</span> 
     </span>
     <span class='ocr_line' id='line_1_8' title="bbox 110 845 948 919; baseline -0.007 -16"><span class='ocrx_word' id='word_1_37' title='bbox 110 848 169 904; x_wconf 85' lang='lat' dir='ltr'>sibi</span> <span class='ocrx_word' id='word_1_38' title='bbox 184 849 266 919; x_wconf 89' lang='lat' dir='ltr'>prius</span> <span class='ocrx_word' id='word_1_39' title='bbox 282 849 310 900; x_wconf 91' lang='grc' dir='ltr'>θῖ</span> <span class='ocrx_word' id='word_1_40' title='bbox 325 847 435 918; x_wconf 89' lang='lat' dir='ltr'>aliquid</span> <span class='ocrx_word' id='word_1_41' title='bbox 451 848 600 918; x_wconf 77' lang='lat' dir='ltr'>posterius</span> <span class='ocrx_word' id='word_1_42' title='bbox 615 851 671 901; x_wconf 86' lang='lat' dir='ltr'>est.</span> <span class='ocrx_word' id='word_1_43' title='bbox 688 845 822 919; x_wconf 78' lang='lat' dir='ltr'>Singulae</span> <span class='ocrx_word' id='word_1_44' title='bbox 848 848 948 898; x_wconf 88' lang='lat' dir='ltr'>autem</span> 
     </span>
     <span class='ocr_line' id='line_1_9' title="bbox 111 933 949 1007; baseline -0.006 -16"><span class='ocrx_word' id='word_1_45' title='bbox 111 936 215 991; x_wconf 86' lang='lat' dir='ltr'>harum</span> <span class='ocrx_word' id='word_1_46' title='bbox 231 937 423 991; x_wconf 80' lang='lat' dir='ltr'>mutationum</span> <span class='ocrx_word' id='word_1_47' title='bbox 439 941 651 991; x_wconf 86' lang='lat' dir='ltr'>removentura</span> <span class='ocrx_word' id='word_1_48' title='bbox 669 937 730 990; x_wconf 86' lang='lat' dir='ltr'>Deo</span> <span class='ocrx_word' id='word_1_49' title='bbox 742 933 949 1007; x_wconf 87' lang='lat' dir='ltr'>quianectoco</span> 
     </span>
     <span class='ocr_line' id='line_1_10' title="bbox 112 1022 950 1097; baseline -0.007 -15"><span class='ocrx_word' id='word_1_50' title='bbox 112 1029 256 1096; x_wconf 86' lang='lat' dir='ltr'>movetur,</span> <span class='ocrx_word' id='word_1_51' title='bbox 274 1026 342 1097; x_wconf 89' lang='lat' dir='ltr'>quia</span> <span class='ocrx_word' id='word_1_52' title='bbox 358 1026 467 1097; x_wconf 87' lang='lat' dir='ltr'>ubique</span> <span class='ocrx_word' id='word_1_53' title='bbox 477 1030 522 1080; x_wconf 90' lang='lat' dir='ltr'>est</span> <span class='ocrx_word' id='word_1_54' title='bbox 538 1042 545 1095; x_wconf 78' lang='lat'><em>3</em></span> <span class='ocrx_word' id='word_1_55' title='bbox 562 1042 616 1080; x_wconf 90' lang='lat' dir='ltr'>aec</span> <span class='ocrx_word' id='word_1_56' title='bbox 631 1025 725 1080; x_wconf 80' lang='lat' dir='ltr'>forma</span> <span class='ocrx_word' id='word_1_57' title='bbox 739 1026 807 1096; x_wconf 89' lang='lat' dir='ltr'>quia</span> <span class='ocrx_word' id='word_1_58' title='bbox 823 1022 950 1092; x_wconf 83' lang='lat' dir='ltr'>simplex</span> 
     </span>
     <span class='ocr_line' id='line_1_11' title="bbox 112 1110 951 1186; baseline -0.007 -14"><span class='ocrx_word' id='word_1_59' title='bbox 112 1115 244 1172; x_wconf 89' lang='lat' dir='ltr'>essentia</span> <span class='ocrx_word' id='word_1_60' title='bbox 259 1116 392 1186; x_wconf 85' lang='lat' dir='ltr'>partibus</span> <span class='ocrx_word' id='word_1_61' title='bbox 410 1119 513 1182; x_wconf 86' lang='lat' dir='ltr'>caret;</span> <span class='ocrx_word' id='word_1_62' title='bbox 538 1132 592 1170; x_wconf 89' lang='lat' dir='ltr'>neo</span> <span class='ocrx_word' id='word_1_63' title='bbox 622 1114 762 1186; x_wconf 81' lang='lat' dir='ltr'>cognitio,</span> <span class='ocrx_word' id='word_1_64' title='bbox 783 1114 852 1184; x_wconf 87' lang='lat' dir='ltr'>quia</span> <span class='ocrx_word' id='word_1_65' title='bbox 882 1110 951 1182; x_wconf 82' lang='lat' dir='ltr'>ejus</span> 
     </span>
     <span class='ocr_line' id='line_1_12' title="bbox 114 1201 951 1273; baseline -0.007 -13"><span class='ocrx_word' id='word_1_66' title='bbox 114 1204 239 1260; x_wconf 83' lang='lat' dir='ltr'>scientia</span> <span class='ocrx_word' id='word_1_67' title='bbox 254 1220 309 1258; x_wconf 89' lang='lat' dir='ltr'>nec</span> <span class='ocrx_word' id='word_1_68' title='bbox 325 1205 443 1273; x_wconf 90' lang='lat' dir='ltr'>crescit,</span> <span class='ocrx_word' id='word_1_69' title='bbox 455 1220 511 1259; x_wconf 90' lang='lat' dir='ltr'>nec</span> <span class='ocrx_word' id='word_1_70' title='bbox 521 1205 672 1273; x_wconf 90' lang='lat' dir='ltr'>minuitur,</span> <span class='ocrx_word' id='word_1_71' title='bbox 690 1219 745 1258; x_wconf 91' lang='lat' dir='ltr'>nec</span> <span class='ocrx_word' id='word_1_72' title='bbox 761 1217 852 1257; x_wconf 80' lang='lat' dir='ltr'>arnum</span> <span class='ocrx_word' id='word_1_73' title='bbox 867 1201 951 1271; x_wconf 86' lang='lat' dir='ltr'>prius</span> 
     </span>
     <span class='ocr_line' id='line_1_13' title="bbox 112 1288 954 1363; baseline -0.005 -16"><span class='ocrx_word' id='word_1_74' title='bbox 112 1292 160 1350; x_wconf 81' lang='lat' dir='ltr'>vel</span> <span class='ocrx_word' id='word_1_75' title='bbox 176 1293 254 1347; x_wconf 91' lang='lat' dir='ltr'>aliud</span> <span class='ocrx_word' id='word_1_76' title='bbox 263 1294 415 1363; x_wconf 87' lang='lat' dir='ltr'>posterius</span> <span class='ocrx_word' id='word_1_77' title='bbox 423 1292 655 1363; x_wconf 84' lang='lat' dir='ltr'>comprehendit.</span> <span class='ocrx_word' id='word_1_78' title='bbox 668 1291 810 1346; x_wconf 72' lang='lat' dir='ltr'>Similiter</span> <span class='ocrx_word' id='word_1_79' title='bbox 819 1306 874 1345; x_wconf 91' lang='lat' dir='ltr'>nec</span> <span class='ocrx_word' id='word_1_80' title='bbox 886 1288 954 1343; x_wconf 83' lang='lat' dir='ltr'>atie·</span> 
     </span>
     <span class='ocr_line' id='line_1_14' title="bbox 116 1378 953 1454; baseline -0.006 -17"><span class='ocrx_word' id='word_1_81' title='bbox 116 1383 165 1437; x_wconf 90' lang='lat' dir='ltr'>ctu</span> <span class='ocrx_word' id='word_1_82' title='bbox 180 1385 318 1451; x_wconf 88' lang='lat' dir='ltr'>mutatur,</span> <span class='ocrx_word' id='word_1_83' title='bbox 330 1383 399 1454; x_wconf 89' lang='lat' dir='ltr'>quia</span> <span class='ocrx_word' id='word_1_84' title='bbox 416 1398 530 1437; x_wconf 89' lang='lat' dir='ltr'>summe</span> <span class='ocrx_word' id='word_1_85' title='bbox 545 1383 643 1437; x_wconf 85' lang='lat' dir='ltr'>honus</span> <span class='ocrx_word' id='word_1_86' title='bbox 672 1381 745 1435; x_wconf 89' lang='lat' dir='ltr'>nihil</span> <span class='ocrx_word' id='word_1_87' title='bbox 775 1378 953 1434; x_wconf 89' lang='lat' dir='ltr'>contrarium</span> 
     </span>
     <span class='ocr_line' id='line_1_15' title="bbox 116 1469 954 1544; baseline -0.004 -19"><span class='ocrx_word' id='word_1_88' title='bbox 116 1487 181 1526; x_wconf 86' lang='lat' dir='ltr'>suae</span> <span class='ocrx_word' id='word_1_89' title='bbox 195 1469 318 1527; x_wconf 84' lang='lat' dir='ltr'>bonitati</span> <span class='ocrx_word' id='word_1_90' title='bbox 334 1472 447 1542; x_wconf 83' lang='lat' dir='ltr'>recipit.</span> <span class='ocrx_word' id='word_1_91' title='bbox 465 1471 536 1526; x_wconf 82' lang='lat' dir='ltr'>Cum</span> <span class='ocrx_word' id='word_1_92' title='bbox 553 1471 644 1544; x_wconf 88' lang='lat' dir='ltr'>igilur</span> <span class='ocrx_word' id='word_1_93' title='bbox 659 1469 829 1525; x_wconf 86' lang='lat' dir='ltr'>Deusnullo</span> <span class='ocrx_word' id='word_1_94' title='bbox 844 1483 954 1540; x_wconf 87' lang='lat' dir='ltr'>genere</span> 
     </span>
     <span class='ocr_line' id='line_1_16' title="bbox 115 1558 953 1631; baseline -0.006 -16"><span class='ocrx_word' id='word_1_95' title='bbox 115 1559 241 1616; x_wconf 84' lang='lat' dir='ltr'>istorum</span> <span class='ocrx_word' id='word_1_96' title='bbox 256 1563 382 1631; x_wconf 90' lang='lat' dir='ltr'>quatuor</span> <span class='ocrx_word' id='word_1_97' title='bbox 395 1564 531 1630; x_wconf 91' lang='lat' dir='ltr'>mutetur,</span> <span class='ocrx_word' id='word_1_98' title='bbox 549 1576 603 1615; x_wconf 92' lang='lat' dir='ltr'>nec</span> <span class='ocrx_word' id='word_1_99' title='bbox 626 1563 758 1630; x_wconf 90' lang='lat' dir='ltr'>tempore</span> <span class='ocrx_word' id='word_1_100' title='bbox 785 1558 953 1612; x_wconf 78' lang='lat' dir='ltr'>mutabitur.</span> 
     </span>
     <span class='ocr_line' id='line_1_17' title="bbox 115 1646 953 1721; baseline -0.005 -17"><span class='ocrx_word' id='word_1_101' title='bbox 115 1647 188 1714; x_wconf 87' lang='lat' dir='ltr'>Quia</span> <span class='ocrx_word' id='word_1_102' title='bbox 205 1665 277 1721; x_wconf 88' lang='lat' dir='ltr'>ergo</span> <span class='ocrx_word' id='word_1_103' title='bbox 292 1654 372 1704; x_wconf 90' lang='lat' dir='ltr'>caret</span> <span class='ocrx_word' id='word_1_104' title='bbox 386 1650 543 1721; x_wconf 87' lang='lat' dir='ltr'>principio,</span> <span class='ocrx_word' id='word_1_105' title='bbox 560 1653 587 1705; x_wconf 90' lang='lat' dir='ltr'>et</span> <span class='ocrx_word' id='word_1_106' title='bbox 603 1651 671 1718; x_wconf 89' lang='lat' dir='ltr'>tine,</span> <span class='ocrx_word' id='word_1_107' title='bbox 690 1651 718 1703; x_wconf 92' lang='lat' dir='ltr'>et</span> <span class='ocrx_word' id='word_1_108' title='bbox 747 1646 953 1715; x_wconf 87' lang='lat' dir='ltr'>mutabilitate,</span> 
     </span>
     <span class='ocr_line' id='line_1_18' title="bbox 116 1739 655 1808; baseline 0 -15"><span class='ocrx_word' id='word_1_109' title='bbox 116 1741 148 1793; x_wconf 90' lang='lat' dir='ltr'>ut</span> <span class='ocrx_word' id='word_1_110' title='bbox 163 1739 272 1794; x_wconf 90' lang='lat' dir='ltr'>dictum</span> <span class='ocrx_word' id='word_1_111' title='bbox 288 1743 343 1808; x_wconf 89' lang='lat' dir='ltr'>est,</span> <span class='ocrx_word' id='word_1_112' title='bbox 363 1741 442 1795; x_wconf 88' lang='lat' dir='ltr'>Deus</span> <span class='ocrx_word' id='word_1_113' title='bbox 457 1743 587 1794; x_wconf 85' lang='lat' dir='ltr'>aeternus</span> <span class='ocrx_word' id='word_1_114' title='bbox 599 1743 655 1794; x_wconf 86' lang='lat' dir='ltr'>est.</span> 
     </span>
    </p>
   </div>
   <div class='ocr_carea' id='block_1_6' title="bbox 1006 576 1849 1812">
    <p class='ocr_par' dir='ltr' id='par_1_6' title="bbox 1006 576 1849 1707">
     <span class='ocr_line' id='line_1_19' title="bbox 1006 576 1843 651; baseline -0.004 -18"><span class='ocrx_word' id='word_1_115' title='bbox 1006 595 1132 646; x_wconf 87' lang='lat' dir='ltr'>summa,</span> <span class='ocrx_word' id='word_1_116' title='bbox 1144 594 1202 632; x_wconf 91' lang='lat' dir='ltr'>uon</span> <span class='ocrx_word' id='word_1_117' title='bbox 1219 581 1315 633; x_wconf 89' lang='lat' dir='ltr'>tamen</span> <span class='ocrx_word' id='word_1_118' title='bbox 1331 579 1532 651; x_wconf 81' lang='lat' dir='ltr'>singulariter,</span> <span class='ocrx_word' id='word_1_119' title='bbox 1547 578 1600 633; x_wconf 90' lang='lat' dir='ltr'>sed</span> <span class='ocrx_word' id='word_1_120' title='bbox 1611 576 1763 648; x_wconf 86' lang='lat' dir='ltr'>pluraliter</span> <span class='ocrx_word' id='word_1_121' title='bbox 1777 592 1843 646; x_wconf 88' lang='lat' dir='ltr'>pro·</span> 
     </span>
     <span class='ocr_line' id='line_1_20' title="bbox 1007 667 1845 737; baseline -0.002 -16"><span class='ocrx_word' id='word_1_122' title='bbox 1007 667 1166 722; x_wconf 91' lang='lat' dir='ltr'>nuntiatur.</span> <span class='ocrx_word' id='word_1_123' title='bbox 1179 667 1336 722; x_wconf 87' lang='lat' dir='ltr'>Plurulilas</span> <span class='ocrx_word' id='word_1_124' title='bbox 1352 668 1430 723; x_wconf 92' lang='lat' dir='ltr'>enim</span> <span class='ocrx_word' id='word_1_125' title='bbox 1457 668 1504 722; x_wconf 81' lang='lat' dir='ltr'>vel</span> <span class='ocrx_word' id='word_1_126' title='bbox 1529 668 1680 723; x_wconf 89' lang='lat' dir='ltr'>distinctio</span> <span class='ocrx_word' id='word_1_127' title='bbox 1702 681 1845 737; x_wconf 87' lang='lat' dir='ltr'>persona·</span> 
     </span>
     <span class='ocr_line' id='line_1_21' title="bbox 1008 755 1843 828; baseline -0.005 -17"><span class='ocrx_word' id='word_1_128' title='bbox 1008 773 1072 812; x_wconf 91' lang='lat' dir='ltr'>rum</span> <span class='ocrx_word' id='word_1_129' title='bbox 1088 773 1147 812; x_wconf 90' lang='lat' dir='ltr'>noa</span> <span class='ocrx_word' id='word_1_130' title='bbox 1162 758 1242 827; x_wconf 89' lang='lat' dir='ltr'>ponit</span> <span class='ocrx_word' id='word_1_131' title='bbox 1253 757 1365 828; x_wconf 87' lang='lat' dir='ltr'>aliquid</span> <span class='ocrx_word' id='word_1_132' title='bbox 1380 758 1434 811; x_wconf 92' lang='lat' dir='ltr'>sed</span> <span class='ocrx_word' id='word_1_133' title='bbox 1450 759 1591 824; x_wconf 85' lang='lat' dir='ltr'>removet,</span> <span class='ocrx_word' id='word_1_134' title='bbox 1617 772 1677 810; x_wconf 93' lang='lat' dir='ltr'>non</span> <span class='ocrx_word' id='word_1_135' title='bbox 1702 755 1843 809; x_wconf 90' lang='lat' dir='ltr'>unitatem</span> 
     </span>
     <span class='ocr_line' id='line_1_22' title="bbox 1008 842 1846 918; baseline -0.006 -18"><span class='ocrx_word' id='word_1_136' title='bbox 1008 846 1183 901; x_wconf 69' lang='lat' dir='ltr'>substantiae</span> <span class='ocrx_word' id='word_1_137' title='bbox 1195 846 1249 900; x_wconf 89' lang='lat' dir='ltr'>sed</span> <span class='ocrx_word' id='word_1_138' title='bbox 1263 846 1462 916; x_wconf 88' lang='lat' dir='ltr'>solutidinem,</span> <span class='ocrx_word' id='word_1_139' title='bbox 1495 849 1583 918; x_wconf 87' lang='lat' dir='ltr'>negat</span> <span class='ocrx_word' id='word_1_140' title='bbox 1603 844 1682 900; x_wconf 87' lang='lat' dir='ltr'>enim</span> <span class='ocrx_word' id='word_1_141' title='bbox 1710 842 1846 899; x_wconf 85' lang='lat' dir='ltr'>solitudi-</span> 
     </span>
     <span class='ocr_line' id='line_1_23' title="bbox 1009 934 1848 1008; baseline -0.005 -19"><span class='ocrx_word' id='word_1_142' title='bbox 1009 935 1361 1008; x_wconf 88' lang='lat' dir='ltr'>nemetsingularitatem.</span> <span class='ocrx_word' id='word_1_143' title='bbox 1373 935 1457 991; x_wconf 92' lang='lat' dir='ltr'>Unde</span> <span class='ocrx_word' id='word_1_144' title='bbox 1467 936 1609 1004; x_wconf 60' lang='lat' dir='ltr'>Hilarium</span> <span class='ocrx_word' id='word_1_145' title='bbox 1617 934 1775 989; x_wconf 78' lang='lat' dir='ltr'>Protessio</span> <span class='ocrx_word' id='word_1_146' title='bbox 1783 949 1848 987; x_wconf 82' lang='lat' dir='ltr'>con</span> 
     </span>
     <span class='ocr_line' id='line_1_24' title="bbox 1010 1023 1847 1098; baseline -0.004 -20"><span class='ocrx_word' id='word_1_147' title='bbox 1010 1024 1101 1078; x_wconf 85' lang='lat' dir='ltr'>sortii</span> <span class='ocrx_word' id='word_1_148' title='bbox 1115 1025 1236 1079; x_wconf 85' lang='lat' dir='ltr'>sustulit</span> <span class='ocrx_word' id='word_1_149' title='bbox 1252 1025 1483 1098; x_wconf 70' lang='lat' dir='ltr'>intelligentiam</span> <span class='ocrx_word' id='word_1_150' title='bbox 1498 1025 1730 1097; x_wconf 74' lang='lat' dir='ltr'>singularitatis.</span> <span class='ocrx_word' id='word_1_151' title='bbox 1746 1023 1847 1094; x_wconf 91' lang='lat' dir='ltr'>ltaque</span> 
     </span>
     <span class='ocr_line' id='line_1_25' title="bbox 1011 1112 1848 1186; baseline -0.005 -18"><span class='ocrx_word' id='word_1_152' title='bbox 1011 1114 1216 1169; x_wconf 88' lang='lat' dir='ltr'>cumdicimus</span> <span class='ocrx_word' id='word_1_153' title='bbox 1242 1115 1343 1185; x_wconf 87' lang='lat' dir='ltr'>plures</span> <span class='ocrx_word' id='word_1_154' title='bbox 1371 1131 1527 1186; x_wconf 88' lang='lat' dir='ltr'>personas,</span> <span class='ocrx_word' id='word_1_155' title='bbox 1554 1114 1685 1168; x_wconf 90' lang='lat' dir='ltr'>tollimus</span> <span class='ocrx_word' id='word_1_156' title='bbox 1709 1112 1848 1167; x_wconf 91' lang='lat' dir='ltr'>solitudi-</span> 
     </span>
     <span class='ocr_line' id='line_1_26' title="bbox 1012 1200 1848 1276; baseline -0.004 -19"><span class='ocrx_word' id='word_1_157' title='bbox 1012 1219 1080 1258; x_wconf 88' lang='lat' dir='ltr'>nem</span> <span class='ocrx_word' id='word_1_158' title='bbox 1094 1206 1123 1258; x_wconf 89' lang='lat' dir='ltr'>et</span> <span class='ocrx_word' id='word_1_159' title='bbox 1133 1204 1338 1276; x_wconf 79' lang='lat' dir='ltr'>significamus</span> <span class='ocrx_word' id='word_1_160' title='bbox 1349 1205 1427 1276; x_wconf 87' lang='lat' dir='ltr'>quod</span> <span class='ocrx_word' id='word_1_161' title='bbox 1435 1204 1522 1258; x_wconf 87' lang='lat' dir='ltr'>Pater</span> <span class='ocrx_word' id='word_1_162' title='bbox 1532 1206 1644 1258; x_wconf 86' lang='lat' dir='ltr'>nonest</span> <span class='ocrx_word' id='word_1_163' title='bbox 1654 1203 1749 1257; x_wconf 87' lang='lat' dir='ltr'>solus.</span> <span class='ocrx_word' id='word_1_164' title='bbox 1761 1200 1848 1255; x_wconf 88' lang='lat' dir='ltr'>Cum-</span> 
     </span>
     <span class='ocr_line' id='line_1_27' title="bbox 1015 1290 1848 1364; baseline -0.005 -17"><span class='ocrx_word' id='word_1_165' title='bbox 1015 1308 1071 1364; x_wconf 89' lang='lat' dir='ltr'>que</span> <span class='ocrx_word' id='word_1_166' title='bbox 1087 1296 1148 1348; x_wconf 90' lang='lat' dir='ltr'>tres</span> <span class='ocrx_word' id='word_1_167' title='bbox 1158 1293 1331 1363; x_wconf 86' lang='lat' dir='ltr'>profitemur</span> <span class='ocrx_word' id='word_1_168' title='bbox 1354 1309 1511 1364; x_wconf 90' lang='lat' dir='ltr'>personas,</span> <span class='ocrx_word' id='word_1_169' title='bbox 1541 1292 1740 1364; x_wconf 80' lang='lat' dir='ltr'>praedicamus</span> <span class='ocrx_word' id='word_1_170' title='bbox 1768 1290 1848 1361; x_wconf 91' lang='lat' dir='ltr'>quod</span> 
     </span>
     <span class='ocr_line' id='line_1_28' title="bbox 1015 1380 1849 1452; baseline -0.006 -15"><span class='ocrx_word' id='word_1_171' title='bbox 1015 1398 1074 1437; x_wconf 90' lang='lat' dir='ltr'>non</span> <span class='ocrx_word' id='word_1_172' title='bbox 1088 1385 1199 1437; x_wconf 90' lang='lat' dir='ltr'>tantum</span> <span class='ocrx_word' id='word_1_173' title='bbox 1216 1398 1272 1437; x_wconf 90' lang='lat' dir='ltr'>uua</span> <span class='ocrx_word' id='word_1_174' title='bbox 1286 1386 1341 1452; x_wconf 91' lang='lat' dir='ltr'>est,</span> <span class='ocrx_word' id='word_1_175' title='bbox 1358 1399 1413 1438; x_wconf 91' lang='lat' dir='ltr'>aec</span> <span class='ocrx_word' id='word_1_176' title='bbox 1427 1387 1538 1439; x_wconf 88' lang='lat' dir='ltr'>lantum</span> <span class='ocrx_word' id='word_1_177' title='bbox 1554 1383 1630 1451; x_wconf 84' lang='lat' dir='ltr'>dura,</span> <span class='ocrx_word' id='word_1_178' title='bbox 1643 1380 1696 1436; x_wconf 87' lang='lat' dir='ltr'>sed</span> <span class='ocrx_word' id='word_1_179' title='bbox 1716 1384 1778 1435; x_wconf 87' lang='lat' dir='ltr'>tres</span> <span class='ocrx_word' id='word_1_180' title='bbox 1809 1380 1849 1432; x_wconf 87' lang='lat' dir='ltr'>si·</span> 
     </span>
     <span class='ocr_line' id='line_1_29' title="bbox 1016 1469 1848 1543; baseline -0.006 -18"><span class='ocrx_word' id='word_1_181' title='bbox 1016 1472 1086 1540; x_wconf 92' lang='lat' dir='ltr'>mul,</span> <span class='ocrx_word' id='word_1_182' title='bbox 1099 1470 1134 1525; x_wconf 83' lang='grc' dir='ltr'>Εῖ</span> <span class='ocrx_word' id='word_1_183' title='bbox 1149 1475 1209 1526; x_wconf 86' lang='lat' dir='ltr'>tres</span> <span class='ocrx_word' id='word_1_184' title='bbox 1221 1471 1401 1542; x_wconf 84' lang='lat' dir='ltr'>profitemur,</span> <span class='ocrx_word' id='word_1_185' title='bbox 1419 1472 1487 1543; x_wconf 89' lang='lat' dir='ltr'>quia</span> <span class='ocrx_word' id='word_1_186' title='bbox 1503 1470 1645 1543; x_wconf 88' lang='lat' dir='ltr'>quidquid</span> <span class='ocrx_word' id='word_1_187' title='bbox 1654 1470 1689 1524; x_wconf 90' lang='lat' dir='ltr'>de</span> <span class='ocrx_word' id='word_1_188' title='bbox 1707 1469 1768 1523; x_wconf 87' lang='lat' dir='ltr'>Deo</span> <span class='ocrx_word' id='word_1_189' title='bbox 1779 1484 1848 1522; x_wconf 88' lang='lat' dir='ltr'>vere</span> 
     </span>
     <span class='ocr_line' id='line_1_30' title="bbox 1016 1556 1848 1633; baseline -0.004 -18"><span class='ocrx_word' id='word_1_190' title='bbox 1016 1561 1132 1632; x_wconf 92' lang='lat' dir='ltr'>dicitur,</span> <span class='ocrx_word' id='word_1_191' title='bbox 1149 1561 1185 1615; x_wconf 89' lang='lat' dir='ltr'>ad</span> <span class='ocrx_word' id='word_1_192' title='bbox 1200 1562 1358 1632; x_wconf 91' lang='lat' dir='ltr'>potentiam</span> <span class='ocrx_word' id='word_1_193' title='bbox 1373 1561 1451 1633; x_wconf 70' lang='lat' dir='ltr'>ejuS,</span> <span class='ocrx_word' id='word_1_194' title='bbox 1468 1561 1515 1617; x_wconf 77' lang='lat' dir='ltr'>vel</span> <span class='ocrx_word' id='word_1_195' title='bbox 1527 1560 1710 1630; x_wconf 88' lang='lat' dir='ltr'>sapientiam,</span> <span class='ocrx_word' id='word_1_196' title='bbox 1727 1558 1773 1612; x_wconf 87' lang='lat' dir='ltr'>vel</span> <span class='ocrx_word' id='word_1_197' title='bbox 1797 1556 1848 1612; x_wconf 87' lang='lat' dir='ltr'>be·</span> 
     </span>
     <span class='ocr_line' id='line_1_31' title="bbox 1017 1649 1289 1707; baseline 0.004 -3"><span class='ocrx_word' id='word_1_198' title='bbox 1017 1651 1137 1705; x_wconf 89' lang='lat' dir='ltr'>nitatem</span> <span class='ocrx_word' id='word_1_199' title='bbox 1152 1649 1289 1707; x_wconf 79' lang='lat' dir='ltr'>retertur.</span> 
     </span>
    </p>

    <p class='ocr_par' dir='ltr' id='par_1_7' title="bbox 1052 1737 1848 1812">
     <span class='ocr_line' id='line_1_32' title="bbox 1052 1737 1848 1812; baseline -0.008 -18"><span class='ocrx_word' id='word_1_200' title='bbox 1052 1741 1216 1812; x_wconf 79' lang='lat' dir='ltr'>Scdquaeri</span> <span class='ocrx_word' id='word_1_201' title='bbox 1242 1744 1349 1812; x_wconf 90' lang='lat' dir='ltr'>potest,</span> <span class='ocrx_word' id='word_1_202' title='bbox 1376 1757 1443 1796; x_wconf 91' lang='lat' dir='ltr'>cum</span> <span class='ocrx_word' id='word_1_203' title='bbox 1468 1741 1533 1795; x_wconf 84' lang='lat' dir='ltr'>lraec</span> <span class='ocrx_word' id='word_1_204' title='bbox 1560 1739 1615 1795; x_wconf 91' lang='lat' dir='ltr'>tria</span> <span class='ocrx_word' id='word_1_205' title='bbox 1646 1740 1676 1793; x_wconf 92' lang='lat' dir='ltr'>in</span> <span class='ocrx_word' id='word_1_206' title='bbox 1697 1737 1758 1791; x_wconf 87' lang='lat' dir='ltr'>Deo</span> <span class='ocrx_word' id='word_1_207' title='bbox 1784 1752 1848 1806; x_wconf 92' lang='lat' dir='ltr'>per-</span> 
     </span>
    </p>
   </div>
   <div class='ocr_carea' id='block_1_7' title="bbox 153 1825 1849 1913">
    <p class='ocr_par' dir='ltr' id='par_1_8' title="bbox 153 1825 1849 1913">
     <span class='ocr_line' id='line_1_33' title="bbox 153 1825 1849 1913; baseline -0.001 -30"><span class='ocrx_word' id='word_1_208' title='bbox 153 1828 274 1900; x_wconf 84' lang='lat' dir='ltr'>Reperit</span> <span class='ocrx_word' id='word_1_209' title='bbox 289 1844 407 1900; x_wconf 91' lang='lat' dir='ltr'>quoque</span> <span class='ocrx_word' id='word_1_210' title='bbox 422 1829 496 1884; x_wconf 88' lang='lat' dir='ltr'>ratio</span> <span class='ocrx_word' id='word_1_211' title='bbox 507 1828 537 1882; x_wconf 95' lang='lat' dir='ltr'>in</span> <span class='ocrx_word' id='word_1_212' title='bbox 551 1828 692 1883; x_wconf 87' lang='lat' dir='ltr'>Trinitaie</span> <span class='ocrx_word' id='word_1_213' title='bbox 713 1825 952 1881; x_wconf 89' lang='lat' dir='ltr'>communionem</span> <span class='ocrx_word' id='word_1_214' title='bbox 974 1850 1001 1913; x_wconf 75' lang='grc' dir='ltr'><strong>Β</strong></span> <span class='ocrx_word' id='word_1_215' title='bbox 1017 1845 1100 1885; x_wconf 77' lang='lat' dir='ltr'>sonae</span> <span class='ocrx_word' id='word_1_216' title='bbox 1115 1830 1260 1900; x_wconf 89' lang='lat' dir='ltr'>dicantur,</span> <span class='ocrx_word' id='word_1_217' title='bbox 1277 1846 1378 1902; x_wconf 80' lang='lat' dir='ltr'>quaere</span> <span class='ocrx_word' id='word_1_218' title='bbox 1389 1831 1437 1885; x_wconf 90' lang='lat' dir='ltr'>illa</span> <span class='ocrx_word' id='word_1_219' title='bbox 1448 1831 1503 1885; x_wconf 90' lang='lat' dir='ltr'>tria</span> <span class='ocrx_word' id='word_1_220' title='bbox 1519 1831 1549 1884; x_wconf 93' lang='lat' dir='ltr'>in</span> <span class='ocrx_word' id='word_1_221' title='bbox 1568 1829 1665 1885; x_wconf 89' lang='lat' dir='ltr'>anima</span> <span class='ocrx_word' id='word_1_222' title='bbox 1691 1842 1758 1898; x_wconf 87' lang='lat' dir='ltr'>quae</span> <span class='ocrx_word' id='word_1_223' title='bbox 1780 1828 1849 1879; x_wconf 86' lang='lat' dir='ltr'>suut</span> 
     </span>
    </p>
   </div>
   <div class='ocr_carea' id='block_1_8' title="bbox 116 1915 957 2523">
    <p class='ocr_par' dir='ltr' id='par_1_9' title="bbox 116 1915 957 2523">
     <span class='ocr_line' id='line_1_34' title="bbox 116 1915 957 1989; baseline -0.005 -17"><span class='ocrx_word' id='word_1_224' title='bbox 116 1916 247 1988; x_wconf 89' lang='lat' dir='ltr'>unitatis,</span> <span class='ocrx_word' id='word_1_225' title='bbox 257 1915 957 1989; x_wconf 76' lang='lat' dir='ltr'>coaevitatemeternitatis,aequalnatemimmen-</span> 
     </span>
     <span class='ocr_line' id='line_1_35' title="bbox 119 1992 957 2078; baseline -0.005 -16"><span class='ocrx_word' id='word_1_226' title='bbox 119 2007 226 2062; x_wconf 86' lang='lat' dir='ltr'>sitatis.</span> <span class='ocrx_word' id='word_1_227' title='bbox 257 2007 292 2062; x_wconf 78' lang='lat' dir='ltr'>nt</span> <span class='ocrx_word' id='word_1_228' title='bbox 320 2008 559 2064; x_wconf 89' lang='lat' dir='ltr'>communionem</span> <span class='ocrx_word' id='word_1_229' title='bbox 589 1992 709 2078; x_wconf 85' lang='lat' dir='ltr'>quidem</span> <span class='ocrx_word' id='word_1_230' title='bbox 741 2005 862 2061; x_wconf 88' lang='lat' dir='ltr'>unitatis</span> <span class='ocrx_word' id='word_1_231' title='bbox 892 2004 957 2060; x_wconf 90' lang='lat' dir='ltr'>sine</span> 
     </span>
     <span class='ocr_line' id='line_1_36' title="bbox 118 2094 955 2153; baseline -0.005 -2"><span class='ocrx_word' id='word_1_232' title='bbox 118 2096 265 2152; x_wconf 87' lang='lat' dir='ltr'>divisione</span> <span class='ocrx_word' id='word_1_233' title='bbox 281 2097 465 2152; x_wconf 70' lang='lat' dir='ltr'>coaevitatem</span> <span class='ocrx_word' id='word_1_234' title='bbox 481 2096 652 2153; x_wconf 88' lang='lat' dir='ltr'>aeternitatis</span> <span class='ocrx_word' id='word_1_235' title='bbox 668 2095 733 2150; x_wconf 91' lang='lat' dir='ltr'>sine</span> <span class='ocrx_word' id='word_1_236' title='bbox 748 2094 955 2150; x_wconf 86' lang='lat' dir='ltr'>successione.</span> 
     </span>
     <span class='ocr_line' id='line_1_37' title="bbox 119 2181 957 2258; baseline -0.008 -16"><span class='ocrx_word' id='word_1_237' title='bbox 119 2187 309 2258; x_wconf 87' lang='lat' dir='ltr'>aequilitatem</span> <span class='ocrx_word' id='word_1_238' title='bbox 338 2187 545 2242; x_wconf 88' lang='lat' dir='ltr'>immensitatis</span> <span class='ocrx_word' id='word_1_239' title='bbox 579 2187 645 2241; x_wconf 90' lang='lat' dir='ltr'>sine</span> <span class='ocrx_word' id='word_1_240' title='bbox 683 2184 887 2239; x_wconf 88' lang='lat' dir='ltr'>diminutione.</span> <span class='ocrx_word' id='word_1_241' title='bbox 923 2181 957 2235; x_wconf 92' lang='lat' dir='ltr'>ln</span> 
     </span>
     <span class='ocr_line' id='line_1_38' title="bbox 119 2271 957 2345; baseline -0.008 -14"><span class='ocrx_word' id='word_1_242' title='bbox 119 2277 229 2331; x_wconf 89' lang='lat' dir='ltr'>unitate</span> <span class='ocrx_word' id='word_1_243' title='bbox 245 2278 348 2345; x_wconf 88' lang='lat' dir='ltr'>totum,</span> <span class='ocrx_word' id='word_1_244' title='bbox 361 2277 391 2331; x_wconf 90' lang='lat' dir='ltr'>in</span> <span class='ocrx_word' id='word_1_245' title='bbox 407 2277 604 2331; x_wconf 89' lang='lat' dir='ltr'>immensitate</span> <span class='ocrx_word' id='word_1_246' title='bbox 619 2274 749 2345; x_wconf 89' lang='lat' dir='ltr'>plenum,</span> <span class='ocrx_word' id='word_1_247' title='bbox 779 2274 809 2326; x_wconf 92' lang='lat' dir='ltr'>ia</span> <span class='ocrx_word' id='word_1_248' title='bbox 837 2271 957 2326; x_wconf 83' lang='lat' dir='ltr'>aeterni·</span> 
     </span>
     <span class='ocr_line' id='line_1_39' title="bbox 119 2360 957 2434; baseline -0.006 -16"><span class='ocrx_word' id='word_1_249' title='bbox 119 2366 177 2418; x_wconf 91' lang='lat' dir='ltr'>tale</span> <span class='ocrx_word' id='word_1_250' title='bbox 192 2364 365 2434; x_wconf 87' lang='lat' dir='ltr'>perlectum.</span> <span class='ocrx_word' id='word_1_251' title='bbox 377 2363 451 2419; x_wconf 90' lang='lat' dir='ltr'>Cum</span> <span class='ocrx_word' id='word_1_252' title='bbox 465 2367 562 2418; x_wconf 89' lang='lat' dir='ltr'>autem</span> <span class='ocrx_word' id='word_1_253' title='bbox 585 2364 683 2417; x_wconf 89' lang='lat' dir='ltr'>anima</span> <span class='ocrx_word' id='word_1_254' title='bbox 705 2362 734 2416; x_wconf 92' lang='lat' dir='ltr'>in</span> <span class='ocrx_word' id='word_1_255' title='bbox 752 2362 812 2416; x_wconf 86' lang='lat' dir='ltr'>Deo</span> <span class='ocrx_word' id='word_1_256' title='bbox 841 2360 957 2414; x_wconf 82' lang='lat' dir='ltr'>trinita-</span> 
     </span>
     <span class='ocr_line' id='line_1_40' title="bbox 119 2451 957 2523; baseline -0.005 -17"><span class='ocrx_word' id='word_1_257' title='bbox 119 2454 179 2506; x_wconf 87' lang='lat' dir='ltr'>tem</span> <span class='ocrx_word' id='word_1_258' title='bbox 207 2451 324 2521; x_wconf 89' lang='lat' dir='ltr'>perhoc</span> <span class='ocrx_word' id='word_1_259' title='bbox 352 2453 432 2523; x_wconf 92' lang='lat' dir='ltr'>quod</span> <span class='ocrx_word' id='word_1_260' title='bbox 454 2452 484 2505; x_wconf 94' lang='lat' dir='ltr'>in</span> <span class='ocrx_word' id='word_1_261' title='bbox 500 2468 534 2506; x_wconf 89' lang='lat' dir='ltr'>se</span> <span class='ocrx_word' id='word_1_262' title='bbox 548 2452 694 2506; x_wconf 87' lang='lat' dir='ltr'>sentiebat</span> <span class='ocrx_word' id='word_1_263' title='bbox 717 2466 771 2519; x_wconf 92' lang='lat' dir='ltr'>per</span> <span class='ocrx_word' id='word_1_264' title='bbox 795 2451 957 2517; x_wconf 87' lang='lat' dir='ltr'>creaturas,</span> 
     </span>
    </p>
   </div>
   <div class='ocr_carea' id='block_1_9' title="bbox 1014 1916 1850 2527">
    <p class='ocr_par' dir='ltr' id='par_1_10' title="bbox 1014 1916 1850 2527">
     <span class='ocr_line' id='line_1_41' title="bbox 1015 1916 1846 1991; baseline -0.008 -18"><span class='ocrx_word' id='word_1_265' title='bbox 1015 1919 1114 1991; x_wconf 89' lang='lat' dir='ltr'>imago</span> <span class='ocrx_word' id='word_1_266' title='bbox 1148 1919 1239 1991; x_wconf 85' lang='lat' dir='ltr'>hujus</span> <span class='ocrx_word' id='word_1_267' title='bbox 1260 1920 1420 1989; x_wconf 74' lang='lat' dir='ltr'>TrinitatiS,</span> <span class='ocrx_word' id='word_1_268' title='bbox 1453 1935 1590 1990; x_wconf 71' lang='lat' dir='ltr'>personae</span> <span class='ocrx_word' id='word_1_269' title='bbox 1615 1934 1674 1972; x_wconf 90' lang='lat' dir='ltr'>non</span> <span class='ocrx_word' id='word_1_270' title='bbox 1702 1916 1846 1969; x_wconf 85' lang='lat' dir='ltr'>dicantur.</span> 
     </span>
     <span class='ocr_line' id='line_1_42' title="bbox 1015 2003 1849 2080; baseline -0.01 -17"><span class='ocrx_word' id='word_1_271' title='bbox 1015 2010 1060 2063; x_wconf 76' lang='lat' dir='ltr'>Ad</span> <span class='ocrx_word' id='word_1_272' title='bbox 1081 2009 1160 2080; x_wconf 88' lang='lat' dir='ltr'>quod</span> <span class='ocrx_word' id='word_1_273' title='bbox 1184 2009 1310 2063; x_wconf 84' lang='lat' dir='ltr'>dicimus</span> <span class='ocrx_word' id='word_1_274' title='bbox 1333 2009 1421 2080; x_wconf 88' lang='lat' dir='ltr'>quod,</span> <span class='ocrx_word' id='word_1_275' title='bbox 1441 2009 1509 2064; x_wconf 91' lang='lat' dir='ltr'>licet</span> <span class='ocrx_word' id='word_1_276' title='bbox 1537 2008 1597 2063; x_wconf 92' lang='lat' dir='ltr'>sint</span> <span class='ocrx_word' id='word_1_277' title='bbox 1617 2003 1849 2061; x_wconf 87' lang='lat' dir='ltr'>substantialiter</span> 
     </span>
     <span class='ocr_line' id='line_1_43' title="bbox 1014 2095 1849 2167; baseline -0.01 -15"><span class='ocrx_word' id='word_1_278' title='bbox 1014 2098 1045 2152; x_wconf 89' lang='lat' dir='ltr'>in</span> <span class='ocrx_word' id='word_1_279' title='bbox 1059 2099 1166 2167; x_wconf 90' lang='lat' dir='ltr'>anima,</span> <span class='ocrx_word' id='word_1_280' title='bbox 1180 2114 1238 2152; x_wconf 92' lang='lat' dir='ltr'>non</span> <span class='ocrx_word' id='word_1_281' title='bbox 1254 2101 1352 2154; x_wconf 90' lang='lat' dir='ltr'>tamen</span> <span class='ocrx_word' id='word_1_282' title='bbox 1369 2099 1448 2153; x_wconf 91' lang='lat' dir='ltr'>omni</span> <span class='ocrx_word' id='word_1_283' title='bbox 1477 2098 1564 2153; x_wconf 91' lang='lat' dir='ltr'>modo</span> <span class='ocrx_word' id='word_1_284' title='bbox 1582 2099 1652 2156; x_wconf 86' lang='lat' dir='ltr'>sunt</span> <span class='ocrx_word' id='word_1_285' title='bbox 1679 2095 1757 2149; x_wconf 91' lang='lat' dir='ltr'>idem</span> <span class='ocrx_word' id='word_1_286' title='bbox 1783 2109 1849 2146; x_wconf 91' lang='lat' dir='ltr'>cam</span> 
     </span>
     <span class='ocr_line' id='line_1_44' title="bbox 1015 2181 1850 2257; baseline -0.007 -16"><span class='ocrx_word' id='word_1_287' title='bbox 1015 2203 1059 2257; x_wconf 90' lang='lat' dir='ltr'>ea,</span> <span class='ocrx_word' id='word_1_288' title='bbox 1091 2187 1144 2242; x_wconf 91' lang='lat' dir='ltr'>sed</span> <span class='ocrx_word' id='word_1_289' title='bbox 1160 2188 1313 2241; x_wconf 86' lang='lat' dir='ltr'>variantur</span> <span class='ocrx_word' id='word_1_290' title='bbox 1340 2189 1419 2243; x_wconf 82' lang='lat' dir='ltr'>circa</span> <span class='ocrx_word' id='word_1_291' title='bbox 1441 2202 1516 2241; x_wconf 89' lang='lat' dir='ltr'>eam.</span> <span class='ocrx_word' id='word_1_292' title='bbox 1539 2186 1611 2251; x_wconf 70' lang='lat' dir='ltr'>Quae</span> <span class='ocrx_word' id='word_1_293' title='bbox 1626 2186 1723 2238; x_wconf 89' lang='lat' dir='ltr'>autem</span> <span class='ocrx_word' id='word_1_294' title='bbox 1740 2183 1769 2236; x_wconf 93' lang='lat' dir='ltr'>in</span> <span class='ocrx_word' id='word_1_295' title='bbox 1789 2181 1850 2236; x_wconf 73' lang='lat' dir='ltr'>Deo</span> 
     </span>
     <span class='ocr_line' id='line_1_45' title="bbox 1016 2274 1849 2346; baseline -0.012 -14"><span class='ocrx_word' id='word_1_296' title='bbox 1016 2281 1099 2346; x_wconf 87' lang='lat' dir='ltr'>sunt,</span> <span class='ocrx_word' id='word_1_297' title='bbox 1128 2292 1186 2332; x_wconf 89' lang='lat' dir='ltr'>non</span> <span class='ocrx_word' id='word_1_298' title='bbox 1216 2277 1375 2345; x_wconf 87' lang='lat' dir='ltr'>variantur,</span> <span class='ocrx_word' id='word_1_299' title='bbox 1401 2278 1454 2331; x_wconf 90' lang='lat' dir='ltr'>sed</span> <span class='ocrx_word' id='word_1_300' title='bbox 1478 2291 1548 2331; x_wconf 87' lang='lat' dir='ltr'>vere</span> <span class='ocrx_word' id='word_1_301' title='bbox 1578 2274 1655 2330; x_wconf 90' lang='lat' dir='ltr'>idem</span> <span class='ocrx_word' id='word_1_302' title='bbox 1684 2274 1755 2327; x_wconf 89' lang='lat' dir='ltr'>sunt</span> <span class='ocrx_word' id='word_1_303' title='bbox 1783 2286 1849 2325; x_wconf 91' lang='lat' dir='ltr'>cum</span> 
     </span>
     <span class='ocr_line' id='line_1_46' title="bbox 1018 2359 1850 2437; baseline -0.011 -16"><span class='ocrx_word' id='word_1_304' title='bbox 1018 2366 1079 2421; x_wconf 88' lang='lat' dir='ltr'>Deo</span> <span class='ocrx_word' id='word_1_305' title='bbox 1103 2367 1133 2420; x_wconf 92' lang='lat' dir='ltr'>in</span> <span class='ocrx_word' id='word_1_306' title='bbox 1161 2382 1220 2437; x_wconf 82' lang='lat' dir='ltr'>quo</span> <span class='ocrx_word' id='word_1_307' title='bbox 1248 2371 1326 2432; x_wconf 87' lang='lat' dir='ltr'>sunt,</span> <span class='ocrx_word' id='word_1_308' title='bbox 1365 2370 1393 2421; x_wconf 89' lang='lat' dir='ltr'>et</span> <span class='ocrx_word' id='word_1_309' title='bbox 1416 2365 1646 2437; x_wconf 85' lang='lat' dir='ltr'>unumquodque</span> <span class='ocrx_word' id='word_1_310' title='bbox 1674 2362 1752 2416; x_wconf 91' lang='lat' dir='ltr'>idem</span> <span class='ocrx_word' id='word_1_311' title='bbox 1772 2359 1850 2430; x_wconf 83' lang='lat' dir='ltr'>quod</span> 
     </span>
     <span class='ocr_line' id='line_1_47' title="bbox 1015 2454 1849 2527; baseline -0.011 -16"><span class='ocrx_word' id='word_1_312' title='bbox 1015 2457 1105 2527; x_wconf 89' lang='lat' dir='ltr'>Deus,</span> <span class='ocrx_word' id='word_1_313' title='bbox 1136 2459 1165 2510; x_wconf 87' lang='lat' dir='ltr'>el</span> <span class='ocrx_word' id='word_1_314' title='bbox 1179 2454 1258 2510; x_wconf 82' lang='lat' dir='ltr'>Deus</span> <span class='ocrx_word' id='word_1_315' title='bbox 1274 2462 1319 2513; x_wconf 89' lang='lat' dir='ltr'>cst</span> <span class='ocrx_word' id='word_1_316' title='bbox 1334 2463 1363 2513; x_wconf 90' lang='lat' dir='ltr'>et</span> <span class='ocrx_word' id='word_1_317' title='bbox 1383 2472 1461 2510; x_wconf 90' lang='lat' dir='ltr'>unus</span> <span class='ocrx_word' id='word_1_318' title='bbox 1476 2456 1556 2510; x_wconf 90' lang='lat' dir='ltr'>Deus</span> <span class='ocrx_word' id='word_1_319' title='bbox 1573 2456 1601 2508; x_wconf 89' lang='lat' dir='ltr'>et</span> <span class='ocrx_word' id='word_1_320' title='bbox 1615 2455 1677 2507; x_wconf 91' lang='lat' dir='ltr'>tres</span> <span class='ocrx_word' id='word_1_321' title='bbox 1699 2466 1849 2521; x_wconf 86' lang='lat' dir='ltr'>personae,</span> 
     </span>
    </p>
   </div>
   <div class='ocr_carea' id='block_1_10' title="bbox 117 2539 1859 3420">
    <p class='ocr_par' dir='ltr' id='par_1_11' title="bbox 117 2539 1859 3420">
     <span class='ocr_line' id='line_1_48' title="bbox 119 2539 1849 2622; baseline -0.01 -12"><span class='ocrx_word' id='word_1_322' title='bbox 119 2555 173 2610; x_wconf 70' lang='lat' dir='ltr'>pei·</span> <span class='ocrx_word' id='word_1_323' title='bbox 188 2540 361 2609; x_wconf 81' lang='lat' dir='ltr'>doctrinam,</span> <span class='ocrx_word' id='word_1_324' title='bbox 390 2556 443 2611; x_wconf 73' lang='lat' dir='ltr'>pn·</span> <span class='ocrx_word' id='word_1_325' title='bbox 472 2541 695 2610; x_wconf 71' lang='lat' dir='ltr'>inspirationem</span> <span class='ocrx_word' id='word_1_326' title='bbox 720 2539 897 2606; x_wconf 80' lang='lat' dir='ltr'>invenisset,</span> <span class='ocrx_word' id='word_1_327' title='bbox 928 2540 961 2591; x_wconf 80' lang='lat' dir='ltr'>ur</span> <span class='ocrx_word' id='word_1_328' title='bbox 1015 2551 1082 2622; x_wconf 84' lang='lat' dir='ltr'>qaia</span> <span class='ocrx_word' id='word_1_329' title='bbox 1121 2567 1178 2605; x_wconf 80' lang='lat' dir='ltr'>una</span> <span class='ocrx_word' id='word_1_330' title='bbox 1208 2550 1347 2603; x_wconf 81' lang='lat' dir='ltr'>divinius</span> <span class='ocrx_word' id='word_1_331' title='bbox 1377 2548 1408 2601; x_wconf 80' lang='lat' dir='ltr'>m</span> <span class='ocrx_word' id='word_1_332' title='bbox 1438 2545 1535 2600; x_wconf 82' lang='lat' dir='ltr'>tribus</span> <span class='ocrx_word' id='word_1_333' title='bbox 1576 2544 1631 2597; x_wconf 80' lang='lat' dir='ltr'>est.</span> <span class='ocrx_word' id='word_1_334' title='bbox 1669 2539 1727 2595; x_wconf 75' lang='lat' dir='ltr'>seu</span> <span class='ocrx_word' id='word_1_335' title='bbox 1769 2554 1849 2606; x_wconf 74' lang='lat' dir='ltr'>eece,</span> 
     </span>
     <span class='ocr_line' id='line_1_49' title="bbox 117 2625 1852 2711; baseline 0 -30"><span class='ocrx_word' id='word_1_336' title='bbox 117 2628 267 2700; x_wconf 87' lang='lat' dir='ltr'>aliquibus</span> <span class='ocrx_word' id='word_1_337' title='bbox 282 2632 371 2683; x_wconf 82' lang='lat' dir='ltr'>certis</span> <span class='ocrx_word' id='word_1_338' title='bbox 387 2632 416 2683; x_wconf 95' lang='lat' dir='ltr'>et</span> <span class='ocrx_word' id='word_1_339' title='bbox 429 2630 568 2684; x_wconf 84' lang='lat' dir='ltr'>discretas</span> <span class='ocrx_word' id='word_1_340' title='bbox 591 2627 747 2683; x_wconf 82' lang='lat' dir='ltr'>vocabulis</span> <span class='ocrx_word' id='word_1_341' title='bbox 768 2627 804 2680; x_wconf 90' lang='lat' dir='ltr'>de</span> <span class='ocrx_word' id='word_1_342' title='bbox 815 2625 958 2681; x_wconf 88' lang='lat' dir='ltr'>Trinitate</span> <span class='ocrx_word' id='word_1_343' title='bbox 1017 2641 1087 2695; x_wconf 76' lang='lat' dir='ltr'>dum</span> <span class='ocrx_word' id='word_1_344' title='bbox 1121 2640 1319 2711; x_wconf 64' lang='lat' dir='ltr'>investigatur</span> <span class='ocrx_word' id='word_1_345' title='bbox 1355 2651 1426 2690; x_wconf 68' lang='lat' dir='ltr'>vem</span> <span class='ocrx_word' id='word_1_346' title='bbox 1454 2637 1483 2689; x_wconf 78' lang='lat' dir='ltr'>et</span> <span class='ocrx_word' id='word_1_347' title='bbox 1519 2647 1633 2686; x_wconf 82' lang='lat' dir='ltr'>summa</span> <span class='ocrx_word' id='word_1_348' title='bbox 1662 2629 1791 2684; x_wconf 86' lang='lat' dir='ltr'>Trinitas</span> <span class='ocrx_word' id='word_1_349' title='bbox 1823 2627 1852 2680; x_wconf 93' lang='lat' dir='ltr'>in</span> 
     </span>
     <span class='ocr_line' id='line_1_50' title="bbox 121 2715 1852 2801; baseline -0.012 -11"><span class='ocrx_word' id='word_1_350' title='bbox 121 2721 270 2790; x_wconf 60' lang='lat' dir='ltr'>adelitui·</span> <span class='ocrx_word' id='word_1_351' title='bbox 286 2718 361 2773; x_wconf 65' lang='lat' dir='ltr'><strong>fides</strong></span> <span class='ocrx_word' id='word_1_352' title='bbox 372 2719 428 2774; x_wconf 57' lang='lat'>“5¹¹</span> <span class='ocrx_word' id='word_1_353' title='bbox 443 2719 530 2789; x_wconf 91' lang='lat' dir='ltr'>quasi</span> <span class='ocrx_word' id='word_1_354' title='bbox 546 2718 662 2790; x_wconf 64' lang='lat' dir='ltr'>Pl0l‘l&#39;ifl</span> <span class='ocrx_word' id='word_1_355' title='bbox 678 2715 818 2788; x_wconf 66' lang='lat' dir='ltr'>illlPOSUst</span> <span class='ocrx_word' id='word_1_356' title='bbox 829 2715 959 2783; x_wconf 90' lang='lat' dir='ltr'>nomina,</span> <span class='ocrx_word' id='word_1_357' title='bbox 1018 2729 1084 2800; x_wconf 90' lang='lat' dir='ltr'>ipsa</span> <span class='ocrx_word' id='word_1_358' title='bbox 1099 2729 1166 2801; x_wconf 83' lang='lat' dir='ltr'>ejus</span> <span class='ocrx_word' id='word_1_359' title='bbox 1178 2729 1306 2799; x_wconf 78' lang='lat' dir='ltr'>imagine</span> <span class='ocrx_word' id='word_1_360' title='bbox 1321 2729 1350 2781; x_wconf 91' lang='lat' dir='ltr'>et</span> <span class='ocrx_word' id='word_1_361' title='bbox 1361 2722 1552 2780; x_wconf 88' lang='lat' dir='ltr'>similitudine</span> <span class='ocrx_word' id='word_1_362' title='bbox 1572 2737 1638 2792; x_wconf 71' lang='lat' dir='ltr'>qnae</span> <span class='ocrx_word' id='word_1_363' title='bbox 1651 2722 1710 2773; x_wconf 87' lang='lat' dir='ltr'>lam</span> <span class='ocrx_word' id='word_1_364' title='bbox 1729 2716 1852 2788; x_wconf 87' lang='lat' dir='ltr'>pulchra</span> 
     </span>
     <span class='ocr_line' id='line_1_51' title="bbox 123 2803 1853 2890; baseline -0.012 -10"><span class='ocrx_word' id='word_1_365' title='bbox 123 2809 252 2880; x_wconf 89' lang='lat' dir='ltr'>cumqui</span> <span class='ocrx_word' id='word_1_366' title='bbox 265 2810 372 2864; x_wconf 72' lang='lat'>⁰1¹⁰¹¹⁰</span> <span class='ocrx_word' id='word_1_367' title='bbox 389 2807 619 2879; x_wconf 52' lang='lat' dir='ltr'>⁰⁸1⁸Pll⁰¹¹fl¹¹d⁰</span> <span class='ocrx_word' id='word_1_368' title='bbox 636 2807 752 2861; x_wconf 65' lang='lat' dir='ltr'>Pittlfflss</span> <span class='ocrx_word' id='word_1_369' title='bbox 769 2821 777 2872; x_wconf 69' lang='grc' dir='ltr'><strong>ἱ</strong></span> <span class='ocrx_word' id='word_1_370' title='bbox 794 2805 845 2876; x_wconf 90' lang='lat' dir='ltr'>qni</span> <span class='ocrx_word' id='word_1_371' title='bbox 859 2803 896 2857; x_wconf 62' lang='lat' dir='ltr'>ab</span> <span class='ocrx_word' id='word_1_372' title='bbox 909 2803 959 2857; x_wconf 60' lang='lat'><strong>5¹¹⁰</strong></span> <span class='ocrx_word' id='word_1_373' title='bbox 1020 2823 1139 2890; x_wconf 89' lang='lat' dir='ltr'>tamque</span> <span class='ocrx_word' id='word_1_374' title='bbox 1158 2817 1277 2872; x_wconf 88' lang='lat' dir='ltr'>subtilis</span> <span class='ocrx_word' id='word_1_375' title='bbox 1293 2814 1463 2886; x_wconf 85' lang='lat' dir='ltr'>resplendet</span> <span class='ocrx_word' id='word_1_376' title='bbox 1474 2812 1503 2866; x_wconf 93' lang='lat' dir='ltr'>in</span> <span class='ocrx_word' id='word_1_377' title='bbox 1512 2809 1756 2879; x_wconf 87' lang='lat' dir='ltr'>animaapparent</span> <span class='ocrx_word' id='word_1_378' title='bbox 1772 2807 1853 2860; x_wconf 74' lang='lat' dir='ltr'>mire</span> 
     </span>
     <span class='ocr_line' id='line_1_52' title="bbox 123 2892 1855 2970; baseline -0.013 -1"><span class='ocrx_word' id='word_1_379' title='bbox 123 2899 260 2969; x_wconf 63' lang='grc' dir='ltr'>θῦῙθθὸῑ,</span> <span class='ocrx_word' id='word_1_380' title='bbox 287 2899 415 2967; x_wconf 64' lang='lat' dir='ltr'>Filiumi</span> <span class='ocrx_word' id='word_1_381' title='bbox 448 2897 555 2970; x_wconf 74' lang='lat' dir='ltr'>‘1¹¹iah</span> <span class='ocrx_word' id='word_1_382' title='bbox 578 2900 703 2967; x_wconf 60' lang='lat' dir='ltr'>llil⁰tl¹¹⁰</span> <span class='ocrx_word' id='word_1_383' title='bbox 725 2898 781 2964; x_wconf 91' lang='lat' dir='ltr'>est,</span> <span class='ocrx_word' id='word_1_384' title='bbox 820 2892 962 2964; x_wconf 69' lang='grc' dir='ltr'>8ΡῑΓῘῑῑΠῐι</span> <span class='ocrx_word' id='word_1_385' title='bbox 1020 2907 1289 2962; x_wconf 83' lang='lat' dir='ltr'>dissimilitudines,</span> <span class='ocrx_word' id='word_1_386' title='bbox 1307 2896 1855 2968; x_wconf 75' lang='lat' dir='ltr'>Animaenimvelhomoquipropler</span> 
     </span>
     <span class='ocr_line' id='line_1_53' title="bbox 127 2980 1853 3067; baseline -0.014 -7"><span class='ocrx_word' id='word_1_387' title='bbox 127 2993 273 3045; x_wconf 59' lang='lat' dir='ltr'><strong>smmum·</strong></span> <span class='ocrx_word' id='word_1_388' title='bbox 285 2989 356 3055; x_wconf 69' lang='lat' dir='ltr'>Quae</span> <span class='ocrx_word' id='word_1_389' title='bbox 379 2988 523 3043; x_wconf 71' lang='lat' dir='ltr'><strong>V⁰⁰³b¹¹¹²¹</strong></span> <span class='ocrx_word' id='word_1_390' title='bbox 538 2991 568 3042; x_wconf 58' lang='lat'>¹¹²</span> <span class='ocrx_word' id='word_1_391' title='bbox 593 2987 672 3058; x_wconf 72' lang='lat' dir='ltr'>tl¹¹⁰d</span> <span class='ocrx_word' id='word_1_392' title='bbox 693 2990 834 3040; x_wconf 54' lang='lat' dir='ltr'>melfium</span> <span class='ocrx_word' id='word_1_393' title='bbox 851 2985 896 3037; x_wconf 71' lang='lat'>0⁵¹</span> <span class='ocrx_word' id='word_1_394' title='bbox 919 2980 962 3034; x_wconf 71' lang='lat' dir='ltr'>Si·</span> <span class='ocrx_word' id='word_1_395' title='bbox 1021 2997 1086 3052; x_wconf 85' lang='lat' dir='ltr'>haec</span> <span class='ocrx_word' id='word_1_396' title='bbox 1101 2997 1155 3051; x_wconf 90' lang='lat' dir='ltr'>tria</span> <span class='ocrx_word' id='word_1_397' title='bbox 1167 2997 1265 3067; x_wconf 87' lang='lat' dir='ltr'>imago</span> <span class='ocrx_word' id='word_1_398' title='bbox 1277 2994 1328 3047; x_wconf 89' lang='lat' dir='ltr'>[lei</span> <span class='ocrx_word' id='word_1_399' title='bbox 1345 2992 1461 3060; x_wconf 90' lang='lat' dir='ltr'>dicitur,</span> <span class='ocrx_word' id='word_1_400' title='bbox 1475 3004 1534 3044; x_wconf 91' lang='lat' dir='ltr'>non</span> <span class='ocrx_word' id='word_1_401' title='bbox 1549 2988 1698 3042; x_wconf 87' lang='lat' dir='ltr'>tamenest</span> <span class='ocrx_word' id='word_1_402' title='bbox 1715 2983 1853 3039; x_wconf 80' lang='lat' dir='ltr'>haectria.</span> 
     </span>
     <span class='ocr_line' id='line_1_54' title="bbox 125 3071 1854 3152; baseline -0.015 0"><span class='ocrx_word' id='word_1_403' title='bbox 125 3079 318 3152; x_wconf 60' lang='lat' dir='ltr'>dniflfflffliffl&#39;</span> <span class='ocrx_word' id='word_1_404' title='bbox 332 3078 369 3132; x_wconf 57' lang='lat' dir='ltr'>ab</span> <span class='ocrx_word' id='word_1_405' title='bbox 385 3078 513 3132; x_wconf 74' lang='lat' dir='ltr'><strong>h⁰ffl⁸¹¹⁰</strong></span> <span class='ocrx_word' id='word_1_406' title='bbox 529 3093 586 3131; x_wconf 72' lang='lat'>⁰⁸¹¹</span> <span class='ocrx_word' id='word_1_407' title='bbox 602 3079 721 3145; x_wconf 90' lang='lat' dir='ltr'>accepta</span> <span class='ocrx_word' id='word_1_408' title='bbox 743 3077 821 3127; x_wconf 67' lang='lat' dir='ltr'><strong>sum·</strong></span> <span class='ocrx_word' id='word_1_409' title='bbox 847 3071 905 3126; x_wconf 59' lang='lat' dir='ltr'>sed</span> <span class='ocrx_word' id='word_1_410' title='bbox 926 3085 963 3124; x_wconf 73' lang='lat'>¹¹⁰</span> <span class='ocrx_word' id='word_1_411' title='bbox 1023 3087 1101 3141; x_wconf 84' lang='lat' dir='ltr'>tiens</span> <span class='ocrx_word' id='word_1_412' title='bbox 1113 3088 1210 3139; x_wconf 89' lang='lat' dir='ltr'>autem</span> <span class='ocrx_word' id='word_1_413' title='bbox 1222 3087 1268 3138; x_wconf 93' lang='lat' dir='ltr'>est</span> <span class='ocrx_word' id='word_1_414' title='bbox 1283 3086 1344 3137; x_wconf 89' lang='lat' dir='ltr'>tres</span> <span class='ocrx_word' id='word_1_415' title='bbox 1358 3095 1506 3152; x_wconf 84' lang='lat' dir='ltr'>personae,</span> <span class='ocrx_word' id='word_1_416' title='bbox 1523 3079 1551 3132; x_wconf 95' lang='grc' dir='ltr'>θῖ</span> <span class='ocrx_word' id='word_1_417' title='bbox 1567 3077 1613 3131; x_wconf 82' lang='grc' dir='ltr'>ῖηη</span> <span class='ocrx_word' id='word_1_418' title='bbox 1636 3078 1698 3129; x_wconf 88' lang='lat' dir='ltr'>tres</span> <span class='ocrx_word' id='word_1_419' title='bbox 1718 3088 1854 3144; x_wconf 75' lang='lat' dir='ltr'>personae</span> 
     </span>
     <span class='ocr_line' id='line_1_55' title="bbox 126 3159 1856 3233; baseline -0.012 -10"><span class='ocrx_word' id='word_1_420' title='bbox 126 3168 293 3223; x_wconf 89' lang='lat' dir='ltr'>omnimoda</span> <span class='ocrx_word' id='word_1_421' title='bbox 307 3167 383 3222; x_wconf 89' lang='lat' dir='ltr'>inter</span> <span class='ocrx_word' id='word_1_422' title='bbox 398 3167 497 3220; x_wconf 88' lang='lat' dir='ltr'>divina</span> <span class='ocrx_word' id='word_1_423' title='bbox 508 3170 536 3220; x_wconf 93' lang='grc' dir='ltr'>θῖ</span> <span class='ocrx_word' id='word_1_424' title='bbox 547 3166 673 3220; x_wconf 88' lang='lat' dir='ltr'>humana</span> <span class='ocrx_word' id='word_1_425' title='bbox 690 3164 840 3218; x_wconf 84' lang='lat' dir='ltr'>videretur</span> <span class='ocrx_word' id='word_1_426' title='bbox 861 3159 962 3213; x_wconf 90' lang='lat' dir='ltr'>simili·</span> <span class='ocrx_word' id='word_1_427' title='bbox 978 3165 1005 3230; x_wconf 80' lang='lat'><em>0</em></span> <span class='ocrx_word' id='word_1_428' title='bbox 1022 3191 1099 3230; x_wconf 66' lang='lat' dir='ltr'>,mus</span> <span class='ocrx_word' id='word_1_429' title='bbox 1116 3175 1205 3230; x_wconf 52' lang='lat' dir='ltr'>Deus,</span> <span class='ocrx_word' id='word_1_430' title='bbox 1224 3174 1295 3227; x_wconf 67' lang='lat' dir='ltr'>pen,</span> <span class='ocrx_word' id='word_1_431' title='bbox 1310 3170 1398 3225; x_wconf 70' lang='lat' dir='ltr'>homo</span> <span class='ocrx_word' id='word_1_432' title='bbox 1408 3167 1522 3222; x_wconf 59' lang='lat' dir='ltr'>habens</span> <span class='ocrx_word' id='word_1_433' title='bbox 1533 3167 1597 3221; x_wconf 67' lang='lat' dir='ltr'>haec</span> <span class='ocrx_word' id='word_1_434' title='bbox 1607 3165 1856 3233; x_wconf 61' lang='lat' dir='ltr'>neuunflestpep.</span> 
     </span>
     <span class='ocr_line' id='line_1_56' title="bbox 125 3250 1856 3333; baseline -0.01 -10"><span class='ocrx_word' id='word_1_435' title='bbox 125 3259 206 3325; x_wconf 64' lang='lat' dir='ltr'>iudi),</span> <span class='ocrx_word' id='word_1_436' title='bbox 223 3255 333 3328; x_wconf 64' lang='lat' dir='ltr'>abjecit</span> <span class='ocrx_word' id='word_1_437' title='bbox 348 3260 379 3310; x_wconf 91' lang='lat' dir='ltr'>ut</span> <span class='ocrx_word' id='word_1_438' title='bbox 394 3256 510 3310; x_wconf 62' lang='lat' dir='ltr'>Pssit&#39;fflss</span> <span class='ocrx_word' id='word_1_439' title='bbox 525 3255 753 3324; x_wconf 60' lang='lat' dir='ltr'>Offlssilffliesslssm</span> <span class='ocrx_word' id='word_1_440' title='bbox 776 3250 883 3305; x_wconf 67' lang='lat' dir='ltr'>Filium</span> <span class='ocrx_word' id='word_1_441' title='bbox 912 3265 963 3302; x_wconf 66' lang='lat'>5⁸·</span> <span class='ocrx_word' id='word_1_442' title='bbox 1021 3264 1234 3333; x_wconf 87' lang='lat' dir='ltr'>sona,Su1uma</span> <span class='ocrx_word' id='word_1_443' title='bbox 1251 3277 1321 3316; x_wconf 89' lang='lat' dir='ltr'>vcro</span> <span class='ocrx_word' id='word_1_444' title='bbox 1343 3260 1472 3315; x_wconf 88' lang='lat' dir='ltr'>Trinitas</span> <span class='ocrx_word' id='word_1_445' title='bbox 1488 3273 1546 3313; x_wconf 91' lang='grc' dir='ltr'>ηοη</span> <span class='ocrx_word' id='word_1_446' title='bbox 1571 3259 1617 3311; x_wconf 90' lang='lat' dir='ltr'>est</span> <span class='ocrx_word' id='word_1_447' title='bbox 1635 3270 1692 3308; x_wconf 93' lang='lat' dir='ltr'>una</span> <span class='ocrx_word' id='word_1_448' title='bbox 1717 3268 1856 3322; x_wconf 89' lang='lat' dir='ltr'>persona,</span> 
     </span>
     <span class='ocr_line' id='line_1_57' title="bbox 125 3336 1859 3420; baseline -0.013 -3"><span class='ocrx_word' id='word_1_449' title='bbox 125 3346 265 3416; x_wconf 66' lang='grc' dir='ltr'>Ρῑθῦῑῑθῐῐὶ</span> <span class='ocrx_word' id='word_1_450' title='bbox 280 3345 450 3415; x_wconf 58' lang='lat' dir='ltr'><strong>appellaret,</strong></span> <span class='ocrx_word' id='word_1_451' title='bbox 467 3360 504 3398; x_wconf 73' lang='lat'>¹¹⁰</span> <span class='ocrx_word' id='word_1_452' title='bbox 519 3347 672 3414; x_wconf 85' lang='lat' dir='ltr'>putaretur</span> <span class='ocrx_word' id='word_1_453' title='bbox 686 3357 755 3396; x_wconf 63' lang='lat'>⁹5⁸³</span> <span class='ocrx_word' id='word_1_454' title='bbox 784 3343 816 3394; x_wconf 66' lang='lat'>¹¹²</span> <span class='ocrx_word' id='word_1_455' title='bbox 833 3339 862 3392; x_wconf 68' lang='lat'>5¹¹</span> <span class='ocrx_word' id='word_1_456' title='bbox 884 3336 962 3391; x_wconf 62' lang='lat' dir='ltr'>aliis·</span> <span class='ocrx_word' id='word_1_457' title='bbox 1022 3369 1077 3409; x_wconf 90' lang='lat' dir='ltr'>nec</span> <span class='ocrx_word' id='word_1_458' title='bbox 1087 3357 1198 3407; x_wconf 91' lang='lat' dir='ltr'>tantum</span> <span class='ocrx_word' id='word_1_459' title='bbox 1208 3352 1295 3406; x_wconf 91' lang='lat' dir='ltr'>unius</span> <span class='ocrx_word' id='word_1_460' title='bbox 1307 3364 1454 3420; x_wconf 79' lang='lat' dir='ltr'>personae,</span> <span class='ocrx_word' id='word_1_461' title='bbox 1466 3347 1517 3401; x_wconf 91' lang='lat' dir='ltr'>sed</span> <span class='ocrx_word' id='word_1_462' title='bbox 1529 3349 1591 3400; x_wconf 91' lang='lat' dir='ltr'>tres</span> <span class='ocrx_word' id='word_1_463' title='bbox 1606 3359 1754 3415; x_wconf 78' lang='lat' dir='ltr'>personae,</span> <span class='ocrx_word' id='word_1_464' title='bbox 1772 3341 1859 3395; x_wconf 88' lang='lat' dir='ltr'>Pater</span> 
     </span>
    </p>
   </div>
   <div class='ocr_carea' id='block_1_11' title="bbox 95 3426 966 4212">
    <p class='ocr_par' dir='ltr' id='par_1_12' title="bbox 95 3426 966 4212">
     <span class='ocr_line' id='line_1_58' title="bbox 126 3426 966 3505; baseline -0.012 -17"><span class='ocrx_word' id='word_1_465' title='bbox 126 3432 162 3488; x_wconf 84' lang='lat' dir='ltr'>Et</span> <span class='ocrx_word' id='word_1_466' title='bbox 191 3433 260 3505; x_wconf 90' lang='lat' dir='ltr'>quia</span> <span class='ocrx_word' id='word_1_467' title='bbox 282 3434 363 3487; x_wconf 93' lang='lat' dir='ltr'>nullo</span> <span class='ocrx_word' id='word_1_468' title='bbox 393 3436 448 3502; x_wconf 89' lang='lat' dir='ltr'>cst,</span> <span class='ocrx_word' id='word_1_469' title='bbox 470 3433 562 3487; x_wconf 73' lang='lat' dir='ltr'>Pater</span> <span class='ocrx_word' id='word_1_470' title='bbox 589 3433 706 3498; x_wconf 78' lang='lat' dir='ltr'>dicitur,</span> <span class='ocrx_word' id='word_1_471' title='bbox 732 3430 800 3501; x_wconf 92' lang='lat' dir='ltr'>quia</span> <span class='ocrx_word' id='word_1_472' title='bbox 832 3427 872 3482; x_wconf 87' lang='lat' dir='ltr'>ihi</span> <span class='ocrx_word' id='word_1_473' title='bbox 902 3426 966 3480; x_wconf 89' lang='lat' dir='ltr'>erat</span> 
     </span>
     <span class='ocr_line' id='line_1_59' title="bbox 126 3516 965 3593; baseline -0.011 -17"><span class='ocrx_word' id='word_1_474' title='bbox 126 3522 384 3593; x_wconf 84' lang='lat' dir='ltr'>quiebilloerat:</span> <span class='ocrx_word' id='word_1_475' title='bbox 403 3524 431 3576; x_wconf 93' lang='lat' dir='ltr'>et</span> <span class='ocrx_word' id='word_1_476' title='bbox 455 3520 504 3575; x_wconf 90' lang='lat' dir='ltr'>ille</span> <span class='ocrx_word' id='word_1_477' title='bbox 532 3520 636 3588; x_wconf 85' lang='lat' dir='ltr'>Filius,</span> <span class='ocrx_word' id='word_1_478' title='bbox 665 3535 732 3572; x_wconf 87' lang='lat' dir='ltr'>cam</span> <span class='ocrx_word' id='word_1_479' title='bbox 766 3519 796 3571; x_wconf 92' lang='lat' dir='ltr'>in</span> <span class='ocrx_word' id='word_1_480' title='bbox 825 3516 965 3570; x_wconf 88' lang='lat' dir='ltr'>substan-</span> 
     </span>
     <span class='ocr_line' id='line_1_60' title="bbox 126 3604 965 3680; baseline -0.011 -14"><span class='ocrx_word' id='word_1_481' title='bbox 126 3612 165 3666; x_wconf 90' lang='lat' dir='ltr'>tia</span> <span class='ocrx_word' id='word_1_482' title='bbox 180 3615 208 3666; x_wconf 91' lang='lat' dir='ltr'>et</span> <span class='ocrx_word' id='word_1_483' title='bbox 223 3615 326 3666; x_wconf 88' lang='lat' dir='ltr'>natura</span> <span class='ocrx_word' id='word_1_484' title='bbox 341 3610 419 3665; x_wconf 87' lang='lat' dir='ltr'>idern</span> <span class='ocrx_word' id='word_1_485' title='bbox 434 3610 473 3664; x_wconf 87' lang='lat' dir='ltr'>sit</span> <span class='ocrx_word' id='word_1_486' title='bbox 493 3610 572 3680; x_wconf 84' lang='lat' dir='ltr'>quod</span> <span class='ocrx_word' id='word_1_487' title='bbox 591 3609 652 3677; x_wconf 88' lang='lat' dir='ltr'>illo,</span> <span class='ocrx_word' id='word_1_488' title='bbox 670 3623 729 3661; x_wconf 92' lang='lat' dir='ltr'>nou</span> <span class='ocrx_word' id='word_1_489' title='bbox 746 3607 796 3677; x_wconf 87' lang='lat' dir='ltr'>qui</span> <span class='ocrx_word' id='word_1_490' title='bbox 826 3606 885 3659; x_wconf 89' lang='lat' dir='ltr'>ille.</span> <span class='ocrx_word' id='word_1_491' title='bbox 910 3604 965 3668; x_wconf 84' lang='lat' dir='ltr'>Qui</span> 
     </span>
     <span class='ocr_line' id='line_1_61' title="bbox 127 3695 965 3771; baseline -0.012 -14"><span class='ocrx_word' id='word_1_492' title='bbox 127 3701 164 3756; x_wconf 84' lang='lat' dir='ltr'>ab</span> <span class='ocrx_word' id='word_1_493' title='bbox 179 3704 304 3771; x_wconf 88' lang='lat' dir='ltr'>utroque</span> <span class='ocrx_word' id='word_1_494' title='bbox 318 3703 365 3755; x_wconf 91' lang='lat' dir='ltr'>est</span> <span class='ocrx_word' id='word_1_495' title='bbox 392 3699 519 3769; x_wconf 87' lang='lat' dir='ltr'>Spiritus</span> <span class='ocrx_word' id='word_1_496' title='bbox 549 3701 681 3765; x_wconf 81' lang='lat' dir='ltr'>sanctae,</span> <span class='ocrx_word' id='word_1_497' title='bbox 703 3695 753 3767; x_wconf 90' lang='lat' dir='ltr'>qui</span> <span class='ocrx_word' id='word_1_498' title='bbox 782 3695 818 3748; x_wconf 85' lang='lat' dir='ltr'>ab</span> <span class='ocrx_word' id='word_1_499' title='bbox 839 3696 965 3764; x_wconf 84' lang='lat' dir='ltr'>utroque</span> 
     </span>
     <span class='ocr_line' id='line_1_62' title="bbox 128 3781 965 3862; baseline -0.016 -15"><span class='ocrx_word' id='word_1_500' title='bbox 128 3791 267 3862; x_wconf 85' lang='lat' dir='ltr'>spiretur,</span> <span class='ocrx_word' id='word_1_501' title='bbox 280 3792 311 3845; x_wconf 91' lang='lat' dir='ltr'>ut</span> <span class='ocrx_word' id='word_1_502' title='bbox 326 3792 422 3844; x_wconf 89' lang='lat' dir='ltr'>autem</span> <span class='ocrx_word' id='word_1_503' title='bbox 439 3790 478 3842; x_wconf 93' lang='lat' dir='ltr'>ait</span> <span class='ocrx_word' id='word_1_504' title='bbox 495 3786 692 3858; x_wconf 76' lang='lat' dir='ltr'>Augustinus,</span> <span class='ocrx_word' id='word_1_505' title='bbox 714 3784 771 3840; x_wconf 85' lang='lat' dir='ltr'>lioc</span> <span class='ocrx_word' id='word_1_506' title='bbox 787 3781 965 3837; x_wconf 88' lang='lat' dir='ltr'>vocabulum</span> 
     </span>
     <span class='ocr_line' id='line_1_63' title="bbox 129 3870 966 3951; baseline -0.016 -15"><span class='ocrx_word' id='word_1_507' title='bbox 129 3895 267 3951; x_wconf 83' lang='lat' dir='ltr'>persona,</span> <span class='ocrx_word' id='word_1_508' title='bbox 285 3879 359 3934; x_wconf 85' lang='lat' dir='ltr'>fides</span> <span class='ocrx_word' id='word_1_509' title='bbox 387 3877 497 3947; x_wconf 88' lang='lat' dir='ltr'>reperit</span> <span class='ocrx_word' id='word_1_510' title='bbox 528 3874 678 3930; x_wconf 83' lang='lat' dir='ltr'>Catlrolica</span> <span class='ocrx_word' id='word_1_511' title='bbox 695 3873 731 3927; x_wconf 87' lang='lat' dir='ltr'>ad</span> <span class='ocrx_word' id='word_1_512' title='bbox 756 3870 966 3926; x_wconf 87' lang='lat' dir='ltr'>discretionem</span> 
     </span>
     <span class='ocr_line' id='line_1_64' title="bbox 129 3959 963 4037; baseline -0.011 -15"><span class='ocrx_word' id='word_1_513' title='bbox 129 3968 291 4037; x_wconf 85' lang='lat' dir='ltr'>Trinitatis,</span> <span class='ocrx_word' id='word_1_514' title='bbox 309 3985 367 4023; x_wconf 91' lang='lat' dir='ltr'>non</span> <span class='ocrx_word' id='word_1_515' title='bbox 384 3969 414 4021; x_wconf 94' lang='lat' dir='ltr'>ut</span> <span class='ocrx_word' id='word_1_516' title='bbox 425 3984 478 4037; x_wconf 91' lang='lat' dir='ltr'>per</span> <span class='ocrx_word' id='word_1_517' title='bbox 492 3966 520 4019; x_wconf 86' lang='lat' dir='ltr'>id</span> <span class='ocrx_word' id='word_1_518' title='bbox 535 3966 684 4020; x_wconf 90' lang='lat' dir='ltr'>diceretur</span> <span class='ocrx_word' id='word_1_519' title='bbox 703 3962 774 4034; x_wconf 92' lang='lat' dir='ltr'>quid</span> <span class='ocrx_word' id='word_1_520' title='bbox 799 3963 891 4029; x_wconf 86' lang='lat' dir='ltr'>esset,</span> <span class='ocrx_word' id='word_1_521' title='bbox 912 3959 963 4014; x_wconf 90' lang='lat' dir='ltr'>sed</span> 
     </span>
     <span class='ocr_line' id='line_1_65' title="bbox 97 4050 965 4125; baseline -0.014 -11"><span class='ocrx_word' id='word_1_522' title='bbox 97 4110 103 4114; x_wconf 91' lang='lat'>.</span> <span class='ocrx_word' id='word_1_523' title='bbox 129 4070 166 4111; x_wconf 90' lang='lat' dir='ltr'>ne</span> <span class='ocrx_word' id='word_1_524' title='bbox 182 4056 300 4112; x_wconf 89' lang='lat' dir='ltr'>omnino</span> <span class='ocrx_word' id='word_1_525' title='bbox 315 4053 537 4125; x_wconf 86' lang='lat' dir='ltr'>tacereturquid</span> <span class='ocrx_word' id='word_1_526' title='bbox 552 4056 642 4108; x_wconf 89' lang='lat' dir='ltr'>esset.</span> <span class='ocrx_word' id='word_1_527' title='bbox 651 4051 708 4106; x_wconf 89' lang='lat' dir='ltr'>Per</span> <span class='ocrx_word' id='word_1_528' title='bbox 721 4051 777 4105; x_wconf 83' lang='lat' dir='ltr'>noc</span> <span class='ocrx_word' id='word_1_529' title='bbox 787 4050 865 4105; x_wconf 90' lang='lat' dir='ltr'>enim</span> <span class='ocrx_word' id='word_1_530' title='bbox 873 4064 965 4103; x_wconf 79' lang='lat' dir='ltr'>roca-</span> 
     </span>
     <span class='ocr_line' id='line_1_66' title="bbox 95 4134 965 4212; baseline -0.011 -11"><span class='ocrx_word' id='word_1_531' title='bbox 95 4134 98 4139; x_wconf 52' lang='grc'>’</span> <span class='ocrx_word' id='word_1_532' title='bbox 129 4145 243 4212; x_wconf 85' lang='lat' dir='ltr'>bulum,</span> <span class='ocrx_word' id='word_1_533' title='bbox 259 4148 292 4200; x_wconf 91' lang='lat' dir='ltr'>ut</span> <span class='ocrx_word' id='word_1_534' title='bbox 307 4145 384 4199; x_wconf 88' lang='lat' dir='ltr'>idem</span> <span class='ocrx_word' id='word_1_535' title='bbox 394 4143 473 4211; x_wconf 90' lang='lat' dir='ltr'>dicit,</span> <span class='ocrx_word' id='word_1_536' title='bbox 491 4159 550 4197; x_wconf 90' lang='lat' dir='ltr'>non</span> <span class='ocrx_word' id='word_1_537' title='bbox 570 4141 773 4195; x_wconf 87' lang='lat' dir='ltr'>diversitatem</span> <span class='ocrx_word' id='word_1_538' title='bbox 795 4138 965 4211; x_wconf 81' lang='lat' dir='ltr'>significare</span> 
     </span>
    </p>
   </div>
   <div class='ocr_carea' id='block_1_12' title="bbox 130 4227 1005 4310">
    <p class='ocr_par' dir='ltr' id='par_1_13' title="bbox 130 4227 1005 4310">
     <span class='ocr_line' id='line_1_67' title="bbox 130 4227 1005 4310; baseline -0.01 -21"><span class='ocrx_word' id='word_1_539' title='bbox 130 4235 233 4304; x_wconf 84' lang='lat' dir='ltr'>voluit,</span> <span class='ocrx_word' id='word_1_540' title='bbox 251 4234 304 4289; x_wconf 86' lang='lat' dir='ltr'>sed</span> <span class='ocrx_word' id='word_1_541' title='bbox 320 4232 556 4310; x_wconf 81' lang='lat' dir='ltr'>singularitatem</span> <span class='ocrx_word' id='word_1_542' title='bbox 571 4229 673 4285; x_wconf 88' lang='lat' dir='ltr'>noluit.</span> <span class='ocrx_word' id='word_1_543' title='bbox 690 4228 763 4283; x_wconf 89' lang='lat' dir='ltr'>Cum</span> <span class='ocrx_word' id='word_1_544' title='bbox 792 4228 871 4282; x_wconf 90' lang='lat' dir='ltr'>enim</span> <span class='ocrx_word' id='word_1_545' title='bbox 891 4227 965 4281; x_wconf 88' lang='lat' dir='ltr'>tides</span> <span class='ocrx_word' id='word_1_546' title='bbox 997 4242 1005 4251; x_wconf 89' lang='lat'>·</span> 
     </span>
    </p>
   </div>
   <div class='ocr_carea' id='block_1_13' title="bbox 130 4316 966 4395">
    <p class='ocr_par' dir='ltr' id='par_1_14' title="bbox 130 4316 966 4395">
     <span class='ocr_line' id='line_1_68' title="bbox 130 4316 966 4395; baseline -0.011 -17"><span class='ocrx_word' id='word_1_547' title='bbox 130 4323 236 4395; x_wconf 91' lang='lat' dir='ltr'>plurali</span> <span class='ocrx_word' id='word_1_548' title='bbox 246 4337 369 4377; x_wconf 90' lang='lat' dir='ltr'>numero</span> <span class='ocrx_word' id='word_1_549' title='bbox 384 4336 530 4391; x_wconf 85' lang='lat' dir='ltr'>personas</span> <span class='ocrx_word' id='word_1_550' title='bbox 559 4318 725 4387; x_wconf 84' lang='lat' dir='ltr'>confitetur,</span> <span class='ocrx_word' id='word_1_551' title='bbox 755 4333 813 4372; x_wconf 92' lang='lat' dir='ltr'>non</span> <span class='ocrx_word' id='word_1_552' title='bbox 836 4331 889 4387; x_wconf 90' lang='lat' dir='ltr'>per</span> <span class='ocrx_word' id='word_1_553' title='bbox 909 4316 966 4370; x_wconf 90' lang='lat' dir='ltr'>hoc</span> 
     </span>
    </p>
   </div>
   <div class='ocr_carea' id='block_1_14' title="bbox 1021 3431 1859 4404">
    <p class='ocr_par' dir='ltr' id='par_1_15' title="bbox 1021 3431 1859 4404">
     <span class='ocr_line' id='line_1_69' title="bbox 1021 3431 1856 3511; baseline -0.019 -13"><span class='ocrx_word' id='word_1_554' title='bbox 1021 3446 1050 3498; x_wconf 94' lang='grc' dir='ltr'>θῖ</span> <span class='ocrx_word' id='word_1_555' title='bbox 1064 3443 1156 3498; x_wconf 82' lang='lat' dir='ltr'>Filius</span> <span class='ocrx_word' id='word_1_556' title='bbox 1163 3445 1191 3496; x_wconf 88' lang='lat' dir='ltr'>et</span> <span class='ocrx_word' id='word_1_557' title='bbox 1197 3440 1324 3511; x_wconf 85' lang='lat' dir='ltr'>Spiritus</span> <span class='ocrx_word' id='word_1_558' title='bbox 1336 3441 1468 3492; x_wconf 90' lang='lat' dir='ltr'>sanctus.</span> <span class='ocrx_word' id='word_1_559' title='bbox 1477 3437 1606 3506; x_wconf 85' lang='lat' dir='ltr'>Itemque</span> <span class='ocrx_word' id='word_1_560' title='bbox 1624 3431 1760 3486; x_wconf 89' lang='lat' dir='ltr'>inanima</span> <span class='ocrx_word' id='word_1_561' title='bbox 1772 3445 1856 3483; x_wconf 90' lang='lat' dir='ltr'>meus</span> 
     </span>
     <span class='ocr_line' id='line_1_70' title="bbox 1021 3518 1856 3602; baseline -0.02 -14"><span class='ocrx_word' id='word_1_562' title='bbox 1021 3532 1163 3602; x_wconf 83' lang='lat' dir='ltr'>praecedit</span> <span class='ocrx_word' id='word_1_563' title='bbox 1176 3535 1318 3599; x_wconf 89' lang='lat' dir='ltr'>tempore,</span> <span class='ocrx_word' id='word_1_564' title='bbox 1336 3527 1472 3597; x_wconf 88' lang='lat' dir='ltr'>sequitur</span> <span class='ocrx_word' id='word_1_565' title='bbox 1486 3523 1653 3578; x_wconf 88' lang='lat' dir='ltr'>intellectus</span> <span class='ocrx_word' id='word_1_566' title='bbox 1662 3523 1690 3574; x_wconf 88' lang='lat' dir='ltr'>et</span> <span class='ocrx_word' id='word_1_567' title='bbox 1706 3518 1856 3591; x_wconf 89' lang='lat' dir='ltr'>gaudium.</span> 
     </span>
     <span class='ocr_line' id='line_1_71' title="bbox 1023 3607 1857 3689; baseline -0.019 -14"><span class='ocrx_word' id='word_1_568' title='bbox 1023 3623 1056 3676; x_wconf 94' lang='lat' dir='ltr'>ln</span> <span class='ocrx_word' id='word_1_569' title='bbox 1071 3621 1132 3676; x_wconf 90' lang='lat' dir='ltr'>Deo</span> <span class='ocrx_word' id='word_1_570' title='bbox 1147 3619 1188 3674; x_wconf 92' lang='lat' dir='ltr'>nil</span> <span class='ocrx_word' id='word_1_571' title='bbox 1202 3618 1286 3689; x_wconf 91' lang='lat' dir='ltr'>prins</span> <span class='ocrx_word' id='word_1_572' title='bbox 1302 3617 1330 3670; x_wconf 93' lang='lat' dir='ltr'>ni</span> <span class='ocrx_word' id='word_1_573' title='bbox 1347 3614 1506 3686; x_wconf 89' lang='lat' dir='ltr'>posterius.</span> <span class='ocrx_word' id='word_1_574' title='bbox 1523 3611 1651 3666; x_wconf 88' lang='lat' dir='ltr'>Trinitas</span> <span class='ocrx_word' id='word_1_575' title='bbox 1661 3624 1734 3680; x_wconf 86' lang='lat' dir='ltr'>ergo</span> <span class='ocrx_word' id='word_1_576' title='bbox 1751 3607 1857 3661; x_wconf 91' lang='lat' dir='ltr'>mentis</span> 
     </span>
     <span class='ocr_line' id='line_1_72' title="bbox 1023 3695 1857 3783; baseline -0.022 -18"><span class='ocrx_word' id='word_1_577' title='bbox 1023 3710 1238 3783; x_wconf 82' lang='lat' dir='ltr'>qualiscunque</span> <span class='ocrx_word' id='word_1_578' title='bbox 1262 3707 1359 3783; x_wconf 80' lang='lat' dir='ltr'>imago</span> <span class='ocrx_word' id='word_1_579' title='bbox 1390 3706 1527 3774; x_wconf 89' lang='lat' dir='ltr'>respectu</span> <span class='ocrx_word' id='word_1_580' title='bbox 1559 3715 1683 3754; x_wconf 88' lang='lat' dir='ltr'>summae</span> <span class='ocrx_word' id='word_1_581' title='bbox 1707 3695 1857 3751; x_wconf 88' lang='lat' dir='ltr'>Trinitatis</span> 
     </span>
     <span class='ocr_line' id='line_1_73' title="bbox 1024 3782 1859 3871; baseline -0.024 -16"><span class='ocrx_word' id='word_1_582' title='bbox 1024 3799 1133 3871; x_wconf 90' lang='lat' dir='ltr'>exigua</span> <span class='ocrx_word' id='word_1_583' title='bbox 1146 3800 1201 3864; x_wconf 90' lang='lat' dir='ltr'>est,</span> <span class='ocrx_word' id='word_1_584' title='bbox 1221 3799 1249 3850; x_wconf 89' lang='grc' dir='ltr'>θῖ</span> <span class='ocrx_word' id='word_1_585' title='bbox 1263 3811 1300 3849; x_wconf 88' lang='lat' dir='ltr'>ex</span> <span class='ocrx_word' id='word_1_586' title='bbox 1317 3792 1444 3847; x_wconf 85' lang='lat' dir='ltr'>maxima</span> <span class='ocrx_word' id='word_1_587' title='bbox 1462 3793 1545 3862; x_wconf 87' lang='lat' dir='ltr'>parte</span> <span class='ocrx_word' id='word_1_588' title='bbox 1561 3789 1603 3842; x_wconf 89' lang='lat' dir='ltr'>iili</span> <span class='ocrx_word' id='word_1_589' title='bbox 1618 3784 1786 3851; x_wconf 88' lang='lat' dir='ltr'>dissimilis,</span> <span class='ocrx_word' id='word_1_590' title='bbox 1807 3782 1859 3838; x_wconf 86' lang='lat' dir='ltr'>sed</span> 
     </span>
     <span class='ocr_line' id='line_1_74' title="bbox 1023 3872 1858 3957; baseline -0.02 -15"><span class='ocrx_word' id='word_1_591' title='bbox 1023 3892 1120 3943; x_wconf 87' lang='lat' dir='ltr'>tamen</span> <span class='ocrx_word' id='word_1_592' title='bbox 1135 3885 1315 3957; x_wconf 90' lang='lat' dir='ltr'>imago.Nec</span> <span class='ocrx_word' id='word_1_593' title='bbox 1325 3880 1508 3953; x_wconf 89' lang='lat' dir='ltr'>propterhoc</span> <span class='ocrx_word' id='word_1_594' title='bbox 1519 3872 1858 3945; x_wconf 71' lang='lat' dir='ltr'>tantumdicitdngusli-</span> 
     </span>
     <span class='ocr_line' id='line_1_75' title="bbox 1022 3961 1858 4048; baseline -0.024 -15"><span class='ocrx_word' id='word_1_595' title='bbox 1022 3993 1080 4032; x_wconf 91' lang='lat' dir='ltr'>nus</span> <span class='ocrx_word' id='word_1_596' title='bbox 1095 3975 1163 4048; x_wconf 86' lang='lat' dir='ltr'>quia</span> <span class='ocrx_word' id='word_1_597' title='bbox 1178 3975 1225 4029; x_wconf 91' lang='lat' dir='ltr'>sui</span> <span class='ocrx_word' id='word_1_598' title='bbox 1240 3971 1372 4027; x_wconf 90' lang='lat' dir='ltr'>meminit</span> <span class='ocrx_word' id='word_1_599' title='bbox 1383 3985 1478 4038; x_wconf 91' lang='lat' dir='ltr'>meas,</span> <span class='ocrx_word' id='word_1_600' title='bbox 1488 3964 1662 4037; x_wconf 87' lang='lat' dir='ltr'>etintelligit</span> <span class='ocrx_word' id='word_1_601' title='bbox 1676 3966 1705 4018; x_wconf 92' lang='grc' dir='ltr'>θῖ</span> <span class='ocrx_word' id='word_1_602' title='bbox 1715 3961 1812 4033; x_wconf 90' lang='lat' dir='ltr'>diligit</span> <span class='ocrx_word' id='word_1_603' title='bbox 1825 3975 1858 4014; x_wconf 87' lang='lat' dir='ltr'>se</span> 
     </span>
     <span class='ocr_line' id='line_1_76' title="bbox 1023 4054 1858 4137; baseline -0.023 -16"><span class='ocrx_word' id='word_1_604' title='bbox 1023 4067 1076 4122; x_wconf 87' lang='lat' dir='ltr'>sed</span> <span class='ocrx_word' id='word_1_605' title='bbox 1087 4064 1155 4137; x_wconf 87' lang='lat' dir='ltr'>quia</span> <span class='ocrx_word' id='word_1_606' title='bbox 1171 4064 1269 4136; x_wconf 89' lang='lat' dir='ltr'>potest</span> <span class='ocrx_word' id='word_1_607' title='bbox 1293 4059 1465 4116; x_wconf 87' lang='lat' dir='ltr'>meminisse</span> <span class='ocrx_word' id='word_1_608' title='bbox 1483 4060 1512 4113; x_wconf 91' lang='lat' dir='ltr'>et</span> <span class='ocrx_word' id='word_1_609' title='bbox 1531 4054 1697 4126; x_wconf 89' lang='lat' dir='ltr'>intelligere</span> <span class='ocrx_word' id='word_1_610' title='bbox 1713 4054 1742 4107; x_wconf 92' lang='lat' dir='ltr'>et</span> <span class='ocrx_word' id='word_1_611' title='bbox 1760 4064 1858 4104; x_wconf 89' lang='lat' dir='ltr'>amare</span> 
     </span>
     <span class='ocr_line' id='line_1_77' title="bbox 1023 4140 1858 4225; baseline -0.022 -15"><span class='ocrx_word' id='word_1_612' title='bbox 1023 4155 1126 4223; x_wconf 76' lang='lat' dir='ltr'>Deum</span> <span class='ocrx_word' id='word_1_613' title='bbox 1144 4171 1160 4208; x_wconf 87' lang='lat' dir='ltr'>a</span> <span class='ocrx_word' id='word_1_614' title='bbox 1175 4170 1234 4225; x_wconf 90' lang='lat' dir='ltr'>qno</span> <span class='ocrx_word' id='word_1_615' title='bbox 1249 4153 1325 4206; x_wconf 85' lang='lat' dir='ltr'>facta</span> <span class='ocrx_word' id='word_1_616' title='bbox 1337 4152 1392 4206; x_wconf 88' lang='lat' dir='ltr'>est.</span> <span class='ocrx_word' id='word_1_617' title='bbox 1410 4149 1466 4215; x_wconf 88' lang='lat' dir='ltr'>Qui</span> <span class='ocrx_word' id='word_1_618' title='bbox 1482 4149 1579 4202; x_wconf 90' lang='lat' dir='ltr'>autem</span> <span class='ocrx_word' id='word_1_619' title='bbox 1595 4140 1797 4200; x_wconf 88' lang='lat' dir='ltr'>reminiscitur</span> <span class='ocrx_word' id='word_1_620' title='bbox 1807 4155 1858 4209; x_wconf 89' lang='lat' dir='ltr'>per</span> 
     </span>
     <span class='ocr_line' id='line_1_78' title="bbox 1023 4230 1858 4310; baseline -0.023 -10"><span class='ocrx_word' id='word_1_621' title='bbox 1023 4243 1203 4308; x_wconf 87' lang='lat' dir='ltr'>memoriam,</span> <span class='ocrx_word' id='word_1_622' title='bbox 1216 4243 1345 4297; x_wconf 90' lang='lat' dir='ltr'>intuetur</span> <span class='ocrx_word' id='word_1_623' title='bbox 1358 4256 1412 4310; x_wconf 91' lang='lat' dir='ltr'>per</span> <span class='ocrx_word' id='word_1_624' title='bbox 1425 4234 1658 4308; x_wconf 87' lang='lat' dir='ltr'>intelligentiam,</span> <span class='ocrx_word' id='word_1_625' title='bbox 1674 4230 1858 4301; x_wconf 86' lang='lat' dir='ltr'>amplectitur</span> 
     </span>
     <span class='ocr_line' id='line_1_79' title="bbox 1023 4319 1857 4404; baseline -0.024 -15"><span class='ocrx_word' id='word_1_626' title='bbox 1023 4350 1077 4404; x_wconf 88' lang='lat' dir='ltr'>per</span> <span class='ocrx_word' id='word_1_627' title='bbox 1091 4332 1289 4399; x_wconf 91' lang='lat' dir='ltr'>dilectionem,</span> <span class='ocrx_word' id='word_1_628' title='bbox 1306 4329 1355 4384; x_wconf 92' lang='lat' dir='ltr'>hic</span> <span class='ocrx_word' id='word_1_629' title='bbox 1368 4327 1478 4398; x_wconf 89' lang='lat' dir='ltr'>reperit</span> <span class='ocrx_word' id='word_1_630' title='bbox 1488 4324 1657 4395; x_wconf 89' lang='lat' dir='ltr'>imaginem,</span> <span class='ocrx_word' id='word_1_631' title='bbox 1674 4319 1793 4375; x_wconf 92' lang='lat' dir='ltr'>etillum</span> <span class='ocrx_word' id='word_1_632' title='bbox 1806 4332 1857 4370; x_wconf 89' lang='lat' dir='ltr'>ca-</span> 
     </span>
    </p>
   </div>
   <div class='ocr_carea' id='block_1_15' title="bbox 131 4406 1856 4582">
    <p class='ocr_par' dir='ltr' id='par_1_16' title="bbox 131 4406 1856 4582">
     <span class='ocr_line' id='line_1_80' title="bbox 131 4406 1856 4494; baseline 0.002 -29"><span class='ocrx_word' id='word_1_633' title='bbox 131 4410 161 4468; x_wconf 88' lang='lat' dir='ltr'>in</span> <span class='ocrx_word' id='word_1_634' title='bbox 173 4411 303 4468; x_wconf 88' lang='lat' dir='ltr'>essentia</span> <span class='ocrx_word' id='word_1_635' title='bbox 327 4411 383 4466; x_wconf 88' lang='lat' dir='ltr'>tria</span> <span class='ocrx_word' id='word_1_636' title='bbox 397 4425 466 4465; x_wconf 88' lang='lat' dir='ltr'>esse</span> <span class='ocrx_word' id='word_1_637' title='bbox 490 4408 637 4480; x_wconf 88' lang='lat' dir='ltr'>intelligit,</span> <span class='ocrx_word' id='word_1_638' title='bbox 658 4407 712 4461; x_wconf 89' lang='lat' dir='ltr'>scd</span> <span class='ocrx_word' id='word_1_639' title='bbox 744 4406 877 4462; x_wconf 89' lang='lat' dir='ltr'>eamdem</span> <span class='ocrx_word' id='word_1_640' title='bbox 896 4420 965 4475; x_wconf 91' lang='lat' dir='ltr'>per·</span> <span class='ocrx_word' id='word_1_641' title='bbox 1022 4420 1252 4494; x_wconf 60' lang='lat' dir='ltr'>jusgsgjmago,</span> <span class='ocrx_word' id='word_1_642' title='bbox 1280 4417 1388 4473; x_wconf 70' lang='lat' dir='ltr'>verius</span> <span class='ocrx_word' id='word_1_643' title='bbox 1408 4415 1486 4470; x_wconf 72' lang='lat' dir='ltr'>enim</span> <span class='ocrx_word' id='word_1_644' title='bbox 1511 4411 1621 4467; x_wconf 89' lang='lat' dir='ltr'>invenit</span> <span class='ocrx_word' id='word_1_645' title='bbox 1648 4423 1751 4464; x_wconf 77' lang='lat' dir='ltr'>amans</span> <span class='ocrx_word' id='word_1_646' title='bbox 1771 4420 1856 4478; x_wconf 66' lang='lat' dir='ltr'>quem</span> 
     </span>
     <span class='ocr_line' id='line_1_81' title="bbox 132 4479 1190 4582; baseline -0.009 -22"><span class='ocrx_word' id='word_1_647' title='bbox 132 4520 237 4562; x_wconf 90' lang='lat' dir='ltr'>sonam</span> <span class='ocrx_word' id='word_1_648' title='bbox 252 4518 310 4557; x_wconf 91' lang='lat' dir='ltr'>non</span> <span class='ocrx_word' id='word_1_649' title='bbox 326 4517 395 4556; x_wconf 86' lang='lat' dir='ltr'>csse</span> <span class='ocrx_word' id='word_1_650' title='bbox 411 4499 549 4568; x_wconf 87' lang='lat' dir='ltr'>declarat,</span> <span class='ocrx_word' id='word_1_651' title='bbox 567 4497 602 4551; x_wconf 87' lang='lat' dir='ltr'>Et</span> <span class='ocrx_word' id='word_1_652' title='bbox 612 4496 668 4552; x_wconf 91' lang='lat' dir='ltr'>hoc</span> <span class='ocrx_word' id='word_1_653' title='bbox 684 4499 730 4551; x_wconf 89' lang='lat' dir='ltr'>est</span> <span class='ocrx_word' id='word_1_654' title='bbox 754 4496 850 4550; x_wconf 89' lang='lat' dir='ltr'>solum</span> <span class='ocrx_word' id='word_1_655' title='bbox 876 4510 965 4550; x_wconf 91' lang='lat' dir='ltr'>voca·</span> <span class='ocrx_word' id='word_1_656' title='bbox 981 4479 1010 4542; x_wconf 83' lang='lat' dir='ltr'>D</span> <span class='ocrx_word' id='word_1_657' title='bbox 1024 4512 1190 4582; x_wconf 51' lang='lat' dir='ltr'>disputans,</span> 
     </span>
    </p>
   </div>
   <div class='ocr_carea' id='block_1_16' title="bbox 0 0 1925 6022">
    <p class='ocr_par' dir='ltr' id='par_1_17' title="bbox 0 0 1925 6022">
     <span class='ocr_line' id='line_1_82' title="bbox 0 0 1925 6022; baseline 0 0"><span class='ocrx_word' id='word_1_658' title='bbox 0 0 1925 6022; x_wconf 95' lang='lat' dir='ltr'> </span> 
     </span>
    </p>
   </div>
  </div>
 </body>
</html>
