3816 6030
65 252 128 314 777
651 253 954 329 MISCELLANEA
992 292 1029 303 -
1052 256 1131 320 LlB.
1156 257 1195 320 V.

1734 267 1806 345 778.

65 454 169 507 tenere
186 466 314 519 ceream,
331 450 463 505 ordinato
478 452 667 523 praesignans
684 452 762 523 qaod
779 452 814 507 de
831 469 901 507 cara
913 435 947 499 Α
958 454 1792 528 animamexhortatur,diccns:Anirna,hahesmaltabcnc

66 542 116 594 sai
131 555 313 610 suorumque
328 555 444 594 summo
455 541 569 594 Pastori
581 541 723 595 rationem
736 541 899 611 praestahit.
955 545 1090 615 positam
1101 545 1352 618 anrwsplurimos,
1361 549 1489 619 quiesce,
1498 550 1627 622 comede,
1636 550 1718 623 tite,
1727 567 1794 624 epu-

104 629 243 700 Seqaitar
258 627 422 682 constantia
434 627 463 680 in
476 628 709 683 continuatione:
723 630 763 683 Et
774 630 901 700 tractas
957 630 1022 686 lare
1042 633 1121 696 (Lac.
1144 636 1206 704 xa).
1230 635 1312 688 Hanc
1330 641 1489 707 exsuperat
1506 640 1708 710 temperantia,
1725 656 1793 712 quae

66 717 173 788 inquit,
188 720 425 785 restarmaneat,
438 716 521 770 idest
532 720 713 786 perseveret.
723 717 901 788 Finisenim,
958 720 1082 792 castigat
1098 738 1206 792 corpas
1222 727 1251 777 et
1265 723 1322 777 sab
1338 725 1434 779 anima
1450 725 1479 779 in
1494 727 1668 781 servitutem
1682 728 1794 802 redigit

67 806 98 859 id
114 810 160 859 est
184 804 318 873 victoria,
334 819 393 858 nen
414 819 512 874 pagna
538 809 668 859 coronat.
687 805 771 860 Unde
788 803 903 877 praece·
957 811 985 862 et
1000 808 1212 864 iacitmemhra
1223 812 1577 886 corporisarmajustitiae
1588 817 1659 871 Deo.
1670 815 1793 887 Sapien-

67 897 151 963 ptam
167 895 212 946 est
223 892 345 945 caudam
362 908 428 945 cum
445 892 538 962 capite
555 891 671 947 oilerre.
685 894 730 947 Ad
744 893 801 948 hoc
817 895 904 949 etiam
956 897 995 950 tia
1011 898 1103 969 hujus
1119 900 1223 953 saeeali
1241 903 1347 971 qaaerit
1372 919 1439 974 qaae
1456 919 1509 958 saa
1525 907 1603 974 sant,
1628 904 1708 976 quod
1732 905 1791 960 sibi

69 980 135 1034 data
152 983 197 1035 est
211 979 418 1034 sacerdotibus
429 981 528 1033 tunica
539 981 651 1034 altaria.
663 981 740 1036 Ecce
753 986 824 1053 quot
834 998 904 1055 gra·
956 985 1026 1040 utile
1043 990 1088 1041 est
1104 990 1305 1044 tantammodo
1323 995 1414 1045 curat.
1432 992 1515 1046 Hanc
1527 994 1681 1049 concaleat
1692 992 1792 1048 chari-

67 1069 159 1123 daam
180 1069 297 1123 culmen
321 1067 511 1137 ascendistis
535 1070 577 1122 tot
598 1070 746 1124 rationum
774 1070 903 1125 vinculis
956 1077 1012 1143 tas,
1026 1079 1790 1154 qaaenonqaaeritsaasedqaaelesaChristit'IGor.

68 1158 181 1229 alligati
198 1157 282 1211 estis
298 1155 372 1220 Quis
388 1156 465 1211 enim
480 1159 522 1210 tot
536 1157 664 1212 vinculis
680 1159 818 1232 alligatur
834 1162 905 1230 quot
956 1163 1102 1233 x111);non
1117 1165 1186 1236 quid
1199 1166 1267 1236 sihi,
1278 1168 1332 1222 sed
1343 1169 1412 1240 qaid
1425 1169 1492 1223 aliis
1502 1170 1572 1224 utile
1584 1173 1701 1240 pensat.
1713 1170 1792 1227 Prae·

67 1247 224 1315 sacerdos,
241 1261 308 1299 cam
323 1245 455 1299 induitur
471 1245 692 1300 ministraturus
703 1247 821 1301 ‘?P1·imc
836 1248 905 1301 ami-
956 1254 1084 1323 sumptio
1110 1255 1243 1325 spiritas,
1270 1255 1339 1310 dam
1354 1256 1421 1310 aliis
1441 1258 1547 1328 qaaerit
1561 1274 1705 1329 praeesse,
1730 1258 1791 1316 Deo

67 1337 118 1388 cta
134 1334 236 1389 lauces
253 1333 343 1405 ligat:
361 1333 429 1387 inde
441 1333 546 1387 maciis
559 1334 714 1389 conductis
725 1335 781 1390 sah
797 1335 903 1390 axellis
956 1341 1134 1413 dedignatur
1144 1343 1283 1399 subesse.
1294 1344 1390 1415 Super
1402 1345 1477 1399 hanc
1489 1345 1790 1419 elevaturhamilitas,

65 1424 173 1492 pectas
189 1422 318 1493 stringit.
335 1421 433 1476 Tertio
448 1437 538 1476 renes
552 1423 609 1477 sub
631 1424 772 1479 cinctorio
793 1427 902 1495 arctat3
956 1446 1022 1501 qaae
1037 1434 1068 1484 at
1083 1431 1144 1485 Deo
1160 1432 1267 1487 melias
1278 1435 1375 1503 possit
1384 1433 1505 1505 subjici,
1519 1434 1591 1489 nalli
1600 1435 1790 1506 vultpraetlci.

65 1526 102 1564 ae
118 1511 144 1564 si
162 1510 275 1563 dicatur
290 1509 334 1563 oi:
352 1508 470 1582 Stringe
486 1509 598 1580 lauces,
615 1511 644 1564 id
661 1514 706 1565 est
721 1528 796 1582 pone
809 1516 904 1567 casto·
958 1518 1049 1574 Omne
1064 1535 1136 1592 ergo
1149 1521 1224 1592 qaod
1239 1528 1337 1575 natam
1353 1527 1399 1576 est
1415 1538 1455 1576 cr
1468 1523 1530 1578 Deo
1548 1523 1642 1578 vincit
1654 1524 1793 1580 mundam

65 1598 146 1652 diam
162 1599 207 1652 ori
221 1601 286 1668 tuo,
311 1598 426 1669 stringe
441 1601 558 1669 pectas,
585 1599 614 1652 id
639 1604 685 1654 est
707 1601 903 1672 cogitationes
956 1607 979 1678 tl
995 1608 1079 1663 dean.
1097 1615 1134 1679 v),
1152 1609 1180 1662 id
1205 1613 1252 1663 est
1268 1610 1366 1664 carnis
1390 1611 1586 1682 prudentiam,
1614 1612 1720 1667 saeculi
1741 1628 1793 1668 sa-

63 1686 152 1740 malae
170 1702 228 1740 non
239 1686 401 1740 ascendant
413 1686 443 1738 in
452 1687 540 1740 eorde
553 1689 619 1758 ta03
635 1689 750 1760 stringe
760 1704 860 1760 renes,
873 1690 902 1744 id
958 1697 1105 1767 pientiam,
1114 1696 1270 1767 etspiritas
1278 1701 1541 1770 praesamptionem
1554 1701 1713 1774 :castitate,
1724 1700 1794 1757 cha·

64 1775 900 1849 estcracifigeearnemtaanrcamvitiisetconcupiscen-
958 1786 1052 1852 ritate,
1071 1785 1243 1841 humilitate.

64 1864 128 1918 tiis,
144 1863 229 1918 Orata
242 1866 338 1917 autem
352 1863 435 1917 illam
450 1865 515 1917 sinc
540 1881 597 1935 qao
620 1866 692 1920 nihil
717 1869 853 1938 potcstiS,
870 1871 902 1923 at

67 1953 147 2007 sicut
161 1967 217 2007 vos
232 1952 329 2024 elegit,
347 1952 385 2005 ita
403 1951 497 2022 juvet,
516 1958 546 2005 ut
565 1953 692 2009 tractam
709 1953 852 2024 alteratis,
873 1962 903 2011 et

67 2041 186 2095 fructas
204 2047 305 2095 aester
318 2046 445 2094 ruancat.
457 2041 563 2095 Aaron.

202 2129 265 2184 Trr.
281 2129 328 2183 Ll.
346 2129 391 2183 De
402 2128 513 2200 duplici
528 2131 696 2202 nativitate,
714 2135 769 2187 etc.
998 2122 1072 2177 Tres
1085 2129 1154 2176 sunt
1170 2123 1616 2195 quitestimoniumdantinccelo
1627 2126 1792 2200 (letenna).

106 2219 198 2273 Omne
214 2219 289 2291 quod
311 2225 409 2272 aarum
425 2224 470 2272 est
487 2235 525 2273 03
534 2219 596 2273 Deo
617 2220 708 2274 η’ῃρη
722 2222 859 2277 mundum
875 2224 905 2294 (1
958 2211 1032 2265 Tres
1048 2215 1118 2265 sant
1134 2212 1211 2282 coeli,
1223 2215 1285 2268 tres
1301 2214 1464 2284 terrestria
1475 2215 1794 2272 testimonia.Primam

67 2308 152 2363 dean.
167 2306 207 2378 v).
226 2307 298 2361 Duae
314 2311 384 2361 sant
398 2307 583 2361 nativitates:
601 2323 658 2360 ana
673 2324 711 2362 ex
721 2310 793 2382 Deo,
809 2312 900 2367 altera
958 2306 1065 2361 coelum
1082 2307 1171 2362 Deus·
1189 2308 1222 2363 ln
1237 2308 1294 2363 hoc
1309 2309 1404 2379 plenae
1420 2312 1447 2364 et
1462 2326 1586 2365 flummoe
1600 2312 1794 2383 perfectionis

66 2412 105 2451 ex
120 2396 239 2450 mundo.
266 2395 297 2449 ln
313 2411 372 2466 qao
387 2399 513 2466 quatuor
528 2399 606 2466 nota,
629 2399 900 2469 concupiscentiam
958 2395 1717 2473 testimoniamdatpotentia,sapientia,benignitas,
1731 2401 1793 2457 Pa-

66 2485 225 2556 carnalam,
242 2484 422 2538 affluentiam
437 2485 639 2554 temporalem,
656 2488 800 2543 rationem
815 2494 901 2545 natu·
959 2495 1016 2553 ter,
1029 2482 1126 2538 Filius
1137 2489 1167 2538 et
1178 2483 1311 2556 Spiritus
1321 2493 1452 2556 sanctas,
1466 2491 1495 2542 et
1506 2488 1538 2541 hi
1554 2493 1617 2543 tres
1631 2490 1750 2560 proprie
1765 2492 1798 2546 et·

67 2574 170 2644 ralem,
188 2578 216 2628 et
230 2573 355 2646 gratiam
371 2574 563 2643 spiritualem.
580 2573 825 2647 Concupiscentia
835 2595 902 2635 car·
958 2572 1160 2645 principaliter
1180 2589 1265 2626 unam
1290 2579 1359 2627 saut
1383 2574 1493 2646 (ibid),
1511 2591 1622 2648 exque
1638 2577 1745 2650 omnia,
1761 2579 1793 2634 in

994 1910 1055 1965 Tra.
1073 1910 1134 1965 lll.
1148 1911 1193 1966 De
1205 1910 1304 1966 trihus
1317 1913 1406 1980 calis,
1422 1914 1516 1968 terris
1530 1920 1561 1968 et
1572 1915 1753 1972 testimoniis
1761 1916 1794 1973 iu

1226 2000 1405 2070 eis,iteru1u
1426 2001 1526 2058 aliter.

70 2664 119 2717 nis
135 2662 295 2717 concordat
309 2678 375 2715 cam
391 2663 509 2732 mando,
527 2664 662 2734 sequitur
676 2679 744 2719 eam
758 2670 787 2720 et
799 2683 902 2737 pacem
959 2661 1146 2735 quaomnia,
1167 2678 1221 2732 per
1245 2678 1333 2733 quem
1358 2664 1465 2718 omnia.
1492 2664 1662 2720 Secundam
1686 2667 1795 2723 eoelam

67 2750 157 2806 hahet
172 2767 239 2805 carn
254 2766 299 2820 eo,
317 2752 456 2822 quoniam
470 2751 528 2806 duo
539 2753 632 2822 prima
643 2753 730 2808 facile
741 2755 829 2810 simul
839 2773 902 2812 car·
959 2749 1076 2825 Angeli.
1095 2750 1178 2804 Unde
1187 2751 1299 2805 Rorate
1310 2751 1511 2825 caelidesaper
1520 2752 1590 2824 (Isa.
1603 2754 1682 2827 xcv),
1694 2756 1725 2810 in
1735 2771 1795 2829 qao

67 2843 145 2894 runt.
165 2841 249 2895 Ratio
272 2839 414 2894 naturalis
439 2840 587 2910 dissentit,
609 2843 723 2896 resistit
746 2845 854 2900 mundo
874 2851 903 2902 et
958 2840 1160 2896 testimonium
1176 2840 1245 2893 dant
1261 2839 1421 2912 felicitatis,
1438 2843 1544 2913 virtus,
1560 2844 1681 2916 veritas,
1699 2846 1795 2901 chari·

67 2945 135 2984 cam
155 2945 190 2984 eo
206 2933 335 3001 pugnat,
352 2929 405 2983 sed
421 2929 558 3000 vincitur,
575 2931 651 2985 etita
665 2931 900 3007 lithomonatas,
959 2935 1004 2985 tas
1020 2934 1049 2984 ct
1064 2929 1097 2983 hi
1113 2936 1177 2982 tres
1188 2945 1284 2998 anain,
1297 2930 1436 3000 quoniam
1447 2946 1484 2985 ex
1495 2947 1553 2986 ano
1565 2948 1655 2987 unum
1666 2935 1745 3004 sant,
1757 2935 1796 2990 de

66 3019 97 3073 in
112 3019 221 3072 mando
238 3018 414 3087 existand03
435 3034 501 3072 cun:
518 3023 615 3073 autom
636 3035 672 3073 ex
692 3021 753 3075 Deo
778 3023 903 3078 donatur
959 3018 1263 3090 potentialleivirtaS,
1280 3018 1316 3072 de
1325 3019 1469 3088 sapientia
1479 3020 1643 3090 veritas,de
1654 3021 1794 3093 benigni·

65 3109 163 3180 gratia
178 3107 351 3178 spiritualis,
368 3108 441 3161 ratio
457 3123 523 3178 qaae
539 3109 622 3178 prius
637 3108 701 3163 sola
715 3110 902 3168 daohasnon
960 3111 1016 3163 tate
1033 3106 1171 3160 charitas.
1196 3105 1308 3160 Coelum
1332 3107 1449 3161 tertium
1472 3109 1642 3178 spirituales
1666 3109 1725 3164 viri
1743 3111 1795 3182 qui

65 3200 180 3267 poterat
195 3196 347 3265 resistere,
369 3196 500 3266 juvatur,
524 3200 552 3250 et
573 3197 701 3252 vincitur
722 3201 849 3256 mandas
874 3205 902 3256 et
960 3199 1097 3253 enarrant
1111 3195 1235 3267 gloriam
1252 3195 1324 3266 Dei,
1339 3196 1493 3268 inquibus
1509 3197 1794 3254 danttestimoniam

66 3285 310 3356 coucupiscentia
334 3284 510 3339 refrenatur.
538 3285 636 3339 Gratia
652 3290 749 3341 autem
770 3289 822 3343 Dei
845 3295 900 3359 cst,

64 3373 155 3446 juxta
169 3373 355 3444 Apostolum,
372 3390 426 3444 per
436 3374 523 3428 fidem
538 3375 611 3429 lesu
622 3374 731 3430 Christi
740 3394 832 3448 super
846 3396 905 3434 om·

66 3479 124 3518 nes
140 3463 191 3535 qai
206 3464 331 3518 credant
354 3464 385 3516 in
408 3479 485 3533 earu,
501 3467 645 3534 potestate
666 3465 743 3520 filios
761 3467 813 3522 Dei
827 3469 902 3540 ilari,

68 3553 118 3624 qai
136 3553 195 3606 nati
210 3556 279 3607 sunt
294 3568 332 3605 ex
346 3552 407 3607 Deo
424 3552 544 3607 vincant
568 3555 709 3608 mandam
720 3554 746 3618 (I
760 3556 843 3612 decu.
861 3559 901 3631 11).

65 3646 171 3695 natura
187 3644 341 3714 repugnat,
358 3641 433 3695 tides
448 3641 548 3712 vincit,
565 3659 623 3712 pax
639 3648 752 3716 regnat.
762 3646 903 3702 Nancvi-

64 3731 248 3787 deudamest
256 3731 306 3801 qai
314 3731 441 3799 vincant,
453 3731 519 3785 duaa
528 3735 597 3786 sant
606 3732 759 3788 heminam
770 3737 900 3807 species,

65 3836 134 3893 qaae
149 3820 291 3874 mundam
300 3819 490 3890 triumphant.
504 3820 601 3875 Tertia
616 3822 743 3877 vincitur
754 3840 770 3877 a
781 3826 900 3882 maudo.

65 3910 226 3964 Hincsant
250 3908 352 3978 hieria,
376 3909 499 3978 Martha,
523 3909 653 3965 Lazarus
677 3912 708 3965 in
723 3928 781 3967 ana
803 3914 900 3970 domo.

59 3999 162 4054 Maria
179 3998 316 4070 optimam
328 4005 446 4069 partem
467 3998 559 4070 clepit
573 4000 655 4070 (Lac.
674 4008 714 4070 x),
731 4003 800 4073 quia
814 4019 900 4059 nemo

59 4088 165 4157 tatius,
181 4086 309 4157 faciliaS,
328 4087 466 4157 celerias,
484 4088 626 4142 mandam
640 4089 732 4146 vincit
747 4108 834 4163 qaam
850 4094 901 4165 qai

59 4177 161 4246 ipsum
174 4179 266 4231 totum
283 4175 403 4243 deserit,
420 4176 554 4245 despicit.
571 4175 626 4240 Qui
637 4181 734 4233 autem
750 4181 899 4235 mundana

60 4268 177 4334 tractat,
192 4264 369 4337 pietatisque
385 4262 500 4320 actione
520 4265 676 4337 ministrat,
698 4272 727 4322 et
746 4285 817 4341 erga
832 4271 897 4341 plu-

957 3284 1190 3357 justificationis,
1207 3284 1292 3353 tldes,
1310 3299 1393 3356 spes,
1410 3285 1549 3340 charitas.
1561 3285 1596 3339 Et
1606 3286 1636 3340 hi
1651 3289 1713 3341 tres
1724 3287 1795 3343 ideo

959 3390 1060 3444 tanam,
1081 3374 1148 3444 qaia
1165 3389 1202 3426 ex
1218 3388 1286 3427 ano.
1299 3373 1387 3427 Fides
1403 3374 1438 3428 de
1450 3374 1593 3445 sapientia
1603 3373 1795 3432 illuminatad

958 3464 1131 3530 veritatem,
1146 3461 1226 3533 ignis
1239 3461 1274 3515 de
1286 3461 1395 3532 Spiritu
1405 3463 1795 3520 sanctoinhammatadcha·

959 3554 1089 3608 ritatem:
1107 3554 1134 3606 et
1145 3551 1272 3621 perhaec
1282 3551 1341 3605 duo
1350 3567 1434 3622 spem
1444 3551 1590 3607 habemas
1600 3551 1796 3624 perveniendi

958 3641 995 3696 ad
1011 3641 1136 3695 Patrem.

995 3730 1094 3784 Prima
1108 3732 1187 3783 terra
1202 3731 1248 3783 est
1262 3728 1390 3800 populas
1405 3729 1563 3800 poenitens,
1584 3731 1662 3785 terra
1678 3733 1792 3804 sancta,

958 3819 989 3874 in
998 3819 1053 3874 hac
1069 3819 1271 3873 testimoniam
1280 3818 1469 3872 remissionis
1480 3817 1549 3872 daut
1558 3818 1691 3890 spiritus,
1704 3836 1791 3892 aqua,

958 3912 987 3963 et
1003 3907 1138 3980 sanguis,
1155 3907 1184 3960 id
1200 3908 1246 3960 est
1257 3907 1454 3976 compunctio,
1469 3906 1790 3976 contessio,remissio.

957 3996 1088 4068 Spiritus
1105 3998 1227 4050 sanetas
1244 3998 1383 4049 scrutans
1400 3994 1488 4049 corda
1512 3998 1541 4049 et
1554 4011 1653 4066 renes,
1670 3996 1741 4052 dum
1754 3997 1792 4054 de

957 4088 1088 4156 peccato,
1103 4083 1217 4155 justitia
1227 4082 1377 4154 etjadicio
1388 4087 1575 4154 peccatorum
1592 4085 1699 4157 arguit,
1709 4086 1792 4142 nimi·

956 4191 1021 4230 ram
1032 4174 1202 4244 poenitentia
1212 4173 1327 4244 pungit.
1341 4173 1409 4228 ldeo
1418 4173 1542 4243 spiritus
1553 4173 1633 4228 illam
1641 4174 1791 4246 siguificat

955 4280 1043 4337 qaam
1059 4264 1116 4317 dat.
1134 4264 1219 4332 Aqua
1244 4262 1394 4333 significat
1416 4262 1648 4334 contessionem,
1671 4264 1740 4334 qaia
1758 4265 1790 4319 in

58 4354 136 4408 rima
152 4354 294 4424 turbatur,
312 4355 390 4408 sicat
406 4355 528 4425 Martha,
542 4354 700 4426 laboriose,
715 4359 894 4431 periculose,
910 4365 939 4430 ο
955 4351 1145 4408 confessione
1161 4353 1281 4420 peccata
1296 4350 1453 4419 lavantur,
1470 4367 1559 4421 qaam
1574 4367 1655 4422 saepe
1670 4352 1791 4408 manife-

59 4443 171 4513 diaqae
192 4446 323 4515 pugnat,
348 4443 402 4496 sed
425 4443 557 4514 gloriose
577 4445 746 4516 triumphat.
771 4448 895 4502 Hostem

59 4532 895 4608 ergollariadeclinatsapienter,Marthaaggreditarsor-

58 4621 240 4675 titer.Vincit
248 4621 319 4692 laga
331 4621 548 4692 lla1·ia,Martha
555 4639 665 4695 pugna.
673 4624 892 4698 Lazarasvero,

59 4711 113 4783 qui
126 4726 182 4764 nec
207 4711 335 4765 declinat
350 4726 405 4764 nec
428 4714 541 4782 pugnat
557 4716 696 4767 oneratas
713 4717 837 4769 terrenae
849 4715 894 4769 as-

59 4800 189 4854 llaentiae
198 4814 319 4872 aggere,
338 4800 367 4853 in
379 4800 620 4869 concupiscentia
632 4802 730 4856 carnis
741 4803 893 4875 sepelitur,

59 4889 184 4943 absente
200 4890 317 4959 virtute,
334 4889 364 4942 id
379 4892 425 4943 est
440 4889 569 4943 Christo.
580 4890 665 4960 Nam,
678 4894 709 4944 at
719 4891 896 4963 inquithlar-

58 4977 161 5032 thaad
177 4978 296 5032 lesum:
314 4978 448 5048 Domine,
465 4978 494 5031 si
504 4978 616 5033 l'aisscs
631 4979 688 5045 hic,
705 4980 895 5036 iratermcus

60 5083 117 5121 uon
133 5067 484 5139 tuissetmortaastdoan.
501 5069 553 5139 xi).
570 5067 656 5122 Naue
667 5069 894 5139 quicumvincat

58 5160 88 5211 et
103 5156 212 5228 quihus
228 5157 386 5210 videndam
402 5161 456 5211 est.
469 5157 621 5228 hiandum,
638 5158 740 5231 inquit,
762 5160 851 5214 riacit
867 5161 897 5228 (I

57 5245 144 5301 dean.
161 5244 201 5306 al.
219 5246 320 5300 hlandi
330 5247 448 5300 nomiae
459 5247 513 5300 tria
523 5247 754 5318 comprehendit,
765 5250 892 5319 pruden-

57 5336 247 5407 tiamcarnis,
264 5351 331 5406 qaae
347 5339 393 5390 est
409 5335 528 5390 inimica
544 5337 625 5407 Deo,
642 5337 817 5407 sapientiam
832 5356 892 5395 sae-

58 5425 128 5494 culi,
145 5440 212 5495 qaae
227 5429 273 5479 est
289 5424 410 5479 stultitia
419 5425 495 5494 apud
505 5425 615 5496 Deam,
630 5429 892 5499 praesumptionem

58 5514 193 5589 spiritus,
218 5530 284 5588 quoe
302 5517 349 5570 est
363 5517 504 5586 apostatae
520 5530 538 5569 a
557 5513 629 5570 llco.
646 5514 718 5572 llaec
732 5517 893 5576 vincantur

57 5605 205 5680 castitate,
228 5604 402 5679 humilitate,
429 5604 580 5662 charitate.
607 5605 767 5666 Prudentia
792 5613 891 5672 carnis

307 5702 436 5760 Peraea.
456 5698 629 5762 CLXXVII.

955 4444 1033 4497 stant
1047 4441 1102 4495 rivi
1114 4440 1280 4494 oculorum.
1294 4440 1374 4493 Bona
1386 4443 1431 4493 est
1441 4439 1592 4494 confessio
1604 4439 1791 4511 oris,melior

954 4531 1117 4598 oculorum,
1135 4529 1243 4599 optima
1260 4543 1392 4598 operam.
1409 4528 1631 4599 Spiritamcrgo
1643 4543 1788 4598 compan-

954 4620 1071 4690 ctionis,
1087 4617 1333 4690 aquamintellige
1343 4615 1555 4670 confessionis.
1568 4616 1708 4687 Sequitur
1715 4631 1787 4671 san-

953 4710 1021 4782 gais
1034 4707 1231 4776 remissionis,
1244 4707 1309 4759 sine
1319 4705 1465 4776 sanguine
1481 4705 1560 4759 enirn
1570 4705 1668 4759 nonfit
1683 4705 1787 4762 remis-

952 4799 1008 4853 sio.
1018 4798 1059 4851 Et
1069 4796 1102 4850 hi
1118 4803 1182 4850 tres
1197 4795 1364 4864 anum,qaia
1375 4793 1411 4846 ab
1428 4808 1485 4847 ano
1496 4810 1579 4865 aquo
1589 4809 1673 4849 carue
1684 4795 1784 4849 datum

953 4888 1090 4959 optimam
1106 4885 1180 4954 t'dae.
1199 4886 1229 4954 1).
1241 4883 1332 4937 Terra
1346 4885 1444 4936 autem
1467 4883 1562 4936 media
1574 4882 1701 4953 inopere
1714 4883 1787 4938 hdae

951 4975 1120 5030 maledicta:
1147 4988 1213 5044 quae
1236 4971 1382 5025 scinditur
1397 4987 1516 5026 vomere
1533 4973 1784 5046 comminationis,
1840 5032 1846 5047 ,

951 5064 1137 5136 pertunditur
1160 5076 1228 5116 rore
1250 5060 1471 5131 promissionis,
1498 5062 1600 5131 spinas
1616 5065 1644 5117 et
1660 5062 1786 5118 tribulos

950 5154 1122 5227 germinans
1135 5167 1140 5206 :
1157 5157 1219 5204 tres
1231 5149 1318 5203 habet
1328 5152 1422 5204 testes
1431 5151 1624 5219 perditionis:
1642 5152 1785 5223 concapi-

950 5241 1209 5310 sccntiamcarnis,
1220 5239 1491 5309 concupiscentiam
1503 5241 1667 5311 oculorum,
1683 5256 1786 5311 saper·

949 5332 1117 5388 biamvitac.
1134 5330 1224 5384 Terra
1240 5328 1341 5383 ultima
1352 5329 1548 5384 damnationis
1559 5333 1677 5385 aeternae
1693 5328 1782 5384 habet

948 5416 1782 5493 testesigneminexstinguibilem,vermemimmortalem,

949 5512 997 5568 vel
1012 5511 1341 5566 damnatorumcaraem
1356 5507 1621 5580 incorruptibilem
1641 5509 1670 5562 et
1683 5521 1721 5562 ex
1735 5505 1784 5564 hia

950 5601 1197 5679 desperationem.
1205 5599 1310 5673 Quiasi
1318 5597 1610 5675 substantialisignis
1618 5595 1785 5659 valvarmia

1588 5689 1628 5759 a
