3796 6022
531 269 847 334 MlSCELLANEA.
866 305 902 316 -
918 270 998 334 ΗΒ.
1017 270 1057 333 lI.
1600 269 1663 341 Μ

63 470 89 526 is
104 471 278 542 proponitur
288 472 385 543 quain
395 471 443 525 via
454 471 649 526 ambulemus.
660 471 773 544 Legem
787 476 816 538 Α
832 474 961 542 ctomrm3
978 472 1069 528 altera
1082 490 1170 545 quam
1185 476 1275 546 intus,
1292 476 1383 530 altera
1399 492 1486 549 quam
1503 476 1577 533 foris
1596 492 1664 531 sus-

64 562 152 630 cntes,
168 559 774 631 praemiumaccipimuS,inpraesentiani-
831 561 934 616 tinent.
965 561 1065 617 Altera
1092 579 1109 617 a
1137 565 1297 634 proximis,
1322 565 1413 620 altera
1441 566 1661 637 ascmetipsis.

64 647 232 719 nuditatem,
249 650 279 703 in
294 648 392 704 futura
408 651 513 704 animae
531 649 641 720 pariter
664 653 693 704 et
709 665 774 704 cor·
830 648 964 713 Quandiu
980 651 1057 706 enim
1071 652 1101 705 in
1117 653 1171 707 hac
1183 654 1366 724 corruptibili
1375 671 1463 710 carne
1474 655 1587 722 vivunt,
1600 671 1662 710 mo·

64 736 256 806 solitudinem,
274 739 330 794 hoc
347 739 483 810 estquod
495 739 648 810 sequitur:
665 738 773 793 Anima
829 737 932 793 lestias
955 741 984 793 et
1003 740 1194 810 tentationes,
1220 759 1287 813 quae
1312 759 1349 797 ex
1374 760 1462 800 carne
1478 744 1662 814 corruptibili

67 824 154 881 bonis
172 827 387 893 demorabitur,
411 827 468 882 boc
493 832 539 883 est
563 829 598 883 de
621 828 772 898 prasenti,
830 827 974 897 oriuntur,
992 829 1110 883 omnino
1126 829 1274 885 declinare
1289 848 1348 887 uon
1359 836 1495 902 possunt.
1508 832 1540 887 ln
1553 832 1661 904 quibus

64 931 86 969 *n
103 914 168 986 ejus
182 916 376 971 hereditabit
392 922 504 971 terram
520 917 629 987 (ibid),
648 917 705 972 hoc
728 920 775 972 est
829 917 941 970 tantum
957 932 1024 975 cum
1040 917 1140 972 labore
1156 920 1318 989 periculum
1333 925 1389 990 est,
1406 924 1436 977 ut
1462 937 1513 976 eas
1530 920 1661 993 quotidie

64 1017 101 1059 cc.
118 1003 155 1058 Et
169 1005 243 1059 satis
259 1005 412 1077 eleganter
427 1004 597 1075 spirituales
609 1005 775 1061 delectatio
829 1003 940 1058 sentire
956 1019 1083 1061 necesse
1099 1006 1155 1075 sit3
1171 1011 1200 1061 et
1212 1011 1309 1063 tamen
1324 1010 1493 1065 consentire
1514 1010 1558 1065 eis
1574 1026 1661 1065 nemo

64 1091 155 1162 nimii,
174 1109 240 1147 cum
255 1093 326 1148 dicit
342 1110 348 1147 :
364 1094 472 1148 Anima
489 1093 554 1166 ejus
568 1094 600 1148 r'n
616 1093 703 1149 lionis
724 1094 774 1149 de·
829 1108 959 1164 anquam
974 1093 1039 1149 sine
1054 1095 1138 1166 gravi
1154 1096 1327 1152 detrimento
1350 1101 1456 1168 possit.
1483 1099 1582 1154 Altera
1607 1115 1661 1153 ue-

64 1185 115 1237 tur.
132 1181 279 1254 Quidquid
295 1182 374 1237 enim
389 1183 546 1238 carnaliter
556 1183 641 1238 dulce
653 1186 698 1239 est
710 1199 773 1238 suae
829 1182 956 1236 cessitas
972 1186 1019 1237 est
1033 1183 1188 1251 bonorum,
1205 1186 1273 1256 quia
1288 1203 1355 1240 cum
1369 1187 1446 1242 inter
1466 1188 1561 1243 malos
1583 1204 1659 1259 quos

74 1269 279 1326 delectationis
293 1273 506 1342 experientiam
521 1272 688 1328 fruentibus
698 1288 774 1343 proe-
829 1270 976 1326 declinare
1002 1287 1062 1326 non
1086 1278 1221 1344 possunt,
1239 1280 1464 1345 conversantur,
1491 1277 1660 1332 exitiorum

64 1359 143 1414 adiu
160 1376 226 1414 cum
243 1360 287 1415 eis
303 1362 411 1416 marari
427 1377 486 1416 aon
501 1364 607 1432 potest,
625 1361 693 1432 quia
705 1362 774 1416 dum
828 1373 918 1428 prava
934 1362 1161 1417 conversatione
1181 1364 1349 1434 quotidiana
1371 1366 1497 1435 quadam
1517 1381 1660 1435 persecu-

64 1450 219 1519 appetitum
247 1454 403 1520 provocat,
433 1451 560 1505 transitu
593 1450 774 1505 desiderium
827 1447 1087 1505 tioaevitaeorum
1099 1451 1251 1524 affligitur.
1262 1453 1389 1518 Qucsita
1400 1454 1661 1509 tolerareneccsse

64 1581 66 1590 ,
81 1536 256 1608 Spirituales
268 1544 365 1594 autem
380 1539 495 1595 deliciae
510 1556 577 1611 qnae
592 1555 647 1594 nec
669 1542 773 1611 gasta—
828 1538 884 1606 est,
902 1541 1660 1612 utaccproptariniqnitatemearumodiohabcamus

64 1630 159 1695 scunt,
178 1644 232 1682 aec
247 1629 415 1684 reficientes
436 1629 623 1693 decrescunt,
647 1644 701 1683 nec
723 1644 773 1683 sa·
829 1624 976 1696 homines,
993 1631 1486 1699 necpropteramoromhamiaum,
1499 1631 1662 1702 iniquitatis

64 1715 182 1771 taedium
198 1717 332 1789 gignunt,
350 1718 401 1773 diu
421 1734 488 1772 cum
513 1717 680 1773 fruentibus
704 1732 774 1787 per·
830 1713 995 1770 cfflciamur
1005 1721 1171 1773 consortes.
1181 1717 1238 1773 Sed
1251 1719 1308 1774 hoc
1319 1720 1384 1775 sine
1396 1720 1559 1775 humilitate
1573 1723 1602 1775 ct
1618 1720 1662 1773 la-

73 1807 210 1875 possunt.
228 1805 368 1877 Sequitur
384 1823 390 1862 ;
788 1779 815 1842 Β
830 1802 902 1858 bora
917 1819 1003 1860 nemo
1015 1805 1112 1860 facere
1124 1811 1230 1876 potest.
1244 1808 1567 1873 Humilitatavidslicet,
1580 1824 1617 1862 aa
1628 1824 1662 1862 se

66 1909 85 1947 n
101 1893 375 1965 ejrrslroereditalril
392 1902 514 1951 terrem.
533 1896 774 1965 Terram,viven·
798 1899 807 1908 '‘
829 1907 882 1962 per
906 1894 1075 1964 superbiam
1099 1911 1115 1949 a
1141 1897 1290 1951 consortio
1315 1897 1452 1952 vanitatis
1477 1898 1602 1967 dividat3
1635 1901 1664 1951 et

72 1981 170 2038 futuro
186 1983 216 2037 in
236 1984 437 2040 haereditatem
460 1985 584 2056 accipiet
608 2002 662 2056 pro
685 1984 773 2040 bonis
829 1981 898 2035 dum
913 1981 1057 2037 malarum
1073 1983 1244 2039 societatem
1260 1985 1369 2039 habere
1386 1987 1555 2056 contemnit,
1577 1987 1663 2057 quasi

67 2072 175 2138 esuis,
193 2089 259 2143 quae
284 2089 338 2144 per
361 2090 464 2129 semen
487 2074 703 2147 significantur.
721 2074 773 2128 Vel
828 2069 865 2124 dc
880 2070 1025 2143 singulari
1039 2071 1154 2142 justitia
1170 2074 1369 2143 perniciosius
1391 2075 1576 2129 intumescat.
1605 2075 1662 2128 La-

64 2175 116 2214 ena
132 2176 201 2216 caro
215 2162 310 2232 accipi
325 2166 431 2233 potest,
448 2181 536 2235 quam
552 2164 581 2218 in
596 2163 694 2217 futuro
716 2152 774 2217 im·
828 2158 901 2213 bora
916 2161 1013 2215 autam
1029 2177 1104 2231 opus
1127 2165 1182 2229 est,
1209 2166 1240 2216 ut
1262 2179 1388 2234 quorum
1410 2164 1581 2218 societatem
1604 2179 1663 2218 non

64 2264 96 2304 tn
110 2254 139 2305 et
149 2250 364 2321 impassibilem
375 2254 509 2324 accipiet,
520 2253 657 2325 quisquis
669 2268 732 2306 carn
744 2252 774 2306 in
829 2246 949 2318 deserit,
977 2264 1096 2320 semper
1111 2250 1225 2322 fugere,
1251 2257 1392 2322 quantum
1413 2255 1520 2322 potest,
1546 2252 1663 2306 studeat

64 2338 81 2392 li
96 2339 127 2393 in
141 2355 230 2410 opera
246 2341 385 2396 virtutum
400 2345 528 2397 exercet,
552 2341 610 2396 Sed
625 2342 773 2413 quomodo
829 2338 1095 2394 conversationem.
1114 2340 1177 2394 Hoc
1192 2344 1238 2395 est
1253 2342 1332 2412 quod
1347 2342 1483 2412 sequitur
1500 2356 1505 2396 :
1523 2340 1595 2396 Vidc
1611 2341 1663 2394 tra·

64 2428 196 2483 rveniet?
211 2429 443 2485 Firmamentum
457 2436 503 2484 est
515 2430 658 2486 Dominus
670 2436 773 2485 timen-
829 2424 984 2481 militatem
997 2443 1090 2481 meam
1106 2433 1135 2482 et
1151 2428 1283 2484 laborem
1298 2446 1391 2485 meam
1406 2428 1507 2500 (ibid.)

64 2533 109 2582 rm,
127 2523 157 2572 et
173 2524 380 2573 testamentum
397 2519 491 2591 ipsias
512 2524 542 2573 nt
563 2519 774 2574 nianifestetur

65 2603 132 2676 id).
157 2604 211 2671 Qui
237 2607 425 2662 vincentibus
447 2608 588 2679 promittit
607 2608 771 2678 praemium,

64 2693 142 2750 libus
153 2699 273 2766 praestat
284 2695 475 2767 adjutorium.
485 2696 641 2752 Praemium
651 2697 707 2751 tale
716 2699 772 2766 est,

64 2782 147 2839 ilicet
171 2785 222 2840 Dei
247 2789 463 2851 testamentum,
490 2786 519 2840 id
543 2790 589 2842 est
612 2789 774 2841 contestata
867 2783 1008 2849 Quoniam
1021 2785 1230 2841 misericordia
1247 2791 1294 2840 tua
1309 2791 1379 2841 ante
1394 2785 1493 2840 oculos
1505 2802 1587 2842 meos
1602 2792 1665 2850 cst,-

64 2871 100 2928 iia
122 2877 168 2928 cst
191 2877 223 2928 ut
245 2875 310 2945 ipse
333 2875 548 2945 manifestetur,
572 2876 613 2929 illi
636 2875 775 2930 videlicet
830 2877 860 2926 et
875 2872 1035 2945 complacui
1050 2875 1080 2927 in
1098 2876 1228 2929 veritate
1249 2880 1295 2929 tua
1318 2873 1413 2945 (Psal.
1439 2875 1521 2946 xxv).
1545 2876 1664 2930 Miseri-

64 2978 109 3019 se.
127 2964 315 3036 adjutorium
329 2966 387 3019 tale
401 2969 457 3031 est,
474 2965 542 3036 quia
558 2965 774 3019 firmamentum
831 2961 930 3015 cordia
947 2962 1000 3017 Dei
1011 2967 1121 3034 estqaa
1138 2964 1240 3033 parcit,
1257 2963 1368 3019 veritas
1385 2979 1443 3034 qua
1459 2963 1591 3034 corrigit.
1609 2963 1667 3020 Par

64 3052 153 3117 rinus,
171 3054 200 3108 id
217 3057 263 3109 est
276 3055 420 3125 protectio
438 3055 609 3109 timentibus
633 3071 676 3108 se.
704 3054 773 3107 ldeo
789 3049 1064 3149 emisericardiam
1076 3052 1559 3125 paenitentesabindulgentianou
1570 3052 1665 3122 rapal-

64 3140 118 3197 tde
133 3145 283 3213 promisso
298 3145 473 3199 fiducialiter
489 3159 587 3199 curra.
612 3143 697 3198 Oculi
714 3142 774 3197 mei
830 3139 877 3207 lit3
889 3155 942 3210 per
951 3141 1104 3196 veritatem
1115 3143 1234 3211 pearata
1243 3141 1379 3210 puniens,
1390 3156 1521 3209 causam,
1533 3155 1593 3196 non
1603 3156 1669 3211 per-

829 2567 899 2623 Csr.
924 2568 1063 2625 xxxiv.
1096 2571 1339 2627 Misericordiam
1369 2577 1399 2626 et
1424 2571 1581 2627 veritatem
1605 2571 1663 2627 Dei

981 2660 1200 2730 paenitentibus
1215 2677 1283 2716 esse
1298 2660 1512 2716 necessariam.

74 3230 113 3286 ad
125 3231 289 3297 Dominam,
308 3236 441 3306 quomam
456 3236 521 3306 ipse
537 3233 646 3290 evellet
667 3234 703 3289 de
728 3233 772 3286 la·
831 3244 934 3284 sonam
945 3229 1077 3299 respicit.
1089 3229 1311 3300 Quisquisergo
1323 3229 1359 3282 ad
1371 3229 1496 3284 salutem
1506 3229 1662 3301 pervenire

65 3318 120 3375 des
135 3338 216 3376 nicos
230 3322 340 3392 (ibid).
356 3323 467 3378 Oculus
481 3324 630 3379 actionum
651 3322 772 3377 intentio
831 3317 990 3390 desiderat,
998 3319 1126 3374 haecduo
1136 3334 1261 3374 neccsse
1277 3322 1324 3374 est
1334 3318 1487 3374 medicinae
1500 3320 1551 3374 Dei
1566 3335 1664 3375 reme-

64 3408 123 3464 rlos
133 3411 173 3464 *ud
189 3411 345 3466 Dominum
364 3430 483 3484 semper
498 3412 585 3467 habet
600 3412 650 3483 qui
666 3428 718 3482 par
733 3411 774 3467 in·
831 3407 878 3461 dia
889 3411 1133 3463 noacontemnat.
1152 3408 1221 3463 Sine
1238 3408 1443 3463 misericordia
1458 3409 1537 3464 enim
1547 3409 1664 3464 veniam

64 3513 100 3552 im
116 3500 151 3554 ad
166 3516 295 3555 amorem
312 3501 365 3556 Ilei
381 3502 481 3573 dirigit
496 3518 582 3555 omne
599 3501 677 3572 quod
701 3500 771 3572 agit.
832 3512 891 3551 non
907 3498 1109 3570 consequitur,
1128 3498 1193 3553 sine
1204 3498 1326 3553 veritate
1337 3499 1583 3554 noncmcadatur.
1591 3499 1666 3554 Sunt

64 3586 192 3645 nimirum
216 3577 315 3660 pedes
331 3606 347 3643 a
370 3590 475 3661 laqueo
500 3590 679 3656 evellantur,
705 3606 773 3660 quia
830 3602 902 3641 vero
913 3586 1056 3652 nonnulli,
1068 3588 1129 3659 qui,
1140 3587 1209 3641 dum
1220 3586 1323 3657 culpas
1336 3604 1407 3643 suas
1423 3604 1477 3658 per
1492 3588 1665 3644 misericor-

64 3675 107 3730 ala
122 3693 191 3732 esse
208 3695 267 3733 non
281 3682 388 3750 potest,
405 3680 493 3752 cujus
508 3696 591 3734 amor
612 3680 664 3734 Dei
688 3679 772 3751 origo
830 3675 908 3730 diam
923 3677 1079 3732 temeraria
1094 3677 1220 3748 quadam
1236 3677 1494 3747 praesumptiones
1511 3677 1571 3732 Deo
1586 3678 1664 3733 rela-

65 3781 82 3821 e
97 3768 228 3837 periculo
244 3785 370 3840 namque
390 3770 437 3823 via
460 3769 607 3825 actionum
632 3769 770 3837 curritur,
830 3767 894 3822 xari
906 3764 1055 3838 expetunt,
1068 3767 1176 3822 divinae
1188 3766 1382 3822 correctionis
1393 3766 1508 3839 flagella
1519 3768 1663 3837 patienter

64 3855 144 3910 entia
159 3858 247 3911 animi
266 3858 407 3914 charitate
423 3859 497 3913 dirce
510 3859 700 3930 gubernatur.
714 3857 770 3912 Sed
831 3857 980 3912 sustinere
996 3857 1108 3911 nolunt.
1126 3856 1200 3911 Etsi
1218 3855 1357 3911 fortassis
1370 3855 1468 3927 aliqua
1482 3870 1515 3909 se
1531 3871 1585 3925 pra
1596 3872 1665 3926 pec·

64 3947 110 3999 est
121 3960 240 4015 semper
251 3949 401 4018 respicere
414 3949 517 4014 Deum,
528 3948 587 4002 nisi
598 3963 684 4019 quem
694 3961 771 4000 sem·
832 3946 905 4001 catis
925 3946 989 4001 suis
1009 3947 1136 4002 adversa
1155 3946 1315 4018 pertulisse
1330 3947 1544 4016 cognoverunt,
1566 3944 1663 3998 statim

64 4049 83 4091 s
98 4036 239 4107 respicit?
260 4036 333 4102 Quia
359 4037 496 4092 nimirum
519 4037 708 4092 dilectionem
723 4035 773 4088 ho·
831 4037 899 4107 typo
915 4036 1065 4108 superbiae
1081 4038 1246 4108 eriguntur,
1263 4050 1357 4106 eoque
1373 4033 1473 4089 miuus
1492 4032 1664 4089 misericor-

64 4126 289 4194 naperdilectio
305 4127 356 4181 liei
374 4128 451 4181 sieut
467 4126 678 4197 praeveniendo
695 4125 774 4180 exci-
830 4124 907 4179 dium
921 4125 1376 4193 Deinecessariamaxistimant,
1398 4139 1456 4194 quo
1477 4138 1531 4177 sua
1551 4121 1664 4178 sefac·
1747 4113 1752 4120 ’

64 4213 273 4285 subsequendo
289 4219 457 4271 conservat.
471 4215 535 4271 Hoc
546 4216 678 4270 estanim
690 4216 770 4287 qaod
830 4213 908 4269 tione
924 4215 1002 4286 apud
1016 4214 1148 4270 divinum
1164 4229 1288 4270 examen
1303 4212 1421 4284 planius
1443 4214 1586 4284 purgatos
1607 4228 1664 4283 pu·

85 4317 92 4358 :
828 4306 899 4358 tant.
916 4302 1024 4360 Contra
1032 4320 1109 4376 quos
1116 4304 1195 4377 quod
1202 4305 1259 4359 iste
1268 4303 1356 4372 dicat,
1367 4299 1665 4357 audiamus.Miseri-

64 4407 96 4446 ca
110 4392 141 4446 in
155 4410 201 4447 mo
211 4394 322 4466 (ibat),
334 4412 368 4448 ac
380 4395 405 4449 si
415 4394 527 4450 dicaret
537 4411 543 4450 :
554 4394 593 4449 Ut
603 4398 631 4449 te
641 4394 767 4468 diligere
828 4392 939 4460 cordia,
951 4393 1057 4466 inquit,
1076 4399 1122 4449 tua
1138 4399 1206 4448 ante
1222 4391 1321 4448 acalos
1334 4406 1416 4446 meos
1431 4396 1486 4455 est,
1500 4395 1529 4444 et
1540 4388 1665 4460 campla-

74 4481 106 4535 tn
122 4481 212 4553 dilige
228 4500 285 4553 me,
301 4487 330 4539 et
345 4487 376 4539 ut
390 4500 490 4540 amore
506 4487 557 4539 tuo
572 4484 683 4557 dignus
699 4485 766 4552 sim,
783 4464 812 4528 Ῑ)
827 4483 875 4538 cai
888 4483 919 4536 ia
939 4483 1068 4540 raritate
1085 4489 1133 4538 tua
1147 4482 1257 4555 (ibid).
1282 4483 1325 4536 Ac
1346 4480 1374 4535 si
1393 4479 1505 4534 diceret
1519 4493 1526 4532 :
1542 4476 1662 4531 Miseri·

64 4571 155 4625 emei
169 4569 268 4642 (ibid.)
283 4573 444 4627 relaxando
458 4576 577 4644 paccata
593 4589 668 4629 mea.
695 4573 768 4639 Qm‘a
827 4572 957 4628 cordiam
967 4569 1456 4644 tuamubiquamihineccssariam
1473 4580 1542 4621 esse
1558 4565 1659 4634 vide03

64 4664 83 4712 rt
93 4675 207 4731 pauper
221 4677 285 4715 sum
302 4678 356 4733 epo
371 4661 470 4731 (ibid.)
480 4663 548 4717 ldeo
559 4663 686 4733 respice,
699 4663 768 4734 qaia
826 4665 855 4717 et
869 4665 966 4719 tamen
982 4663 1177 4719 correctionis
1192 4663 1250 4716 tuae
1265 4658 1401 4725 verbera,
1419 4656 1529 4728 quibus
1539 4659 1660 4725 peccata

64 4763 142 4803 cus:
162 4749 228 4805 ideo
244 4750 396 4820 miserere,
414 4750 482 4821 quia
507 4766 628 4821 pauper.
653 4751 768 4807 Unicus
826 4769 890 4807 mea
901 4752 1034 4809 districte
1043 4751 1142 4822 punis,
1154 4766 1214 4804 noa
1230 4748 1326 4804 solam
1337 4745 1529 4816 aonrcpello,
1556 4743 1608 4800 sed
1634 4749 1662 4800 et

64 4850 98 4893 ns
113 4837 255 4910 diligitur,
273 4855 384 4909 pauper
398 4840 465 4911 plus
483 4839 608 4895 doletur.
635 4839 770 4896 Tribala·
827 4843 961 4913 gaudens
977 4841 1122 4911 suscipio,
1137 4837 1327 4893 imaetiamia
1338 4835 1414 4906 ipsis
1426 4834 1661 4890 misericordiam

64 4924 216 4981 ardismei
231 4928 433 4999 rnaltiplioa'tae
444 4921 569 4992 s'ant;dc
581 4931 770 4985 necessitati·
825 4932 905 4985 tuam
920 4946 979 4985 non
996 4930 1103 4984 deesse
1119 4941 1282 4999 cognosco.
1306 4923 1483 4996 Complacai,
1500 4923 1604 4995 inquit,
1630 4925 1661 4980 ia

64 5029 168 5069 seruo
183 5033 230 5070 me
245 5016 355 5085 (ibid).
371 5015 442 5081 Quae
458 5019 504 5072 est
519 5022 678 5089 paupertas
693 5022 769 5074 tuae.
830 5019 958 5074 veritate
974 5024 1022 5073 tna
1035 5016 1146 5087 (ibid).
1164 5015 1322 5087 Eleganter
1333 5014 1455 5083 dictum,
1476 5012 1663 5069 laudabiliter

64 5102 635 5178 tionescordisraaimultiplicataesant.
649 5107 770 5163 Nonest
827 5102 1659 5176 dictum,dietumimitatioaedignissimum,complacuiia

65 5206 99 5246 sa
113 5190 233 5247 afflictio
245 5193 359 5260 carnis,
372 5210 438 5265 quae
449 5210 508 5250 non
520 5194 668 5267 frangitur
679 5212 767 5250 coas-
830 5196 959 5251 veritate
970 5201 1027 5250 tua.
1044 5193 1136 5260 Quasi
1151 5193 1228 5249 dicat
1244 5208 1250 5248 :
1266 5193 1334 5250 Nan
1350 5193 1421 5248 mibi
1436 5192 1494 5247 nisi
1510 5191 1539 5247 in
1554 5194 1661 5248 tuave·

64 5279 150 5335 entis
160 5278 231 5335 Cum
242 5285 338 5335 autem
348 5282 433 5337 dolor
444 5282 543 5337 intima
553 5285 661 5356 tangit3
672 5282 769 5355 majus
825 5284 989 5340 ritatemibi
998 5284 1178 5356 complaceo,
1191 5283 1259 5355 quia
1270 5283 1408 5355 quodlibi
1417 5283 1447 5337 in
1456 5297 1502 5337 me
1512 5280 1659 5352 displicet,

64 5382 96 5423 mi
113 5371 158 5422 est
174 5369 260 5424 etiam
277 5371 301 5423 si
320 5371 393 5426 foris
409 5371 654 5428 tribulatiodesit.
667 5372 711 5427 lle
723 5389 771 5427 aa·
824 5374 882 5430 hoc
905 5372 992 5429 etiam
1015 5374 1079 5444 ipsa
1103 5372 1299 5446 reprehendo.
1325 5372 1359 5427 ln
1381 5375 1430 5427 tua
1450 5371 1572 5425 veritate
1588 5368 1659 5422 mihi

66 5459 185 5513 asmris
196 5475 268 5513 rrae
283 5477 329 5514 rac
345 5460 458 5527 (taidi.
475 5461 654 5515 lluttaesunt
664 5478 769 5516 neces·
825 5463 1005 5535 complaceo,
1022 5463 1090 5536 quia
1107 5464 1176 5519 dum
1192 5478 1255 5518 mea
1271 5464 1392 5532 paccata
1405 5458 1596 5531 persequeris
1608 5456 1658 5510 lla-

64 5549 238 5602 ionorumia
255 5550 364 5620 quibus
380 5550 601 5621 periclitantur,
621 5565 696 5621 quas
712 5550 770 5605 for·
825 5553 973 5624 gellaado,
997 5552 1132 5607 laetificas
1161 5567 1207 5607 me
1236 5566 1336 5606 amora
1367 5546 1570 5605 correctionis.
1600 5545 1660 5599 Cur

64 5634 153 5692 aelius
179 5653 410 5711 cognoscemus,
434 5638 459 5694 si
485 5656 536 5694 eas
556 5638 767 5712 distinguendo
824 5641 902 5696 enim
923 5640 995 5696 mibi
1022 5641 1121 5696 intua
1144 5641 1267 5696 veritate
1293 5655 1352 5694 uon
1377 5638 1518 5708 placeam,
1550 5633 1600 5702 uiri
1628 5634 1662 5686 tn

64 5741 141 5783 mus.
159 5727 281 5784 Gemina
297 5728 445 5802 siquidem
461 5731 507 5784 est
522 5728 688 5785 necessitas
702 5744 767 5788 saa·
824 5746 889 5787 mea
925 5730 1015 5808 prius
1048 5728 1183 5787 falsitate
1209 5728 1292 5784 male
1323 5725 1405 5780 isius
1434 5717 1691 5789 suasissem&
