3816 6030
10 262 17 318 l
76 270 121 333 tlt
462 263 805 330 EXCERPTlONUM
828 261 1028 326 PRIORUM
1057 261 1185 326 LIBER
1207 262 1384 329 SEXTUS.
1729 260 1789 329 246

10 471 15 510 l
71 467 165 524 catoris
191 469 441 540 praeponderaret.
470 468 528 523 Sed
553 469 621 522 dnm
645 468 773 522 Geeinna
797 443 1793 537 morasAmirabilisfames.ltaquejammoccultismandebantm·

70 558 191 624 invertit,
208 559 268 612 dux
289 558 383 628 pertis
407 558 543 612 adversm
568 557 715 611 Antonius
738 555 855 610 nourine
871 554 897 608 ei
956 559 1038 608 cocta
1053 555 1174 623 cibaria,
1191 555 1370 609 unser-abilis
1386 572 1466 623 esce,
1479 556 1680 627 lacrymabilis
1692 557 1789 628 cibus,

69 648 205 715 ncurrit,
215 650 244 702 et
252 648 578 716 consertopraelioeum
587 646 748 715 superavit.
756 644 839 708 Quod
848 643 899 698 nbi
955 648 1094 714 parentes
1109 644 1189 713 filiis,
1201 645 1312 715 filiique
1323 646 1496 714 parentibus
1508 647 1544 701 de
1560 647 1636 716 ipsis
1652 647 1790 704 faucibus
1865 648 1871 661 '

69 736 203 790 Vitellius
218 736 375 805 comperit,
400 736 526 805 primum
549 734 668 789 molitus
684 738 729 788 est
744 732 899 801 imperium
956 734 1055 787 cibum
1071 738 1219 787 eruerant.
1232 734 1290 788 Sed
1302 735 1371 804 quid
1383 751 1458 805 opus
1470 736 1557 789 etiam
1568 736 1685 805 pondus
1696 736 1790 808 hique

66 826 224 895 deponere,
242 825 294 879 sad
311 826 415 894 postea
430 825 577 878 animatus
592 840 608 877 a
625 823 804 894 quibusdam
819 821 901 875 Sabi·
957 822 1043 876 famis
1055 822 1203 892 explicare
1214 825 1228 876 ⁸?
1238 822 1310 877 Cum
1322 824 1361 877 ibi
1372 828 1489 895 gestum
1502 825 1540 879 sit
1551 825 1688 895 facimus,
1702 826 1789 897 quale

65 931 128 968 uum
142 913 325 983 Vespasiani
337 913 457 967 fratrem
473 914 544 967 uilril
557 914 624 967 muli
636 913 838 982 suspicantem
853 911 900 964 in·
957 927 1011 966 nec
1022 911 1099 981 apud
1114 911 1246 978 Graece,
1259 926 1313 966 nec
1329 914 1406 982 apud
1422 914 1568 967 llerbaros
1584 915 1663 969 ullus
1674 915 1790 985 accepit

65 1003 191 1057 terfeeit.
210 1003 283 1057 Post
296 1003 375 1056 diem
389 1002 512 1057 alterum
527 1003 611 1056 adest
627 1003 784 1070 Antonius,
800 1015 901 1054 occur·
956 1001 1084 1055 auditus.
1097 1001 1233 1055 Manebat
1244 1001 1272 1054 in
1284 1002 1400 1055 civitate
1411 1003 1516 1057 mulier
1526 1004 1661 1073 quaedam
1671 1003 1787 1072 infelix,

64 1094 134 1145 ritur
149 1108 191 1145 ex
205 1092 345 1158 adverso,
362 1092 497 1162 trinoque
519 1093 597 1144 circ-a
612 1089 716 1145 urbem
733 1104 900 1159 congressu
956 1106 1023 1160 quae
1034 1089 1174 1144 infantem
1186 1106 1272 1144 suum
1283 1091 1408 1157 necavit,
1420 1092 1533 1145 assavit
1544 1095 1572 1145 et
1581 1093 1717 1148 eomedit.
1729 1091 1789 1148 Sed

64 1182 175 1247 habito,
193 1181 256 1234 insi
275 1184 304 1235 et
326 1180 396 1234 cresi
422 1185 492 1234 sunt
515 1180 671 1234 Vitelliani.
688 1178 900 1233 liellcientibus
956 1179 1026 1234 dum
1040 1183 1194 1234 assaretur
1203 1180 1289 1233 nidor
1299 1181 1414 1233 incensi
1424 1180 1461 1234 ad
1471 1181 1620 1251 principes
1632 1181 1788 1237 seditionis

64 1271 162 1341 itaque
179 1269 363 1338 Vitellianis,
382 1270 518 1324 Vitellius
540 1270 569 1323 in
593 1268 729 1323 cellulam
744 1267 901 1338 quamdam
956 1269 1100 1337 peruenit,
1112 1284 1200 1338 quem
1211 1268 1287 1323 famo
1299 1273 1424 1340 cogente
1434 1270 1541 1338 secuti,
1555 1268 1715 1340 hospitium
1725 1286 1789 1325 mu·

64 1376 92 1412 sc
107 1359 246 1425 intrusit,
271 1358 398 1428 indeque
418 1359 544 1428 turpiter
565 1361 732 1427 protractus
752 1356 789 1410 ad
804 1355 901 1409 forum
957 1358 1180 1429 lierisingressi
1190 1360 1268 1413 sunt.
1281 1357 1468 1427 compertum
1479 1361 1526 1412 est
1534 1357 1632 1429 itaque
1643 1358 1722 1429 quod
1732 1358 1791 1413 fac-

64 1448 195 1515 ducitur,
212 1450 241 1500 et
255 1447 400 1501 occiditur
414 1448 571 1501 etdemum
586 1448 617 1500 in
632 1446 763 1501 Tiberim
777 1447 900 1513 tractae,
957 1450 1017 1500 tum
1039 1447 1142 1501 fuerat.
1168 1447 1302 1516 Replevit
1326 1447 1465 1501 continuo
1488 1450 1576 1502 totam
1598 1447 1703 1502 urbem
1716 1449 1789 1503 tanti

65 1537 220 1589 communi
234 1537 329 1589 carnit
346 1536 506 1605 sepultura.
957 1535 1082 1590 sceleris
1098 1535 1192 1603 nefas,
1205 1538 1233 1589 et
1243 1536 1450 1606 unusquisque
1461 1540 1528 1590 ante
1540 1537 1644 1592 oeulos
1660 1537 1790 1606 positum

65 1628 133 1679 tlte.
154 1623 193 1679 K.
213 1624 256 1678 De
278 1623 456 1694 Vespasiano
477 1631 506 1678 et
527 1624 731 1680 destructione
747 1623 902 1694 derosoly·
957 1625 1142 1694 parricidalis
1152 1624 1281 1679 convivii
1296 1625 1394 1678 cibum
1406 1624 1664 1695 perhorrescebat.
1682 1625 1743 1680 Sed
1761 1627 1790 1679 et

422 1730 544 1769 moriam.
957 1713 1089 1784 plerique
1101 1714 1224 1768 horrore
1236 1714 1393 1783 perterriti,
1404 1715 1440 1768 ad
1452 1714 1568 1769 hostem
1578 1714 1788 1787 confugerunt,

100 1802 309 1872 Vespasianus
326 1803 416 1873 igitur
426 1803 461 1856 ad
471 1803 625 1872 imperium
637 1803 813 1855 sublimatus
825 1816 902 1855 anno
957 1801 1019 1866 Quo
1029 1802 1618 1872 comperto,tlaesarexsecratusinfelicis
1627 1807 1714 1858 terrae
1724 1819 1792 1859 cou-

66 1891 282 1945 lacer-nationis
294 1891 455 1945 Dominicoe
466 1892 689 1962 septuagesimo
698 1891 803 1961 primo,
815 1890 902 1961 impe·
956 1892 1078 1962 legium,
1090 1907 1255 1962 manusque
1266 1891 1387 1946 elevans
1398 1892 1434 1946 ad
1446 1893 1561 1960 caelum,
1571 1894 1640 1947 talia
1648 1897 1793 1963 prolesta-

64 1982 137 2034 rarit
152 1980 244 2033 annis
259 1995 380 2046 novem,
402 1981 556 2034 mensibus
571 1980 724 2048 undecim,
740 1979 847 2034 diebus
861 1980 901 2034 vi·
956 1981 1055 2035 batur:
1069 1980 1235 2035 Adlrellnrn
1245 1981 1370 2052 quidem,
1382 1982 1629 2046 oeommilitones,
1644 1983 1788 2048 rcuimns,

62 2070 146 2141 giuti.
157 2069 273 2122 lnterea
282 2085 349 2122 cum
357 2069 434 2139 apud
445 2069 566 2123 ludaeos
576 2072 715 2138 corrupta
723 2068 900 2138 essentjura
957 2068 1012 2124 scd
1022 2069 1059 2124 ad
1066 2085 1170 2123 rcrsus
1184 2069 1318 2123 lrcnrines
1328 2069 1438 2123 belluis
1448 2069 1635 2124 crudeliores
1649 2070 1790 2125 decerte-

64 2159 152 2229 legis,
168 2162 199 2211 ct
215 2157 322 2211 violata
337 2158 453 2229 religio,
471 2159 602 2212 descruit
618 2175 671 2212 eos
686 2158 785 2211 divina
798 2158 899 2212 Provi-
956 2176 1029 2213 rrius.
1043 2158 1070 2212 F
1068 2175 1128 2212 crue
1143 2158 1271 2230 diliquut
1282 2158 1362 2213 fetus
1377 2175 1454 2223 srrcs,
1474 2175 1544 2230 qircs
1561 2160 1650 2213 etiarn
1662 2159 1693 2212 in
1709 2159 1789 2214 fame

61 2249 171 2314 dentis,
184 2251 214 2300 et
226 2262 285 2301 non
301 2247 397 2301 solum
414 2247 561 2318 urgebunt
578 2247 711 2314 llomani,
729 2248 783 2301 sed
799 2250 827 2302 et
841 2247 900 2317 ipsi
958 2249 1102 2302 nutriunt.
1112 2247 1174 2301 Hec
1182 2254 1228 2301 est
1238 2247 1314 2301 ultre
1326 2264 1439 2303 ornnem
1448 2247 1653 2313 acerbitatem,
1665 2252 1791 2303 ntnrem·

61 2337 137 2389 iuter
152 2351 189 2388 se
206 2334 380 2389 domesticis
393 2335 783 2390 seditionibuslaborabant.
796 2334 899 2390 Omnis

61 2424 223 2479 seditionis
239 2429 322 2478 erant
337 2425 395 2478 duo
414 2425 581 2495 principeS,
605 2441 731 2495 quorum
745 2441 823 2479 uuus
838 2428 900 2480 erat

59 2514 184 2584 quidam
199 2513 341 2578 loannes,
359 2514 404 2567 vir
419 2514 509 2581 levis,
527 2515 626 2584 populi
643 2515 723 2578 lues,
740 2514 800 2568 doli
816 2514 899 2568 calli·

58 2604 125 2671 dus,
139 2601 265 2656 fallendi
275 2602 392 2671 artifex,
404 2603 454 2673 qui
466 2604 613 2657 fallaciam
623 2605 761 2657 virtutem
772 2605 897 2673 putaret,

57 2691 220 2763 elegantiae
235 2689 357 2746 duceret
371 2692 568 2747 charissimos
579 2692 804 2747 circumvenire.
817 2693 900 2746 Alter

57 2786 119 2835 erut
133 2780 257 2847 Simon,
274 2797 333 2834 non
349 2781 451 2851 dispar
465 2781 652 2849 crudelitate,
670 2781 805 2852 quamvis
822 2781 898 2835 infe-

956 2338 1011 2392 lrre
1023 2353 1089 2409 quoe
1097 2338 1200 2408 perluit
1215 2343 1312 2391 crater
1322 2337 1457 2392 deraret.
1469 2337 1519 2391 Aa
1529 2338 1584 2391 froc
1595 2337 1730 2408 eorrtepio
1742 2353 1790 2393 mo

958 2427 1014 2481 tibi
1021 2427 1147 2481 mundus
1155 2425 1285 2491 absolrc,
1297 2442 1475 2498 quoeennque
1484 2427 1515 2480 in
1524 2426 1737 2497 coelcpotestes
1745 2442 1789 2482 es.

956 2516 1026 2570 Scis
1036 2516 1114 2570 enim
1130 2515 1205 2587 qnod
1217 2531 1320 2586 pacem
1332 2515 1510 2586 frequenter
1525 2514 1628 2570 obtuli.
1647 2514 1793 2571 Oinfelix

956 2605 1073 2668 ciritae,
1087 2605 1118 2658 in
1127 2621 1182 2676 qua
1192 2603 1262 2658 lulis
1270 2603 1387 2658 ciliciae
1398 2605 1513 2677 taleque
1521 2604 1723 2660 ministerium
1732 2605 1792 2660 est!

957 2693 1099 2765 operiunt
1111 2710 1174 2748 eam
1182 2694 1280 2748 ruinoe
1288 2699 1394 2759 sumet
1402 2694 1585 2749 abscondant
1593 2693 1792 2766 hujusmundi

955 2783 1130 2855 contaqium,
1143 2799 1180 2838 ne
1188 2782 1235 2837 sol
1245 2783 1352 2848 rideat,
1364 2789 1393 2837 et
1403 2799 1440 2837 ne
1446 2782 1601 2837 stellarum
1609 2788 1725 2854 spectet
1732 2783 1792 2856 plo·

58 2871 118 2924 rior
128 2886 223 2940 opum
234 2870 403 2940 quantitate.
420 2871 513 2924 Porro
524 2870 608 2925 Titus
625 2874 784 2924 exsecutor
798 2871 899 2924 trium·
955 2873 1019 2933 bns,
1033 2889 1077 2937 eu,
1092 2872 1424 2926 eiaculantureurerum
1439 2872 1597 2943 spiracula.
1615 2872 1792 2945 Tlryestoeas

57 2961 106 3030 phi
123 2960 242 3030 paterni
259 2975 325 3013 cum
340 2959 436 3014 valida
448 2976 536 3013 manu
550 2960 586 3012 ab
602 2959 779 3013 Alexandria
795 2959 831 3013 ad
847 2958 899 3013 ob·
956 2961 1187 3032 depesl‘alrnlam
1195 2961 1379 3032 putabamus,
1394 2960 1539 3032 flagitium
1557 2961 1700 3016 ridemus.
1720 2977 1789 3017 cer-

58 3050 209 3103 sidionem
217 3048 474 3119 ierosolymorum
483 3053 689 3103 estreversus
701 3048 824 3104 Obsedit
834 3064 900 3103 eam
926 3092 940 3119 ,
955 3051 1052 3105 nimus
1066 3051 1222 3107 raritatem
1233 3049 1390 3122 treqoediis
1399 3050 1585 3103 atrociorem.
1596 3049 1791 3121 Maturisiqi·

57 3139 151 3211 igitur
165 3139 213 3192 die
229 3139 355 3192 solemni
372 3139 511 3207 Paschae,
528 3155 586 3209 quc
604 3138 746 3208 frequens
761 3153 797 3192 eo
810 3137 897 3192 turba

58 3228 235 3282 ludaeorum
250 3231 429 3281 convenerat
441 3227 524 3298 justo
541 3228 593 3280 Dei
606 3227 735 3298 J'uclieio,
757 3230 788 3281 ut
803 3227 852 3298 qui
869 3227 897 3281 iu

57 3317 103 3369 die
126 3315 255 3369 Paschae
279 3314 460 3370 Salvatorem
482 3319 617 3370 nostrum
632 3316 850 3383 interemerant,
867 3317 897 3369 iu

58 3405 125 3475 ipso
141 3403 268 3459 velutin
283 3420 342 3458 uno
366 3420 486 3459 carcere
510 3405 659 3473 conclusi,
683 3405 786 3459 feralis
801 3421 897 3474 poenaa

58 3493 196 3561 exilium,
208 3493 286 3563 quod
299 3494 496 3559 merebantur,
510 3494 691 3563 exciperent.
704 3494 836 3564 Denique
849 3511 897 3549 co·

59 3582 170 3636 hortati
186 3584 254 3636 surrt
275 3581 433 3637 factionum
455 3581 511 3635 riri
534 3583 774 3652 conspirantibus
790 3584 897 3637 studiis

955 3137 1789 3201 turbellumccnfrciemus,mereamusterraurersecra-

952 3229 1042 3284 bilem
1054 3235 1083 3282 et
1091 3228 1302 3299 perniciosam.
1320 3227 1356 3281 Et
1371 3228 1418 3281 his
1435 3227 1522 3281 dictis
1533 3228 1691 3282 admovere
1703 3243 1788 3282 muro

952 3317 1060 3372 arietes
1069 3316 1163 3388 jubet.
1181 3315 1306 3371 Evoluto
1323 3317 1415 3387 igitur
1427 3316 1548 3371 biennio
1563 3317 1788 3387 postquamob·

951 3422 1039 3461 sessa
1051 3412 1097 3461 est
1107 3406 1321 3475 civitas,victor
1329 3406 1412 3460 Titus
1424 3406 1569 3460 machinis
1582 3408 1610 3460 et
1621 3405 1687 3460 aliis
1698 3406 1788 3462 belli-

952 3496 996 3549 cis
1007 3496 1212 3549 instrumentis
1218 3475 1325 3549 ⁸muros
1337 3494 1405 3564 ejus
1416 3494 1530 3565 irrupit,
1543 3510 1601 3548 non
1613 3498 1710 3549 tamen
1721 3495 1788 3550 sina

953 3584 1239 3655 suorumsanguine.
1263 3585 1460 3653 liuptomuro,
1474 3583 1562 3638 sclito
1575 3583 1736 3639 terribilior
1747 3584 1788 3638 in·

61 3671 187 3741 patrium
206 3669 375 3725 defendere.
399 3671 530 3725 loannes
555 3671 585 3724 in
608 3675 706 3725 castro
726 3672 773 3725 cui
790 3687 896 3746 nomen
951 3673 1064 3743 crepuit
1076 3672 1384 3727 sonitustubaaTitus
1399 3672 1497 3726 audito
1514 3671 1633 3743 fragore
1649 3672 1735 3741 muri,
1759 3676 1789 3727 et

60 3761 192 3814 llntnnia
207 3759 404 3829 praeliabatur.
420 3761 522 3815 Simon
537 3760 573 3815 ud
589 3761 712 3815 loannis
727 3760 896 3830 sepulcrum
953 3760 1789 3833 clangoretubeeexercitumsuumjubcladarmaconcur

60 3850 157 3903 ricem
175 3849 290 3903 tuendae
306 3849 391 3904 urbis
406 3850 549 3919 suscepit.
566 3849 680 3904 ludaeis
695 3849 793 3920 itaque
808 3850 898 3904 auda·
952 3869 1018 3907 rere
1026 3849 1786 3921 Etjamhostesirruerant,jarncunctaturbavcrent,

58 3939 136 3992 ciam
152 3938 321 4007 desperatio
342 3938 449 4005 debat,
471 3939 611 3993 llemenis
631 3938 736 4009 gloriae
751 3938 897 4009 cupiditas
953 3943 1025 3995 liunt
1035 3942 1159 3996 vulnera
1168 3956 1259 4010 super
1267 3938 1399 4009 vulnera,
1407 3940 1525 4011 gladius
1534 3936 1788 3994 obtunditurferri

59 4027 199 4081 virtutem
213 4027 349 4080 addebat.
368 4027 453 4081 Titus
468 4028 607 4081 nronebut
623 4027 755 4081 millilem
771 4027 898 4081 consilio
953 4030 1226 4101 r·igore.'Cerneres
1241 4028 1388 4099 sanguiue
1399 4032 1537 4099 tanquam
1548 4028 1638 4083 fluvio
1650 4027 1787 4084 inundari

57 4131 204 4187 pugnare,
216 4119 244 4169 ct
257 4131 325 4170 eam
341 4116 435 4170 solam
450 4117 565 4170 dicebat
581 4117 718 4170 virtutem
733 4116 781 4169 eui
797 4131 897 4170 eomes
952 4121 1075 4173 terram:
1088 4119 1197 4189 ubique
1209 4122 1338 4189 strages,
1350 4117 1460 4188 ubique
1471 4117 1579 4186 luctus
1593 4116 1702 4188 ubique
1712 4117 1788 4187 peri·

56 4208 142 4259 esset
158 4204 352 4275 prouidentia.
368 4205 445 4259 Gaesi
457 4209 527 4259 sunt
539 4206 636 4277 itaque
647 4205 731 4259 multi
745 4204 896 4259 mortales
953 4208 1066 4277 culum,
1087 4207 1196 4276 ubique
1216 4207 1336 4270 clamor,
1356 4205 1466 4276 ubique
1485 4205 1662 4275 desperatio.
1677 4205 1787 4271 Verum

58 4293 212 4347 ,trictibus
224 4296 320 4347 autem
331 4293 541 4364 quatientibus,
554 4294 693 4364 paulatim
704 4294 827 4348 cadebat
837 4309 899 4347 mu·
953 4299 1038 4350 nocte
1060 4294 1287 4365 superveniente
1312 4298 1435 4364 uterquc
1459 4294 1604 4365 requievit
1623 4295 1785 4350 exereitus.

56 4399 122 4451 rus,
139 4384 168 4435 et
184 4382 280 4436 soluta
296 4385 377 4452 purte
392 4383 485 4452 prima
500 4399 650 4438 murorum
667 4383 763 4438 ludaei
777 4383 813 4436 ad
829 4376 937 4439 mu-D
953 4385 1037 4438 blane
1053 4383 1130 4438 facto
1148 4383 1289 4453 precepit
1307 4382 1409 4437 Ceasar
1423 4381 1531 4453 ianuas
1550 4382 1650 4452 templi
1660 4384 1785 4453 argenta

59 4487 126 4525 rura
141 4470 308 4525 secundum
318 4475 544 4527 concesserunt.
557 4472 833 4543 l'ugientibusergo
844 4472 895 4526 lu·

57 4560 149 4627 slecis,
177 4559 301 4614 Romani
327 4561 502 4615 introierunt
525 4565 553 4615 et
578 4577 694 4615 murum
717 4561 895 4616 exteriorem

57 4649 224 4703 diruerunt.
242 4647 311 4702 Erat
326 4649 431 4703 civitas
447 4649 533 4719 plenta
553 4649 698 4704 horroris.
717 4649 833 4722 Ubique
848 4650 895 4704 lu·

58 4741 137 4804 eius,
155 4736 264 4807 ubique
274 4753 376 4807 pavor,
392 4738 504 4791 elamor
519 4738 686 4806 mulierum,
703 4737 832 4808 ejmatus
848 4754 895 4793 se·

58 4843 145 4896 uuna,
162 4825 351 4880 morientium
374 4826 513 4897 gemitus,
531 4826 692 4903 uiuentium
714 4827 893 4896 desperatio.

59 4914 194 4985 Denique
203 4913 309 4969 Gaesar
318 4914 478 4969 admovere
489 4915 610 4970 arietem
618 4916 653 4970 ad
665 4932 781 4970 murum
792 4932 897 4971 secun-

58 5002 895 5075 dunrjubct.TundemqueviinsistentisCaesarissolutus

59 5099 105 5146 est
118 5108 222 5147 murus
237 5092 399 5146 secundus.
408 5091 492 5147 Unus
504 5108 607 5147 murus
615 5096 779 5163 supererat,
793 5093 840 5147 llic
851 5097 897 5148 est

57 5182 175 5250 tertius,
193 5197 260 5235 cum
280 5180 343 5251 jam
366 5181 449 5235 Titus
474 5185 638 5250 temperare
659 5181 895 5252 militemjubet,

58 5269 897 5341 suadetludaeisneseincendiisurbisinvulverent3quae

54 5359 118 5431 jam
133 5358 226 5413 armis
246 5362 407 5427 teneretur,
435 5375 468 5413 se
494 5359 610 5414 veniam
632 5360 849 5430 praestiturum,
870 5359 897 5413 si

57 5449 148 5504 modo
162 5448 211 5502 rel
226 5447 285 5502 sibi
296 5447 344 5504 rel
358 5448 462 5518 patriae
478 5448 679 5504 consulerent.
693 5448 787 5520 lgitur
800 5449 896 5504 triduo

57 5537 188 5608 expleto,
199 5537 269 5608 quia
285 5536 359 5592 uilril
374 5554 391 5592 u
408 5528 521 5592 ludaeis
536 5539 692 5608 pacitlcurn
708 5537 895 5607 afferebatur,

57 5626 263 5684 Titusmoenia
271 5626 454 5700 aggreditur.
462 5627 577 5684 Interea
585 5628 697 5685 clausis
705 5626 854 5686 infuderat
862 5643 896 5687 se

952 4476 1070 4542 opertas
1082 4471 1363 4527 succendi.Volebat
1377 4475 1474 4525 autem
1489 4470 1573 4525 Titus
1584 4470 1724 4540 templum
1734 4485 1785 4525 re-

951 4576 1083 4627 servare,
1095 4562 1149 4616 sed
1161 4577 1228 4616 cum
1242 4560 1393 4631 principes
1408 4559 1541 4614 dicerent
1557 4558 1674 4613 radices
1684 4558 1784 4613 rebel-

950 4649 1039 4705 lionis
1050 4649 1183 4705 funditus
1194 4649 1381 4717 evertendas,
1394 4647 1513 4719 quidam
1528 4647 1564 4702 de
1580 4647 1723 4703 Romanis
1733 4646 1786 4702 ad·

951 4738 1249 4810 movitignemportae
1259 4737 1444 4807 templique
1453 4735 1617 4791 vocabatur
1625 4735 1782 4807 Speciosa,

951 4831 979 4881 et
990 4828 1168 4898 liquefactus
1178 4825 1241 4880 auri
1255 4825 1338 4896 rigor
1347 4824 1462 4896 lignum
1475 4824 1612 4891 nudavit,
1627 4839 1664 4881 ao
1676 4824 1785 4881 deindo

949 4915 1033 4970 furor
1053 4916 1135 4987 ignis
1149 4914 1323 4985 ingrediens
1338 4913 1368 4967 in
1383 4912 1577 4983 penetrabilia
1594 4913 1695 4983 templi
1714 4929 1786 4970 sese

951 5003 1105 5075 proripuit.
1118 5000 1315 5072 Flammajam
1324 5000 1504 5071 depascebat
1511 5001 1613 5072 templi
1621 5002 1784 5072 conclavia,

951 5097 980 5148 et
995 5092 1123 5148 accurrit
1143 5091 1226 5145 Titus
1250 5091 1374 5161 cupiens
1395 5090 1564 5162 cujusmodi
1586 5091 1667 5147 redes
1683 5093 1788 5147 essem

952 5179 1207 5252 inspicere,cujus
1214 5180 1411 5251 gratiamotus
1417 5178 1683 5250 praecellentiorem
1690 5179 1787 5236 fnisse

952 5270 1093 5341 operibus
1109 5268 1284 5339 templorum
1299 5283 1423 5323 suorum
1433 5268 1588 5336 fatebatur,
1602 5271 1631 5323 et
1645 5268 1714 5339 quia
1727 5271 1788 5324 tam

952 5361 1110 5414 honestum
1121 5374 1179 5412 non
1191 5358 1250 5412 nisi
1261 5358 1369 5412 summi
1381 5356 1432 5412 Dei
1449 5357 1630 5412 domicilium
1646 5357 1785 5412 credere·

952 5452 1008 5503 tur.
1024 5448 1186 5502 Mirabatur
1193 5462 1335 5502 saxorum
1344 5447 1588 5520 magnitudinem,
1600 5445 1708 5502 metalli
1717 5445 1789 5499 nito·

952 5554 1024 5607 rem,
1038 5541 1222 5594 venustatem
1233 5537 1344 5607 operis,
1357 5537 1482 5610 gratiam
1493 5534 1732 5607 pulchritudinis.
1746 5534 1790 5589 ln·
1813 5535 1823 5554 ‘

952 5631 1033 5687 terea
1052 5643 1130 5685 unus
1150 5643 1188 5685 ex
1202 5625 1410 5685 sacerdotibus
1426 5641 1495 5687 sese
1510 5624 1604 5699 dedit,
1615 5624 1790 5699 etquedam
