3816 6030
85 302 168 379 120⁵.
487 376 492 380 ,
701 335 714 383 ,·
739 292 1221 383 ὃὲῧΜΟΝΕὲΟΕΝΤΨΜᾴ
1279 376 1284 380 .
1689 391 1693 399 ,
1738 296 1820 384 {5²96

87 506 160 574 scat,
189 503 246 559 etsi
258 502 321 575 jam
349 518 452 558 omues
468 499 710 572 circumscriptos
737 496 861 569 spiritus
876 495 914 551 ab
933 479 1095 560 Anionem
1109 495 1273 552 formantur
1294 511 1348 567 per
1370 495 1484 552 ttrmam
1508 495 1708 552 stabilitatem.
1732 496 1816 554 Sicut

90 593 186 649 oculis
198 593 449 662 cordisamovoat,
467 591 671 648 adhuctamen
684 590 715 643 in
731 602 819 643 carne
837 601 919 660 morf
975 585 1507 654 enimomuerotundumvolubilaest,
1518 585 1562 640 sic
1578 587 1805 659 omnequadra-

89 683 139 737 tali
150 682 256 753 posita,
268 682 369 736 videre
386 681 511 753 gloriam
529 681 580 735 Dei
594 695 652 734 non
663 677 750 748 valet,
768 676 846 732 sicut
861 676 918 731 ost.
974 678 1036 735 tum
1046 675 1152 730 stabile
1163 678 1191 731 et
1199 675 1316 732 tirmum
1326 679 1381 731 ost.
1394 675 1505 732 Puncta
1527 675 1813 755 significantnnma·

88 772 124 826 Et
142 771 285 843 quidquid
303 771 339 826 de
352 771 400 825 illa
420 769 563 842 estquod
583 769 614 823 iu
626 771 722 822 mente
738 764 918 836 resplendet,
972 780 1049 833 rum,
1061 764 1212 835 plumbum
1227 764 1353 835 pondus,
1370 765 1474 839 regula
1502 779 1682 823 mensuram.
1707 765 1817 839 Omnia

87 860 259 929 similitudo,
274 863 302 914 ct
317 875 376 915 non
390 860 454 930 ipsa
477 863 533 914 est.
551 882 562 906 a
581 857 665 913 Unde
679 855 822 927 propheta
844 853 919 909 Eae·
972 869 1096 927 nataque
1106 852 1304 908 iecitDeusin
1317 869 1448 923 numero,
1465 854 1600 926 pondere
1616 860 1645 910 et
1656 871 1816 934 mensura.-

87 949 240 1018 chielboc,
257 949 336 1021 quod
353 950 384 1004 in
401 949 507 1020 spiritu
525 947 638 1002 viderat
652 944 840 1013 describens,
858 957 919 998 uon
970 941 1042 1009 Quae
1057 942 1171 998 scilicet
1185 959 1335 1009 numerus,
1353 943 1480 1015 pondus.
1498 945 1527 998 et
1549 959 1689 1000 mensura
1703 942 1805 1001 licata

87 1039 136 1092 uit:
146 1037 412 1109 ilaacvisiogloriee
420 1036 546 1106 Domini,
559 1035 682 1091 sedlraec
694 1033 769 1088 visio
783 1031 920 1087 similitu·
970 1033 1058 1088 uobis
1069 1034 1215 1104 nequeant
1226 1031 1446 1103 comprehendi,
1459 1032 1520 1088 Dan
1532 1036 1628 1089 tamen
1637 1034 1808 1108 incompra-

87 1125 279 1199 dinisqloriae
293 1126 411 1181 Domini
423 1124 628 1194 (aaronem).
639 1122 918 1178 Mirabilitertamen
970 1121 1128 1177 hensibilio
1144 1136 1202 1179 nou
1218 1125 1296 1177 sunt.
1314 1121 1389 1178 Huic
1412 1126 1508 1178 autem
1525 1122 1672 1193 spirituali
1698 1139 1805 1181 nume-

87 1216 152 1286 ipsa
167 1214 369 1269 similitudinis
383 1215 461 1270 visio
476 1218 604 1269 mentem
618 1212 757 1280 laetificat,
773 1211 918 1283 quiaqnae
970 1226 1005 1266 ro
1020 1210 1143 1281 ponderi
1159 1212 1187 1266 ot
1202 1225 1359 1276 mensurae,
1377 1227 1444 1283 qum
1460 1211 1607 1283 spirituali
1621 1228 1804 1285 pergameno

87 1303 144 1358 sub
156 1304 221 1373 ipso
238 1306 317 1373 sunt,
327 1303 441 1374 replent
452 1303 602 1376 templum.
614 1301 685 1370 Qum
696 1300 827 1370 subipso
838 1314 919 1354 nam·
972 1302 1195 1372 consignamus,
1213 1293 1393 1357 concordare
1408 1300 1525 1355 videtur
1538 1301 1610 1357 illud
1626 1301 1782 1376 Evangelii
1794 1319 1817 1374 :²

86 1408 153 1462 quae
169 1396 248 1461 sunt,
267 1391 409 1462 templum
426 1392 550 1463 replent,
572 1391 641 1462 quia
656 1389 743 1444 etiam
757 1403 791 1443 ea
806 1403 872 1460 qnae
888 1387 920 1442 in
969 1389 1063 1446 Homo
1084 1389 1200 1462 quidam
1212 1405 1344 1461 peregre
1352 1388 1547 1461 proficiscens
1558 1396 1674 1446 vocarit
1694 1407 1805 1448 servos

87 1481 277 1539 similitudine
292 1481 396 1552 gloriae
412 1480 479 1552 cjus
506 1481 651 1549 videntur,
677 1479 814 1533 humanae
829 1475 919 1531 menti
972 1478 1224 1548 snos,cttradidit
1238 1477 1381 1534 illisione
1397 1479 1566 1534 sualituni
1582 1479 1665 1536 dedit
1681 1481 1819 1555 quinquo,

86 1571 159 1624 mira
175 1569 281 1642 gaudia
296 1569 439 1639 praebent.
456 1569 549 1634 eram
571 1567 697 1641 gloriam
721 1566 808 1622 nobis
823 1580 920 1638 praes·
973 1566 1157 1638 talenta,alii
1165 1573 1261 1622 autem
1273 1567 1338 1637 diro,
1349 1567 1402 1624 alii
1412 1583 1584 1638 verounum,
1596 1569 1817 1645 unicniqueare⁴

85 1662 147 1713 tare
162 1659 301 1731 dignetur
315 1658 406 1713 lesus
421 1657 568 1713 Christus.
587 1658 690 1712 Amen.
975 1656 1200 1712 temsecnndum
1212 1657 1365 1729 propriam
1377 1657 1517 1712 virtutem
1532 1656 1653 1728 (Metili.
1672 1660 1757 1725 xxv).
1775 1659 1815 1729 Et

372 1746 500 1803 Scittio
528 1746 634 1801 XCIX.
974 1745 1057 1801 item:
1071 1745 1126 1801 Cui
1128 1745 1338 1818 plusdonatum
1345 1752 1400 1816 est,
1406 1745 1621 1819 plosoripetur
1636 1747 1715 1804 abeo
1725 1749 1817 1822 (Luc,

288 1836 323 1891 Iu
338 1834 416 1892 festo
426 1837 523 1891 suncti
537 1835 709 1907 Augustini.
933 1790 1260 1906 antEtdpostolus:
1279 1833 1442 1908 Unicuique
1455 1840 1588 1890 nostrum
1604 1837 1672 1892 data
1683 1842 1729 1892 est
1739 1854 1811 1911 grae

120 1926 280 1980 Eructavit
287 1941 440 1981 cormeum
450 1926 570 1981 verbnm
578 1923 918 1996 bouum,diooeqoopora
978 1922 1359 1983 tiasecuuduurmensuram
1376 1923 1673 1980 donationisClrristi
1684 1926 1818 1999 (Epiros.

85 2031 148 2069 meo
160 2015 237 2087 regi.
248 2015 361 2086 Lingua
373 2013 689 2070 meacalemusscribaa
700 2012 920 2069 velsciterscri·
974 2015 1025 2085 iv).
1042 2015 1192 2085 Scriptura
1208 2029 1289 2082 vero,
1306 2027 1373 2085 quae
1389 2013 1500 2067 nostris
1509 2013 1651 2070 cordibus
1665 2013 1810 2088 inscribi-

85 2103 287 2173 bentisffsai.
295 2105 384 2171 xciv).
395 2102 921 2174 Haecverba,dilectissimi,quaepro·
972 2106 1030 2175 tur,
1045 2105 1155 2159 veritas
1175 2105 1230 2159 est.
1247 2103 1289 2157 De
1304 2102 1359 2157 hec
1374 2101 1567 2173 inscriptione
1584 2103 1728 2160 Dominus
1751 2119 1818 2177 per,

86 2193 183 2264 posita
199 2195 278 2260 sunt,
294 2192 447 2264 prophetis
467 2192 611 2263 apostolis
622 2194 651 2247 et
668 2191 807 2247 omnibus
818 2190 919 2246 eccle·
972 2191 1608 2266 prophetamait:iiocautomtestamcntum,
1624 2192 1701 2266 quod
1714 2198 1810 2250 testa-

86 2282 218 2337 siasticis
234 2281 406 2337 doctoribus
432 2279 620 2349 conveniunt,
647 2282 676 2336 et
690 2280 841 2336 universis
856 2280 918 2352 qui,
972 2282 1029 2338 bor
1039 2283 1077 2358 ad
1086 2279 1372 2354 illospostdicsiilos
1385 2280 1458 2335 dicit
1469 2279 1612 2337 Dominus
1626 2282 1701 2351 (dor.
1711 2276 1817 2356 uxos,

86 2370 311 2441 Spiritusanoto
322 2369 816 2444 regente,verbumDeiprolerunt.
833 2367 917 2435 Quod
972 2370 1232 2444 Daboiegesmcas
1247 2368 1543 2435 inccrdibuseorum,
1562 2377 1591 2426 et
1604 2371 1742 2428 iumenta
1759 2387 1818 2446 θος

86 2460 155 2514 dum
167 2460 524 2516 veracitercoasietbeato
539 2457 817 2532 Augustino,cnjus
831 2457 919 2513 hodie
972 2457 1818 2533 rumsnpercribameasiHebr.x).Deuiquescriptorium„

86 2550 230 2604 solemnia
245 2548 381 2618 colimus,
398 2549 463 2604 lraec
484 2549 644 2605 convenire
659 2564 719 2604 non
733 2547 918 2604 dubitamus.
973 2551 1052 2624 quod
1067 2549 1136 2605 huic
1163 2547 1310 2619 spirituali
1323 2562 1502 2619 pergameno
1533 2551 1711 2619 supponitur
1734 2553 1766 2607 ut
1779 2552 1819 2624 ia

88 2638 164 2710 Ejus
174 2638 252 2692 cnim
264 2654 366 2693 revera
377 2653 428 2693 cor
438 2637 562 2694 verbum
573 2639 685 2694 bouum
701 2637 855 2707 eructavit,
869 2636 919 2709 qui
973 2640 1039 2717 ipso
1049 2652 1229 2711 pergameno
1239 2636 1349 2693 veritas
1367 2636 1525 2707 scribatur,
1538 2637 1819 2714 videnturtecreua,

87 2728 212 2782 verbum
222 2727 273 2781 Dei
284 2743 379 2798 usque
393 2728 429 2782 ad
440 2728 570 2783 nltimam
582 2727 788 2800 agritudinem
798 2726 920 2782 suumin
973 2727 1118 2784 subsidia.
1131 2725 1215 2781 Unde
1224 2741 1336 2798 sponsa
1346 2724 1377 2780 in
1385 2723 1514 2781 Canticis
1522 2727 1703 2783 canticorum
1719 2729 1819 2802 dicit:,

89 2819 192 2870 sancta
218 2816 351 2872 Ecclesia
375 2817 555 2888 predicavit.
580 2817 646 2889 lpse
662 2832 752 2888 opem
776 2831 832 2870 sua
854 2814 920 2888 regi
974 2814 1819 2890 Laevaejussulrcapitcmeo,etdarterailliusamplerra-¹

88 2905 171 2973 dixit,
184 2906 253 2977 quia
264 2905 401 2976 nonsibi,
412 2907 466 2961 sed
480 2905 598 2960 Christo
605 2906 728 2960 ascribit
744 2905 920 2976 qundsanc·
973 2907 1058 2961 bitur
1080 2920 1127 2959 me
1148 2903 1246 2975 (Gaul.
1263 2904 1336 2973 vni).
1360 2904 1417 2960 Per
1431 2904 1536 2960 taevam
1552 2904 1629 2960 bona
1645 2908 1818 2978 corporalia¹

88 2998 116 3049 te
126 2993 207 3050 vixit.
219 2995 333 3067 Lingua
344 2994 412 3064 ojus
425 2995 556 3049 calamus
573 2994 682 3050 scribor
692 2992 836 3048 velociter
845 2991 920 3047 scri·
975 3009 1029 3066 per
1042 2993 1193 3048 dexteram
1206 2992 1285 3048 bona
1300 2991 1464 3063 spiritualia
1488 2992 1594 3050 volens
1610 2994 1747 3069 intelligi.
1764 2997 1818 3059 nd,

85 3082 184 3138 hantis
201 3084 322 3154 exstitit,
344 3085 423 3155 quia,
440 3083 551 3154 Spiritu
566 3085 669 3138 sancto
685 3083 809 3138 docente
824 3083 853 3137 et
866 3080 920 3136 du·
937 3081 1035 3163 chuc
1050 3081 1128 3137 enim
1143 3081 1260 3154 corpori
1283 3083 1470 3152 apponuntur
1491 3085 1617 3153 terrena,
1641 3087 1672 3139 ut
1687 3085 1821 3161 spiritus,

88 3175 182 3240 cente,
194 3173 319 3227 verbnm
328 3173 381 3228 Dei
389 3172 611 3244 elegantissime
627 3170 822 3242 dispensavit.
835 3170 920 3225 Unde
979 3171 1097 3227 facilius
1108 3171 1254 3227 sustineat
1264 3171 1419 3240 suscipere
1430 3174 1458 3225 et
1468 3187 1612 3245 peragere
1623 3173 1732 3231 divina.
1749 3173 1818 3248 Spig¹

86 3261 166 3316 etde
182 3262 247 3331 ipso
263 3262 293 3316 in
308 3261 363 3317 hac
377 3261 445 3334 ejus
468 3261 654 3317 solemnitate
670 3261 816 3328 cauimus,
841 3259 920 3331 quod
978 3263 1185 3319 ritussanctus
1196 3276 1269 3334 ergo
1280 3260 1444 3331 estscriba,
1457 3262 1587 3317 calamus
1610 3263 1742 3320 doctoris
1752 3263 1821 3337 lin-3-

86 3349 295 3421 prophetarum
320 3352 348 3404 et
371 3349 694 3422 apostolorumpleuus
719 3349 836 3423 spiritu,
854 3365 922 3421 quae
978 3368 1050 3426 gua,
1064 3353 1256 3407 atramentum
1283 3349 1388 3422 gratia,
1413 3365 1506 3407 cornu
1534 3351 1684 3424 christoe,
1700 3369 1823 3428 perga,

87 3438 289 3509 praedixerunt
298 3439 432 3510 mystica,
451 3439 522 3494 iecit
537 3439 746 3511 uobispervia,
767 3440 920 3511 postquns
977 3445 1107 3497 mentum
1123 3440 1222 3508 corda,
1240 3439 1349 3494 veritas
1364 3438 1525 3512 Scriptura,
1538 3441 1729 3514 scriptorium
1738 3444 1822 3500 sub·-

89 3527 220 3583 secunda
232 3527 426 3600 dispensandi
436 3528 520 3584 verbi
530 3528 584 3584 Dei
597 3527 838 3600 primusreiulsit
849 3543 921 3600 gra·
977 3531 1052 3587 sidia
1081 3533 1207 3585 terrena.
1226 3527 1395 3598 VideamuS,
1427 3528 1624 3601 dilectissimi,
1654 3547 1693 3589 an
1718 3524 1822 3605 corda}

87 3616 137 3670 tia.
165 3616 324 3672 Encastum
340 3633 396 3673 seu
423 3621 617 3673 atramentum
631 3619 726 3691 gratia
755 3619 811 3688 est,
828 3632 921 3672 cornu
976 3617 1421 3689 nostrasiataptnveritati,utin
1435 3619 1511 3691 ipsis
1520 3621 1631 3676 veritas
1647 3621 1822 3695 scribatur„

86 3721 158 3761 vero
170 3722 225 3762 seu
235 3707 474 3762 atramentarium
483 3707 631 3779 Christus,
643 3722 855 3780 pergamenum
867 3722 921 3761 au·
976 3725 1013 3764 an
1042 3709 1101 3765 siut
1122 3708 1256 3763 contecta
1285 3723 1385 3762 amara
1400 3711 1637 3781 compunctione,
1668 3727 1706 3769 an
1720 3713 1823 3777 tensa,

87 3795 227 3851 dientinm
240 3796 340 3852 corda.
350 3795 603 3862 Quemadmodum
613 3800 710 3851 autem
728 3796 859 3868 scriptor
870 3812 928 3867 ca-¹
976 3798 1163 3854 abstinentiae
1177 3797 1288 3870 rigore,
1303 3812 1341 3851 an
1356 3813 1423 3852 rasa
1451 3798 1541 3853 totius
1558 3799 1739 3873 carnalitatis
1754 3799 1810 3855 ab·

87 3883 165 3940 lamo
186 3885 222 3940 de
240 3888 413 3954 atramento,
434 3886 512 3956 quod
529 3890 575 3940 est
589 3885 620 3940 in
636 3901 730 3943 cornu
744 3885 875 3956 impleto,
891 3885 922 3939 in
976 3888 1147 3957 structione,
1158 3887 1234 3942 ania
1246 3885 1469 3958 quaternionem
1484 3886 1608 3942 formata
1620 3888 1704 3962 tirma
1715 3889 1811 3945 stabi·

86 3989 267 4046 pergameno
287 3974 367 4046 quod
388 3974 451 4028 vult
466 3975 590 4030 scribit:
616 3975 661 4030 sic
685 3975 810 4046 spiritus
825 3974 921 4029 sancti
976 3977 1149 4033 litate.Num
1159 3976 1333 4032 Deitautnm
1344 3990 1413 4032 esse
1429 3975 1567 4054 videntur
1578 3981 1697 4050 puncta,
1716 3978 1823 4054 plum-3

87 4064 182 4136 gratia
196 4064 252 4132 est,
270 4079 337 4134 quaa
361 4062 391 4117 in
405 4062 536 4133 Christo,
559 4063 661 4137 lingna
677 4065 809 4120 doctoris
825 4064 921 4119 adim·
976 4066 1057 4137 bum,
1074 4065 1188 4138 regula,
1204 4064 1233 4145 id
1248 4067 1457 4136 estnumeruS,
1469 4068 1596 4139 pondus,
1613 4072 1641 4123 et
1657 4083 1821 4129 mensura..

85 4151 920 4225 pleta,cordaunstrainstruit.lithocessevideturquod
976 4156 1137 4211 Videamus
1161 4154 1258 4225 itaque
1284 4168 1323 4209 un
1345 4169 1431 4212 sacra
1452 4157 1554 4227 verba,
1579 4157 1692 4228 Spiritu
1706 4159 1822 4230 sonata,

85 4241 223 4296 Christus
243 4240 273 4296 iu
287 4240 451 4314 Evangelio
467 4241 623 4313 discipulis
638 4242 694 4296 ait:
713 4241 784 4296 Cum
803 4241 922 4296 venerit
977 4244 1087 4314 scriba,
1103 4247 1265 4298 atramento
1279 4243 1386 4316 gratia,
1397 4245 1516 4311 ¹calamo
1531 4247 1627 4303 sancti
1649 4246 1822 4321 Augustini-

87 4330 221 4401 Spiritus
231 4331 683 4400 r'critatis,docolritvosomuem
694 4337 921 4386 rcr·tatom:uon
935 4368 963 4431 D
978 4332 1176 4406 linguanobis
1195 4317 1408 4404 administrato,
1428 4334 1458 4390 in
1468 4336 1580 4392 uostris
1602 4336 1745 4412 cordibus
1761 4352 1822 4405 ca·‚

87 4419 164 4473 cuim
173 4418 328 4491 loquetura
341 4421 509 4492 semetipso,
519 4420 574 4475 scd
580 4420 865 4494 quaecunqucandict
881 4418 922 4475 io-
979 4423 1073 4493 piuut.
1089 4420 1163 4476 Dicit
1188 4424 1286 4476 autem
1302 4426 1425 4478 sauctus
1450 4424 1637 4497 Augustinus
1652 4425 1682 4481 in
1696 4424 1814 4499 Regula

88 4513 241 4579 quotu1·,ct
252 4522 313 4578 qua
327 4514 449 4562 centurn
467 4510 733 4566 arrotannuntinbit
755 4510 849 4566 vobis.
862 4508 919 4564 Ille
981 4515 1093 4580 nostra,
1106 4510 1164 4566 imo
1176 4509 1303 4582 Spiritus
1315 4514 1438 4566 sanctus
1456 4511 1523 4584 ejus
1535 4513 1638 4586 lingua
1655 4513 1751 4586 gratia
1767 4530 1819 4585 ref

83 4593 327 4664 meciaridcnbit,
340 4596 452 4668 quiade
464 4600 672 4669 meoaccipiet,
691 4605 721 4655 ct
733 4598 921 4655 aununtiabit
977 4600 1070 4671 pleta:
1086 4619 1097 4650 ι
1111 4602 1186 4654 Ante
1207 4599 1304 4655 omnia
1321 4599 1463 4674 diligatur
1481 4601 1571 4672 Dens,
1588 4601 1695 4658 deinde
1709 4602 1821 4675 proxi,

88 4683 359 4754 robis(daau.xv1).
375 4683 502 4754 Spiritus
513 4686 591 4740 enim
608 4691 731 4743 sanctus
742 4689 820 4743 sicut
837 4704 854 4742 a
869 4703 922 4743 se·
977 4705 1055 4744 mus.
1075 4710 1086 4737 r
1105 4687 1140 4744 Ei
1155 4688 1185 4742 in
1200 4688 1396 4761 sequentibus
1420 4689 1456 4744 de
1472 4689 1661 4758 continentia,
1688 4691 1725 4748 de
1740 4692 1816 4749 obe·

86 4775 154 4845 ipso
166 4789 225 4829 nou
236 4776 292 4843 est,
304 4773 351 4828 sic
365 4789 381 4826 a
397 4773 499 4843 seipso
511 4790 569 4828 non
578 4773 718 4846 loquitur,
731 4776 785 4831 sed
800 4793 817 4830 a
837 4777 923 4832 Patre
979 4777 1099 4846 dientia,
1109 4777 1144 4832 de
1156 4777 1373 4847 communione,
1387 4793 1454 4850 qum
1464 4778 1605 4835 innostra
1623 4780 1814 4852 professione

87 4867 115 4918 ct
125 4863 209 4934 Filio,
221 4878 238 4916 a
249 4862 359 4934 quibus
369 4862 513 4932 procedit.
527 4861 562 4916 Et
571 4864 719 4936 loquendo
727 4864 922 4921 dividituubis
980 4866 1813 4940 specialitercontinentnr‚plurimapraecepit.Videamus

86 4952 211 5025 gratiam
232 4951 343 5024 quaein
368 4950 487 5007 Christo
512 4955 568 5023 est,
589 4957 677 5025 prout
699 4954 772 5009 vult.
796 4954 871 5009 Nam
885 4954 924 5010 de
979 4956 1004 5010 si
1015 4956 1079 5009 baec
1089 4955 1180 5010 verba
1191 4954 1267 5010 beuti
1277 4955 1334 5010 viri
1349 4956 1379 5012 in
1389 4955 1478 5014 nobis
1496 4958 1718 5017 convaluerunt.
1731 4959 1817 5028 Quod

82 5039 272 5112 plenitudine
283 5040 407 5106 Christi,
421 5041 452 5094 in
468 5057 522 5114 quo
536 5049 605 5097 suut
621 5043 923 5099 omuesttrosnurisa-
979 5044 1006 5098 si
1017 5043 1192 5112 constiterit,
1211 5042 1353 5115 Spiritum
1372 5048 1508 5102 sunctum
1523 5063 1577 5126 per
1598 5048 1732 5123 lingnam
1746 5049 1816 5127 ejus

85 5129 209 5200 pientiae
220 5134 249 5183 et
260 5129 397 5185 scicntia>
409 5129 578 5186 absconditi
587 5147 639 5186 nos
650 5133 924 5205 ornnesaccepimus
979 5132 1009 5188 in
1019 5132 1108 5188 nohis
1129 5148 1187 5189 non
1199 5132 1368 5189 dubitemus
1386 5139 1549 5206 operatum.
1562 5137 1629 5194 Non
1648 5139 1746 5197 solum
1760 5155 1819 5213 au-¹

85 5216 287 5286 (doen.r;Col.
308 5221 349 5287 n).
367 5217 711 5293 (tardaquoquenostro,
733 5238 923 5295 quaeperga·
978 5225 1037 5277 tem
1066 5238 1133 5293 quaa
1163 5223 1193 5277 in
1221 5223 1325 5295 regula
1353 5222 1420 5295 ejus
1446 5227 1644 5303 continentur,
1668 5231 1817 5286 vornmet

87 5321 173 5361 meno
184 5305 307 5378 figurari
318 5307 459 5363 diximus.
472 5314 501 5364 et
511 5310 541 5364 in
552 5310 662 5382 quibus
684 5310 849 5383 spiritualis
858 5311 924 5366 haec
979 5314 1088 5366 caetera
1103 5327 1169 5383 qum
1186 5326 1302 5365 sacram
1324 5309 1507 5384 Scripturam
1532 5317 1718 5387 exponendo,
1735 5320 1816 5373 truc-

87 5395 599 5468 scripturaspiritualiterscribitur,
612 5401 775 5455 admodum
788 5401 923 5456 materia·
977 5400 1077 5470 tando,
1107 5398 1290 5455 exhortando
1317 5401 1457 5472 scripsit3
1483 5404 1646 5477 credendo,
1675 5405 1822 5479 amando,

87 5483 566 5559 lispergameniconsrciuuturper
578 5505 708 5544 amaram
722 5489 922 5560 poenitentiam
979 5489 1127 5559 operando
1143 5491 1306 5559 teneamus,
1323 5493 1355 5544 ut
1370 5505 1499 5562 superne
1514 5495 1637 5563 praemia
1651 5509 1819 5568 consequa·

87 5573 284 5630 extenduntur
299 5591 352 5647 per
366 5575 531 5632 districtam
544 5577 764 5649 abstinentiam,
780 5578 924 5634 raduntur
978 5595 1054 5633 mur.
1064 5578 1148 5655 Quod
1157 5578 1243 5633 nobis
1254 5583 1396 5650 praestore
1406 5580 1545 5653 dignetur
1558 5581 1648 5663 iesus
1664 5584 1819 5659 Christus,
1843 5640 1846 5645 .

88 5679 141 5743 per
155 5662 245 5743 totins
261 5665 442 5742 carnalitatis
466 5665 707 5739 abstractionem,
724 5669 753 5723 et
774 5667 805 5723 in
819 5671 928 5741 quater-
981 5666 1032 5749 qui
1047 5669 1104 5740 est,
1121 5668 1206 5751 etc.¹
1272 5747 1275 5753 Ι
1306 5747 1311 5754 Ι
1551 5720 1554 5726 ,
1617 5748 1650 5757 Η
1693 5721 1719 5757 .'
1754 5690 1840 5757 ..i'
