3796 6022
598 298 912 369 MISCELLANEA.
931 343 968 354 -
985 308 1065 372 LIB.
1085 308 1109 370 l.
1659 305 1719 373 562

64 507 149 563 rtolus
174 509 270 565 autem
292 522 417 578 prorsus
443 505 593 579 abjecerat
616 507 771 577 muudum,
794 509 823 561 ct
835 488 865 550 Α
881 506 994 564 hibebit
1007 524 1062 580 per·
1076 510 1279 584 semetipsum.
1296 510 1445 566 iudicium
1461 511 1540 567 enim
1555 511 1720 566 secundum

64 595 115 653 ins
130 597 239 667 ipsum.
257 596 384 668 ldeoque
399 595 479 650 dicit.
495 596 624 650 Mundus
634 595 709 650 milri
727 595 823 651 cruci·
882 597 1082 668 operationem
1093 598 1446 672 estquandojndicantnr
1456 615 1545 670 opera
1556 599 1718 671 hominum,

64 704 65 708 ¹
79 690 135 756 est,
153 691 182 739 et
193 701 248 758 eqo
261 686 377 741 mundo.
883 685 1256 759 nonhomines3judicium
1267 692 1364 744 antem
1376 689 1541 744 secundnm
1551 688 1720 744 retributio·

64 774 110 829 lrr.
125 773 268 830 cnxvrr,
285 774 329 828 Dc
345 774 475 829 essentia
492 780 520 829 et
536 772 630 829 forme
645 774 759 828 anirum.
882 790 959 846 nem,
976 775 1093 847 quarmo
1108 792 1162 847 pro
1177 777 1319 848 operibus
1330 778 1395 832 suis
1401 777 1615 849 judicabuntur
1629 777 1721 833 homi·

64 878 86 919 :o
101 867 171 917 sunt
186 863 215 916 in
231 863 337 932 anima,
354 864 484 918 essentia
501 866 528 917 et
540 861 665 934 justitia,
684 879 750 935 quae
765 861 824 917 ior·
882 881 946 919 nes.
964 864 1097 920 Alterum
1111 865 1147 920 ad
1162 881 1298 936 praesens
1311 869 1428 937 tempus
1443 866 1580 937 pertinet,
1593 866 1719 922 alterum

64 955 93 1007 st
101 951 191 1007 iltius.
202 952 369 1007 Secundum
380 952 503 1006 formam
515 955 641 1022 crentur,
654 951 707 1007 sed
719 967 825 1006 secun·
881 953 918 1009 ad
933 952 1074 1009 futurum.
1091 953 1224 1009 Alterum
1239 971 1255 1009 a
1271 955 1332 1010 lico
1348 970 1526 1011 concessum
1546 958 1576 1010 et
1589 954 1719 1010 homiui-

65 1041 226 1103 esseutiam
244 1042 411 1096 innovatur.
428 1041 533 1099 Forma
549 1041 627 1099 enim
643 1039 761 1095 omnino
776 1055 825 1111 po·
881 1042 939 1097 bus
950 1043 1049 1097 servis
1065 1042 1128 1112 Dei,
1145 1058 1260 1113 percos
1276 1046 1304 1098 et
1319 1044 1348 1098 iu
1363 1044 1408 1098 eis
1420 1043 1573 1115 judicante
1588 1043 1666 1114 Deo,
1677 1045 1719 1099 al·

64 1131 171 1201 per·ir·c;
186 1131 316 1184 essentia
335 1146 394 1184 nou
411 1129 530 1185 omnino
546 1129 636 1200 perit,
654 1129 707 1183 sed
723 1127 824 1184 detor·
883 1135 978 1187 terum
994 1147 1048 1202 per
1058 1131 1251 1202 semetipsum
1262 1132 1403 1205 implebit,
1420 1133 1619 1203 praesentibus
1634 1136 1663 1188 et
1677 1137 1719 1189 at·

64 1235 79 1272 r
101 1218 212 1272 amissa
236 1218 340 1272 ior-mo.
368 1219 466 1274 Unum
491 1222 537 1273 cst
559 1218 650 1274 illud:
678 1217 824 1290 Spiritum
881 1220 1059 1276 testantibus
1074 1221 1173 1275 servis
1189 1221 1264 1291 suis,
1281 1220 1369 1276 homo
1384 1221 1474 1276 Dens.
1486 1220 1581 1293 Opera
1591 1237 1718 1295 namquo

64 1323 91 1360 ra
106 1307 138 1360 in
159 1307 327 1361 uisceribns
341 1308 416 1361 rucis
430 1307 524 1375 (l'sal.
542 1308 573 1376 ri.
596 1306 631 1361 Εἰ
649 1305 685 1362 de
707 1305 823 1379 justitia
881 1308 1033 1365 hominum
1048 1310 1105 1364 sub
1121 1309 1183 1365 Deo
1195 1309 1333 1382 judicare
1347 1309 1435 1364 homo
1451 1312 1563 1381 potcst3
1580 1310 1717 1366 homines

64 1396 129 1450 ida:
149 1396 208 1451 Cor
223 1396 360 1451 mnndum
375 1414 444 1450 rrcu
459 1397 491 1450 in
506 1414 561 1461 ure,
584 1396 675 1466 tiens,
692 1400 721 1451 ct
737 1394 825 1468 spiri·
881 1402 979 1453 autem
993 1413 1046 1469 pro
1062 1398 1203 1469 operibus
1215 1397 1279 1453 suis
1292 1397 1430 1470 judicare
1440 1414 1499 1453 non
1511 1398 1651 1469 hominis,
1663 1400 1718 1455 sed

64 1491 182 1551 rectum,
201 1487 256 1539 etc.
274 1485 377 1554 (idid.)
882 1486 935 1541 Dei
949 1490 1004 1542 est.
1022 1486 1124 1542 Potest
1138 1486 1217 1541 enirn
1232 1487 1320 1542 homo
1336 1502 1390 1559 pro
1406 1486 1493 1542 modo
1504 1501 1560 1542 suo
1572 1488 1601 1541 et
1615 1487 1717 1543 ordine

64 1589 88 1626 r.
108 1572 264 1628 CLXVlll.
282 1573 326 1629 lle
343 1575 456 1646 triplici
470 1575 639 1647 acceptioue
654 1579 777 1628 naturso.
881 1591 956 1646 opus
972 1575 1109 1647 proximi,
1126 1576 1154 1631 si
1167 1578 1264 1631 tamen
1280 1574 1469 1632 manifestum
1490 1578 1536 1629 est
1559 1577 1589 1631 et
1604 1573 1718 1647 judicio

64 1661 125 1716 'bus
142 1662 238 1716 modis
254 1663 398 1733 accipitur·
408 1667 510 1718 nutura
526 1663 554 1717 irr
571 1666 673 1717 sancta
688 1661 823 1733 Scriptu-
880 1664 1026 1737 subjacet,
1042 1673 1089 1720 vel
1104 1664 1241 1736 probare,
1259 1665 1416 1737 sibonum,
1432 1664 1480 1718 vcl
1495 1663 1674 1736 improbare,
1691 1662 1719 1720 si

64 1750 214 1821 decipitur
234 1768 287 1821 pro
307 1753 357 1807 illo
379 1753 489 1822 optimo
505 1754 582 1806 statu
598 1752 701 1823 primae
717 1751 822 1806 condi·
881 1753 989 1809 malum
1004 1757 1059 1823 est,
1078 1753 1123 1808 sic
1132 1756 1229 1808 tamen
1245 1757 1276 1808 ut
1286 1769 1339 1809 eos
1351 1769 1476 1826 quorum
1492 1768 1582 1824 opera
1591 1755 1640 1808 vel
1650 1770 1719 1825 pro·

64 1838 178 1911 sinque
188 1842 302 1910 primus
314 1841 402 1895 homo
418 1842 557 1897 conditus
572 1845 618 1895 est
635 1857 640 1895 :
657 1841 821 1895 secundum
837 1865 863 1927 B
881 1841 930 1896 bat
945 1842 991 1896 vel
1001 1842 1148 1913 improbat
1156 1841 1290 1913 judicare
1301 1858 1360 1896 non
1371 1844 1543 1912 proesumat,
1559 1843 1630 1913 quia
1643 1846 1672 1897 et
1686 1843 1717 1911 ii,

76 1928 214 1985 dicuntur·
231 1931 328 1985 omnia
343 1931 515 1985 naturaliter
536 1946 605 1984 csse
626 1931 714 1985 bona.
735 1930 822 1984 Acci·
878 1946 955 2002 quos
978 1931 1135 2002 aliquando
1160 1946 1301 2001 perversa
1326 1946 1416 2002 agere
1441 1931 1660 2002 conspicimus,
1687 1933 1718 1984 in

76 2021 172 2088 etpro
188 2018 504 2089 reliquoillinsstutu,
529 2019 822 2092 quodpostlapsum
877 2020 958 2077 bono
987 2019 1185 2074 consummari
1214 2019 1368 2088 videmus3
1398 2022 1427 2074 et
1455 2033 1537 2089 saepe
1561 2019 1612 2090 qui
1639 2019 1718 2075 bona

64 2107 137 2173 rest,
161 2110 189 2161 ot
210 2107 291 2180 viget
313 2108 343 2162 in
367 2111 462 2163 mente
488 2109 635 2163 hominis:
658 2108 822 2163 secundum
879 2109 968 2164 multa
997 2108 1029 2163 in
1056 2110 1219 2178 conspectu
1248 2106 1399 2161 hominnm
1424 2105 1550 2177 iaciunt,
1576 2107 1716 2163 conversi

72 2192 235 2250 habeturin
247 2194 378 2266 Epistola
390 2198 425 2250 ed
441 2198 611 2252 Romanos:
629 2196 780 2252 dedicabit
791 2196 824 2252 id
878 2196 995 2254 landem
1009 2201 1173 2253 retrorsum
1187 2196 1317 2251 infausto
1332 2197 1390 2251 tine
1405 2196 1494 2249 vitam
1511 2195 1661 2250 claudunt.

73 2298 113 2336 cx
127 2288 232 2338 nutura
249 2289 295 2339 cst
307 2287 486 2357 praeputium
502 2285 596 2357 lcpcm
608 2302 820 2350 consummans,
915 2287 1084 2356 Propterea,
1097 2287 1129 2340 ut
1138 2283 1210 2355 dixi,
1226 2283 1362 2340 homines
1377 2284 1428 2356 qui
1442 2283 1540 2339 futura
1551 2283 1717 2355 praevidere

64 2371 151 2443 ripcr
161 2370 293 2427 litterum
306 2375 600 2429 crcircnurcisioucm
606 2374 824 2447 protrudentur
878 2376 1038 2447 nequeunt,
1054 2374 1089 2429 de
1100 2373 1300 2444 praesentibus
1311 2376 1423 2427 tantum
1431 2371 1566 2444 judicare
1577 2375 1715 2444 possunt,

64 2460 112 2531 pis
126 2460 220 2528 (llam.
234 2462 274 2530 ιι).
288 2462 371 2527 Quod
380 2465 425 2517 est
434 2462 546 2518 dicero:
564 2463 695 2518 Gentiles
711 2464 824 2534 quiim·
878 2465 909 2517 nt
931 2478 985 2517 eos
1007 2462 1094 2517 etiam
1119 2476 1244 2532 quorum
1269 2460 1345 2514 iacta
1367 2460 1544 2515 damnabilia
1564 2462 1715 2532 reputant,

64 2589 67 2601 ,
81 2548 177 2621 legem
193 2551 319 2620 pervim
335 2552 458 2607 rationis
470 2552 528 2606 sibi
543 2553 681 2622 innatam,
698 2555 823 2623 quaeest
878 2552 1015 2606 damnare
1031 2567 1107 2605 ausu
1121 2550 1278 2605 temerario
1293 2565 1352 2604 non
1368 2552 1559 2620 praesument.
1584 2549 1648 2604 Hoc
1667 2553 1715 2605 est

64 2639 158 2709 petitu
174 2639 253 2708 boni,
271 2640 311 2693 illi
328 2640 725 2712 talcsjudicabuntludaeos.
739 2641 822 2695 Acci·
874 2639 1020 2711 judicium
1035 2639 1114 2711 qnod
1129 2638 1267 2694 Christus
1280 2638 1377 2708 Petro,
1394 2641 1423 2692 et
1438 2653 1505 2692 cum
1520 2637 1608 2693 Petro
1619 2639 1716 2693 omni-

75 2725 105 2781 in
119 2729 203 2782 tertia
219 2732 389 2799 acceptrone
408 2745 462 2800 pro
483 2729 682 2800 corruptionis
698 2732 776 2784 statu
791 2729 821 2785 in
876 2729 934 2783 bus
949 2729 1015 2784 vice
1032 2744 1085 2783 sua
1100 2727 1294 2801 fungentibus
1317 2712 1470 2781 concessit
1491 2726 1594 2781 dicens
1611 2742 1618 2781 :
1648 2726 1716 2780 Tibi

64 2830 161 2870 rurues
177 2818 338 2872 nascimur.
356 2818 439 2873 Unde
454 2817 632 2889 Apostolus:
645 2817 761 2874 Natura
777 2835 823 2874 sn·
879 2818 955 2874 dubo
971 2817 1073 2873 clares
1087 2817 1177 2889 renni
1186 2814 1325 2871 coelcrum
1336 2815 1455 2884 (illattd.
1469 2815 1541 2884 xvr);
1557 2817 1602 2870 et:
1622 2815 1717 2880 Quod·

64 2902 118 2958 dlii
133 2905 188 2959 iric
202 2905 325 2977 (Epiros.
345 2908 385 2973 ιι).
878 2904 1719 2980 cunquelicaverissuperterrnmeritliqeturnetincoelis

64 2991 193 3048 CLXlX.
216 2995 297 3060 Quod
312 2995 408 3050 Pater
428 2995 616 3065 conjudicat
637 3011 816 3071 quemqnam,
876 2996 986 3067 (ibid).
997 2993 1162 3066 Dejudicio
1172 2995 1270 3048 autem
1278 2992 1527 3046 retributionisait
1536 2988 1713 3062 Apostolus:

146 3084 202 3138 sed
217 3084 457 3155 omnejudirium
472 3085 556 3139 dedit
571 3084 658 3139 Filio.
882 3085 997 3157 Tuquis
1007 3083 1098 3155 esqni
1110 3081 1237 3136 alienum
1248 3080 1514 3151 serrumjndicas?
1523 3080 1716 3136 SnoDomino

65 3175 112 3224 ter
124 3188 180 3225 nou
189 3171 308 3244 judicat
320 3190 500 3245 quemquam,
514 3174 569 3228 sed
579 3173 819 3245 omrrejudicr'nm
835 3183 861 3243 c
877 3178 937 3228 stat
952 3177 1001 3227 eut
1017 3171 1096 3226 cadit
1112 3171 1205 3238 (Rom.
1222 3170 1292 3242 xiv),
1306 3169 1445 3224 videlicet
1458 3167 1620 3223 ostendens
1634 3169 1713 3240 quod

83 3257 161 3314 Filio
181 3260 276 3328 (duan.
297 3262 337 3330 v).
365 3261 439 3315 Huic
465 3261 618 3316 sententiae
639 3263 819 3317 contrarium
875 3262 924 3317 ille
940 3260 1024 3316 solus
1039 3261 1215 3330 potestatem
1227 3257 1326 3327 habet,
1343 3257 1408 3313 sive
1419 3257 1455 3312 ad
1466 3259 1590 3312 mortem
1600 3257 1665 3312 sive
1675 3258 1713 3313 ad

64 3347 176 3402 ridetur
192 3350 269 3420 qnod
288 3350 351 3420 ipse
363 3350 455 3404 Filius
473 3350 508 3403 de
525 3366 559 3404 se
575 3350 663 3405 dicit:
681 3350 746 3422 Epo
761 3367 817 3406 non
875 3351 965 3404 vitam
975 3349 1112 3421 judicare
1123 3347 1271 3417 homiues,
1287 3350 1316 3401 et
1326 3363 1390 3402 suae
1401 3345 1537 3401 servituti
1548 3344 1711 3418 subjicere,

64 3451 72 3490 ι
86 3453 255 3509 quemquam
273 3438 368 3508 (donn.
380 3441 451 3504 vru').
467 3438 525 3493 Sed
536 3455 591 3492 nos
601 3441 714 3509 oportet
724 3439 817 3494 verba
874 3439 925 3511 qui
939 3454 992 3512 pro
1006 3439 1051 3494 eis
1065 3438 1192 3508 pretium
1207 3436 1254 3491 sui
1270 3436 1428 3508 sanguinis
1447 3435 1541 3505 dedit,
1567 3438 1596 3490 et
1619 3450 1674 3491 eos
1695 3451 1712 3490 a

64 3541 73 3579 r
88 3524 127 3579 ita
144 3526 324 3598 intelligere,
341 3532 372 3581 ut
389 3543 448 3581 nou
464 3527 634 3598 discrepent
648 3528 816 3582 testimonia
873 3527 1016 3584 servitute
1026 3526 1135 3582 diaboli
1143 3524 1276 3581 redemit.
1287 3521 1713 3596 OmneergandiciumPater

64 3614 118 3668 tis.
136 3614 321 3685 Quapropter
334 3616 540 3670 discernamus
555 3615 709 3686 paulisper
722 3616 816 3687 quali·
873 3616 958 3672 dedit
966 3614 1058 3685 fiilio,
1075 3614 1370 3686 utipseinprresentr
1380 3628 1548 3684 perservos
1560 3613 1710 3670 suosvioe

76 3700 270 3773 indiciorum,
288 3720 324 3758 ne
340 3704 413 3759 torte
422 3704 623 3775 interpretatio
632 3704 757 3760 contusa
772 3706 815 3759 in·
872 3722 926 3761 sne
941 3688 1101 3778 idagentes
1113 3703 1228 3775 judicet
1239 3702 1490 3770 iactabomiaum3
1507 3702 1537 3756 in
1548 3701 1648 3757 tuturo
1659 3718 1710 3758 au·

64 3792 168 3846 entiam
186 3796 317 3847 nostram
343 3796 482 3847 coarctet.
505 3793 636 3859 Quatuor
656 3809 728 3866 ergo
745 3798 814 3848 sunt
870 3798 929 3849 tem
940 3793 1076 3849 homines
1087 3808 1141 3864 pro
1149 3791 1236 3847 iactis
1247 3790 1430 3862 suisjndicet
1440 3806 1494 3860 per
1502 3791 1707 3861 semetipsum.

64 3882 103 3935 la:
121 3881 284 3935 secundum
297 3882 530 3952 praescientiam,
553 3883 717 3937 secundum
741 3898 813 3936 cau·
872 3881 1031 3954 injudicio
1047 3882 1144 3953 itaque
1160 3880 1357 3952 praescientiae
1373 3883 1401 3934 et
1412 3894 1511 3934 causae
1522 3880 1610 3934 Pater
1619 3880 1708 3935 simul

65 3969 229 4024 secundum
246 3970 456 4040 operationem,
467 3971 631 4025 secundum
647 3971 813 4026 retributio-
870 3975 899 4026 et
913 3970 1006 4026 Filius
1022 3973 1050 4025 ct
1064 3970 1193 4041 Spiritus
1207 3972 1330 4024 sanctus
1348 3967 1483 4040 judicant
1497 3970 1526 4023 et
1539 3968 1708 4024 examinant

69 4055 238 4112 Secundum
250 4059 468 4130 praescientiam
474 4058 598 4130 judicati
612 4060 723 4114 fuimus
733 4063 812 4114 ante·
869 4059 1024 4129 justitiam.
1033 4057 1707 4130 lnjudiciooperationisetretributionissolns

66 4160 216 4216 essemus,
231 4148 395 4202 secundum
403 4147 741 4219 causamjudicamurex
752 4163 811 4219 quo
871 4148 963 4203 Filius
978 4148 1043 4203 sive
1055 4164 1107 4218 per
1118 4163 1151 4202 se
1162 4148 1226 4202 sive
1234 4162 1287 4219 per
1295 4162 1402 4201 servos
1413 4162 1497 4214 suos,
1508 4163 1585 4218 quos
1595 4147 1660 4218 ipse
1670 4148 1706 4202 ad

64 4234 104 4289 rel
121 4235 186 4288 mali
205 4252 273 4290 esse
289 4236 457 4308 incipimus
473 4237 548 4302 Quid
565 4240 611 4291 cst
631 4237 708 4291 enim
727 4236 810 4308 judi·
870 4235 1706 4308 hocordinarevoluit,jndiciiproiertseutcntiam.Solus

75 4322 134 4378 nisi
153 4324 315 4380 discretio?
337 4324 419 4390 Quos
448 4326 538 4397 igitur
559 4327 643 4397 prius
669 4325 810 4380 discrerit
870 4341 943 4397 crgo
956 4324 1070 4396 judicat
1079 4325 1172 4380 Filius
1181 4326 1231 4397 qui
1243 4326 1327 4381 solus
1338 4323 1575 4395 omnejudicium
1586 4324 1706 4394 dispen-

64 4410 170 4480 dantia,
187 4413 255 4468 illos
271 4413 458 4484 postmodum
474 4413 618 4468 discernit
633 4429 733 4467 causa.
751 4413 808 4468 Sed
869 4417 925 4482 eat,
942 4414 1016 4479 sive,
1032 4417 1064 4469 ut
1078 4414 1217 4483 diximus,
1235 4414 1265 4468 in
1275 4413 1416 4484 praesenti
1431 4413 1549 4484 quando
1563 4413 1705 4482 pervica-

63 4515 81 4554 e
96 4498 169 4555 Filio
185 4502 283 4556 dicere
299 4518 357 4556 non
370 4519 531 4572 possumus
542 4502 620 4574 quod
632 4503 696 4572 ipse
707 4502 753 4557 vel
765 4482 850 4558 soD
869 4504 931 4558 rios
946 4518 1020 4558 snos
1037 4519 1145 4559 causas
1161 4503 1309 4574 requitatis
1323 4501 1452 4572 peregit,
1469 4501 1532 4555 sive
1547 4502 1577 4554 in
1593 4499 1703 4570 tuturo,

63 4603 100 4643 ne
111 4589 197 4643 Patre
212 4595 240 4644 ct
254 4590 365 4661 Spiritu
381 4593 483 4645 sancto
499 4591 716 4663 prescientiam
732 4591 808 4646 tutu·
869 4591 986 4663 quando
1002 4592 1066 4663 ipse
1076 4593 1113 4647 ed
1127 4591 1321 4663 judicandum
1335 4590 1499 4647 secundum
1515 4589 1639 4643 formam
1653 4589 1705 4644 hu·

64 4676 203 4743 rhabani,
221 4680 267 4733 vel
284 4680 368 4733 solus
384 4696 491 4734 causas
507 4680 658 4734 hominum
676 4680 807 4735 occultas
868 4681 1014 4735 munitatis
1038 4680 1195 4736 visibiliter
1219 4696 1253 4735 se
1275 4678 1483 4733 manifestabit.
1506 4678 1550 4732 lix
1566 4677 1614 4732 his
1629 4677 1703 4733 satis

64 4769 131 4820 mat.
149 4765 183 4819 Et
198 4767 264 4822 ideo
280 4785 346 4822 cum
362 4768 484 4823 dicitur:
507 4768 602 4822 I'utcr
621 4784 678 4824 non
690 4769 807 4840 judicat
868 4769 969 4842 colligi
983 4772 1080 4839 potest
1094 4770 1242 4840 quomodo
1253 4768 1345 4823 Filius
1357 4782 1442 4822 omne
1456 4766 1601 4838 judicium
1616 4782 1704 4822 aece-

64 4868 153 4929 pnnm,
171 4856 226 4910 scd
241 4873 324 4910 omuc
342 4857 489 4927 J'udicinm
506 4857 589 4912 dedit
605 4856 692 4925 Filio,
708 4856 745 4911 dc
759 4857 807 4911 his
866 4858 955 4928 perit,
986 4861 1015 4912 et
1035 4860 1133 4912 tamen
1157 4858 1305 4912 neminem
1324 4856 1455 4928 indicet,
1478 4857 1548 4927 qaia
1570 4857 1649 4912 sicut
1672 4857 1703 4913 iu

64 4940 93 4997 is
109 4943 275 5016 intelligere
291 4960 348 4998 non
365 4960 527 5014 possumus
543 4962 609 5016 quse
625 4945 702 5000 Patri
718 4944 807 5000 simui
867 4945 1256 5015 tormahominisaccepitin
1268 4944 1703 5017 omniindiciosoluspreterre

64 5030 90 5086 lo
105 5037 134 5087 ct
148 5032 269 5101 Spiritui
286 5037 390 5089 sancto
406 5035 572 5089 communia
592 5050 663 5089 esse
681 5049 805 5089 scrmus.
867 5035 1056 5090 senteutiam:
1069 5036 1207 5090 exterma
1217 5035 1413 5090 hominisnon
1424 5035 1522 5105 babet,
1531 5035 1630 5091 sodex
1639 5051 1704 5091 me-

64 5138 67 5170 ι
78 5134 150 5192 ergo
162 5136 227 5193 quie
238 5127 399 5193 supersunt
409 5124 525 5178 dnobus
537 5124 712 5178 seutentiam
723 5140 806 5195 quee-
864 5122 1144 5195 jestatedirinitatis
1155 5127 1187 5178 ut
1197 5140 1257 5179 non
1266 5125 1361 5194 solas,
1374 5125 1428 5180 sed
1440 5124 1529 5180 simul
1540 5140 1607 5182 cunr
1617 5124 1704 5180 Patre

64 5226 81 5263 ι.
98 5208 169 5263 llaec
184 5211 263 5265 onim
279 5212 346 5281 duo,
365 5213 453 5267 idest
471 5211 617 5283 iudicium
642 5213 806 5268 secundum
865 5212 1008 5283 etSpiritu
1019 5215 1122 5268 sancto
1134 5213 1222 5268 dictet
1230 5212 1385 5285 justitiam.
1397 5213 1591 5284 Proptererca
1604 5213 1635 5269 in
1645 5214 1703 5269 alio

64 5296 169 5353 tionem
189 5303 217 5354 ct
230 5299 376 5371 judicium
393 5301 556 5355 secundum
572 5301 804 5370 retributionem,
865 5302 931 5357 loco
947 5301 1112 5356 secundum
1127 5302 1252 5357 ior-mam
1271 5306 1421 5374 susceptae
1445 5302 1635 5360 humanitatis
1657 5303 1703 5356 lo-

64 5386 125 5441 lum
145 5387 250 5443 Filium
270 5390 446 5445 referuntur.
463 5389 594 5454 Quorum
614 5390 754 5458 alterum,
776 5390 805 5444 id
865 5405 961 5462 quens
981 5389 1040 5444 ait:
1066 5389 1132 5462 Epo
1156 5391 1235 5447 sient
1253 5392 1453 5463 andiojndico
1466 5392 1561 5461 (dean.
1577 5391 1618 5462 v).
1635 5389 1703 5460 lpse

64 5474 185 5530 'odicium
214 5478 378 5532 secundum
407 5480 621 5548 operationem,
653 5478 807 5549 dispensat
865 5476 1703 5552 enimsicutauditjudicat,quiaexinternadispositionc

64 5574 111 5635 per
122 5564 284 5620 ministeria
300 5566 467 5636 hominnm,
483 5566 607 5621 alterum
622 5582 704 5636 vero,
722 5566 808 5621 idest
865 5567 954 5623 trabit
968 5580 1054 5624 omne
1067 5567 1213 5640 judicium
1228 5570 1308 5640 quod
1323 5569 1398 5624 loris
1412 5566 1704 5638 dispensarentur

64 5666 111 5707 um
125 5653 288 5712 secundum
304 5655 537 5724 retributionem,
554 5656 741 5732 postmodum
756 5671 807 5717 ex·
865 5657 961 5719 adbuc
976 5657 1056 5713 aliud
1069 5658 1149 5739 qnod
1162 5659 1193 5722 in
1208 5658 1367 5715 hisverbis
1381 5656 1575 5715 considerare
1587 5671 1708 5729 possa-
