3796 6022
123 241 203 309 1007

470 225 472 228 ’
537 237 1037 304 arraumxnnuucours
1053 204 1196 303 ornan
1210 238 1409 305 uranon.

1772 234 1855 304 tuoe

123 441 245 516 (Matth.
254 440 350 512 xxiii).
363 440 409 510 Et,
417 441 450 496 ut
458 440 711 512 perdereminiam
720 440 768 511 ait,
777 439 826 495 Fit
837 416 959 498 eihere·
971 422 1001 485 Α
1016 441 1165 497 sarcinam
1175 441 1246 497 tanti
1257 442 1369 515 negotii
1379 440 1576 497 reminiscens
1588 438 1751 497 verborum
1765 440 1853 496 Salo-

125 533 205 588 ditas
214 532 279 605 ejus
291 532 368 586 sicut
377 531 515 602 spelunca
525 530 639 603 hyaene
657 528 752 602 [quasi
768 530 814 586 leo
827 531 858 585 in
869 529 957 603 silua]

123 622 200 694 (der.
212 623 275 692 xri),
288 623 317 675 et
331 620 437 675 domus
452 619 529 690 ejus,
546 636 613 692 quae
625 635 680 674 nos
695 619 816 685 luimus,
829 637 895 691 quaa
907 620 958 675 do-

123 727 191 766 mus
207 709 349 765 orationis
365 724 434 763 esse
450 708 547 779 debet,
565 709 634 779 quia
642 709 673 762 in
689 709 829 764 cordibus
846 709 958 763 nostris

124 814 191 855 eum
206 798 350 853 dehemus
365 798 488 852 adorare
513 801 541 853 et
564 799 678 868 timere,
695 798 727 852 fit
750 798 892 868 spelunca
913 796 958 851 la-

122 892 242 944 tronum
249 888 368 957 (Mattlr.
385 886 458 958 ιιι),
470 887 500 942 id
512 889 567 957 cst,
580 887 721 943 habitatio
733 888 956 957 daemoniorum,

122 977 174 1049 qui
188 993 243 1048 per
256 976 381 1031 furtivas
390 977 605 1048 suggestiones
617 993 672 1032 uos
681 976 837 1048 profanant
847 980 875 1032 et
889 992 958 1048 per-

121 1066 242 1122 trahunt
256 1066 292 1120 ad
308 1066 425 1120 illicitas
440 1065 661 1122 delectationes.
685 1066 759 1122 Cum
782 1069 880 1121 autem
897 1065 957 1120 Do-

121 1155 220 1210 minus
236 1155 342 1209 iterum
357 1155 493 1227 exsurgit
508 1156 545 1209 ad
564 1156 765 1211 miserandum
789 1155 871 1225 Sion,
890 1155 958 1228 quia

1015 532 1123 601 monis,
1140 531 1191 586 ubi
1206 531 1294 586 dicit:
1307 531 1560 588 Meliusestduos
1576 547 1644 587 esse
1662 530 1756 586 simul
1769 547 1854 604 quam

1017 637 1111 690 unum,
1125 620 1236 675 habeat
1251 621 1329 676 enim
1338 620 1723 677 emolumentumsocictatis
1737 621 1855 688 saae3si

1016 726 1090 764 unus
1109 710 1265 779 ceciderit,
1286 710 1323 765 ab
1344 710 1440 765 altero
1457 709 1608 765 fulcietur.
1633 709 1681 764 Vae
1699 709 1767 774 soli,
1787 709 1853 781 quia

1015 814 1078 853 cum
1095 799 1240 854 ceciderit
1252 798 1617 854 nonhabetsublevantem
1626 814 1660 854 se
1673 799 1731 852 :Et
1741 799 1771 853 si
1781 798 1853 853 dor·

1015 887 1394 943 mierintduoiovebuntur
1407 894 1514 944 mutuo.
1542 888 1624 942 Uatis
1645 887 1788 961 quomodo
1805 904 1853 942 ca·

1016 976 1171 1031 lescettlt't
1179 978 1208 1031 si
1217 978 1360 1049 quispiam
1365 993 1429 1049 prae
1435 978 1561 1032 valuerit
1575 982 1678 1033 contra
1691 977 1851 1045 mmmdcc

1015 1065 1317 1136 resistenteifficcle.
1330 1067 1381 1137 iv).
1397 1066 1455 1122 Pro
1469 1066 1516 1122 his
1532 1066 1670 1122 omnibus
1686 1066 1746 1121 iste
1760 1066 1851 1137 prima

1015 1157 1110 1210 virtus
1122 1155 1188 1210 aliis
1199 1157 1366 1227 praemissu,
1379 1172 1467 1228 quarn
1478 1156 1749 1212 considerationem
1757 1155 1852 1226 culpae

125 1244 411 1316 tempusmisercndi
421 1244 494 1315 ejus
504 1244 570 1316 quia
585 1244 666 1300 venit
676 1250 790 1316 tempus
800 1243 893 1314 (Psal.
908 1245 957 1315 cr),
1015 1245 1212 1315 nominamus,
1223 1247 1354 1301 omnium
1363 1246 1480 1302 invocat
1491 1245 1750 1312 rectoremDeum,
1758 1245 1852 1299 nisibi

121 1336 192 1388 tuno
208 1333 294 1387 mittit
309 1336 462 1387 strenuum
477 1349 540 1388 suae
566 1333 710 1388 clientelae
739 1332 889 1399 famulum,
908 1333 959 1403 qui
1015 1337 1157 1405 praestare
1173 1334 1312 1406 dignetur
1326 1334 1469 1390 auxilium
1483 1335 1520 1391 ad
1543 1338 1656 1390 tanturn
1672 1333 1852 1406 obsequium

122 1425 270 1494 praeparet
283 1422 362 1476 viam
378 1421 445 1493 ejus
468 1425 535 1476 aute
560 1439 637 1493 eum,
663 1425 704 1492 ut,
726 1422 915 1477 muudillcato
931 1424 960 1476 et
1015 1424 1250 1495 exsequendum.
1280 1424 1403 1480 Mittitur
1424 1440 1498 1497 ergo
1522 1425 1550 1480 ei
1575 1425 1692 1480 coelitus
1717 1424 1852 1495 quaedam

124 1513 307 1568 sanctificato
324 1516 443 1582 templo,
459 1513 538 1583 quod
564 1511 659 1566 luerat
688 1513 916 1566 contaminatum
932 1514 961 1565 et
1015 1512 1178 1583 pedisequa
1193 1512 1271 1584 eJ'uS,
1287 1529 1353 1584 quae
1365 1514 1435 1568 dum
1445 1513 1619 1585 hujusmodi
1629 1511 1852 1584 resbenegeri-

124 1602 321 1675 profanatum,
348 1602 446 1656 statim
474 1601 511 1655 ad
538 1601 637 1672 ipsum
663 1602 762 1657 veniat
778 1601 957 1669 Domiuetor,
1015 1604 1073 1670 tur,
1089 1616 1154 1656 earn
1170 1617 1289 1673 semper
1303 1603 1380 1658 solet
1391 1603 1534 1674 comitari,
1553 1601 1755 1658 consideratio
1771 1601 1851 1657 vide-

124 1709 213 1764 quem
227 1708 283 1746 nos
298 1692 470 1763 quaerimus,
481 1694 509 1745 et
522 1690 658 1762 Angelus
668 1691 846 1759 testamenti,
871 1706 960 1762 quem
1016 1688 1084 1745 licet
1098 1706 1203 1761 poenae,
1216 1694 1245 1745 et
1259 1693 1431 1763 praecipitur
1445 1693 1482 1762 ei,
1500 1694 1531 1746 ut
1555 1707 1630 1763 opus
1650 1691 1812 1761 acceleret,
1827 1694 1852 1746 et

123 1796 180 1837 nos
195 1781 344 1836 volumus.
362 1781 533 1835 Dominator
547 1781 686 1851 potentia,
696 1781 831 1853 Angelus
847 1780 956 1852 gratia:
975 1755 1135 1835 Bdomum
1160 1780 1276 1836 Domini
1298 1782 1377 1836 circa
1401 1781 1469 1853 ejus
1496 1781 1656 1837 adventum
1683 1796 1850 1852 praeparare

123 1870 296 1927 Dominator
306 1871 337 1925 in
347 1885 382 1924 eo
393 1869 472 1940 quod
482 1885 538 1924 nos
550 1869 688 1941 dignatus
700 1885 811 1940 creare,
824 1869 958 1941 Angelus
1017 1867 1146 1924 festinet.
1162 1869 1233 1935 Quae
1249 1884 1301 1925 cor
1316 1871 1476 1926 humanum
1501 1871 1616 1926 caelitus
1640 1870 1759 1941 illapsa,
1775 1869 1850 1924 videt

122 1959 155 2016 in
170 1976 204 2017 eo
220 1960 299 2031 quod
314 1960 454 2031 dignutus
470 1963 516 2014 est
530 1974 585 2014 nos
601 1959 757 2014 redimere.
1016 1958 1182 2030 peccatoris
1192 1959 1371 2030 stipendium
1381 1960 1461 2031 quod
1480 1958 1851 2031 promeruit,jcmjamqna

160 2049 351 2104 Praemittitur
366 2063 438 2120 crgo
454 2048 779 2104 exomnibuscoelestis
791 2047 881 2103 euriae
893 2063 959 2102 ser·
1016 2048 1247 2120 persolvendum
1257 2048 1447 2120 (stipendium
1459 2051 1556 2104 autem
1571 2048 1685 2119 peccati
1709 2051 1758 2103 est
1772 2062 1848 2102 mors

14 2144 17 2148 “
123 2138 274 2193 aientibus
290 2140 318 2191 et
329 2137 508 2192 officialibus
519 2137 605 2209 quasi
616 2141 718 2192 custos
730 2142 758 2192 et
773 2136 960 2208 procuratrix
1018 2139 1047 2191 et
1061 2153 1142 2192 mors
1154 2137 1286 2209 aetor·na);
1304 2137 1384 2192 videt
1407 2138 1537 2193 crudelia
1563 2140 1718 2207 tormenta,
1737 2137 1849 2192 calores

124 2230 153 2282 et
167 2227 339 2299 imperatrix
353 2226 447 2297 prima
463 2230 549 2298 atquc
558 2227 831 2298 mundatrixtempli
843 2225 960 2281 Domini
1017 2225 1141 2297 ignium,
1154 2230 1182 2281 et
1193 2226 1304 2298 frigora
1318 2227 1440 2294 nivium,
1453 2227 1561 2283 tamem
1576 2231 1604 2282 et
1614 2227 1705 2297 sitim,
1721 2230 1849 2282 terrores

124 2317 323 2373 consideratio
341 2316 445 2387 eulpae,
476 2319 507 2371 ut
535 2315 607 2371 illud
635 2332 651 2370 a
682 2318 797 2371 cunctis
818 2315 959 2370 sordibus
1018 2318 1046 2370 et
1060 2318 1197 2385 tortores,
1214 2316 1363 2386 tenebras,
1379 2332 1508 2386 vermes,
1525 2319 1553 2371 et
1568 2317 1595 2371 si
1611 2332 1669 2387 qua
1683 2318 1757 2371 sunt
1770 2315 1851 2370 nimiu

17 2437 19 2442 .
124 2406 272 2475 emundet,
290 2404 416 2460 acvelut
442 2420 512 2460 vere
538 2405 669 2460 coelestis
693 2405 776 2477 regis
800 2404 960 2459 thalamum
1017 2402 1065 2459 lia.
1083 2404 1158 2459 Dum
1173 2404 1852 2478 ergoconsideretioculpaehinc,consideratio

123 2495 705 2567 peremundationemdecenteradornet.
716 2495 858 2566 Ingressa
869 2494 960 2564 igitur
1016 2494 1287 2564 poenaeinderebus
1296 2494 1852 2567 ubiqueagendisunaquaequeprosuo

126 2584 334 2654 consideratio,
352 2600 406 2638 seu
423 2585 552 2656 cognitio
570 2584 664 2654 culpae
688 2584 768 2638 videt
791 2582 896 2655 gebtes
913 2583 959 2637 in·
1019 2583 1118 2638 allicio
1130 2583 1257 2639 solerter
1272 2584 1405 2654 intendit,
1420 2600 1606 2656 nequaquam
1625 2585 1707 2640 vires
1733 2599 1807 2640 suas
1819 2583 1854 2639 ad

124 2689 251 2748 gressus
266 2674 295 2729 in
311 2673 512 2729 sanctuarium
527 2673 591 2743 Dei,
608 2672 763 2744 dequibus
778 2674 960 2742 praeceperat
1018 2672 1075 2728 boc
1091 2673 1241 2744 negotium
1253 2673 1517 2745 riteperagendum
1533 2675 1615 2729 solas
1630 2673 1775 2729 sulficere
1785 2688 1851 2743 pru·

124 2767 158 2820 ut
171 2781 230 2820 non
245 2764 389 2819 intrarent
403 2762 568 2817 Ecclesiam
583 2761 661 2834 ejus,
680 2761 765 2816 Videt
780 2761 920 2831 templum
932 2764 961 2816 et
1018 2761 1122 2817 denter
1135 2762 1296 2816 attendunt.
1314 2762 1467 2819 Mittuntur
1480 2779 1555 2836 ergo
1573 2763 1618 2818 eis
1634 2762 1694 2818 duo
1708 2762 1852 2817 satellites

126 2854 224 2909 omnia
237 2853 377 2908 utensilia
394 2851 461 2924 ejus
476 2851 586 2922 polluta
601 2855 630 2906 et
643 2851 791 2920 obvoluta,
817 2850 960 2905 contami·
1018 2850 1110 2906 ourim
1126 2851 1258 2906 coelestis
1274 2853 1397 2922 strenui,
1416 2855 1444 2907 et
1457 2853 1564 2907 virtute
1583 2852 1674 2923 pleni,
1691 2851 1780 2906 dolor
1794 2849 1852 2906 sci·

126 2946 193 2999 nata
208 2947 236 2998 et
250 2943 413 3014 profanata,
440 2944 548 2996 tectum
569 2940 636 3012 ejus
661 2940 697 2995 de
717 2956 808 3011 super
822 2956 889 2995 curn
903 2943 960 2994 tra·
1018 2938 1087 2994 licet
1101 2943 1129 2994 et
1144 2940 1239 3006 timor,
1257 2956 1309 2995 eas
1324 2941 1355 2995 in
1379 2940 1435 2996 hoc
1464 2940 1565 2996 labore
1588 2941 1771 3012 perficiendo
1795 2956 1851 2995 non

123 3032 225 3103 bibus,
242 3038 271 3088 et
286 3033 388 3105 tignis,
406 3031 613 3102 alloquendis,
632 3031 699 3086 telis
715 3046 889 3085 aranearum
904 3046 961 3085 uu·
1019 3029 1115 3084 solurn
1138 3030 1233 3101 sequi,
1259 3031 1314 3084 sed
1337 3030 1424 3086 etiam
1448 3030 1492 3085 eis
1515 3030 1640 3102 obsequi
1662 3031 1811 3100 consueti,
1826 3031 1852 3084 et

979 3083 1004 3146 G

126 3122 215 3194 dique
230 3122 390 3193 palliatum,
408 3121 437 3176 id
453 3123 499 3175 est
513 3124 640 3175 mentem
650 3121 790 3175 eumsuis
806 3119 959 3189 sensibus,
1019 3118 1121 3173 indicit
1136 3119 1335 3176 consideratio
1347 3120 1441 3190 culpa}
1453 3120 1584 3175 dolorem
1602 3119 1638 3174 de
1657 3123 1766 3190 pacato
1780 3135 1852 3191 praa·

45 3268 50 3276 ,
126 3211 343 3281 allectionibus
357 3214 385 3265 et
400 3210 560 3265 virtutibus
571 3209 697 3264 velatam
710 3225 764 3280 per
773 3212 865 3264 totum
879 3209 961 3262 vani·
1018 3207 1114 3277 terito,
1126 3207 1322 3263 consideraiio
1337 3223 1408 3263 vero
1420 3224 1514 3279 poenae
1525 3209 1661 3263 timorem
1672 3209 1708 3263 de
1728 3212 1852 3263 tormen·

113 3299 640 3372 ,uteturgantissuperuiae3aroam
668 3313 741 3353 vero
766 3299 916 3368 deorsum,
933 3298 963 3351 id
1019 3298 1048 3352 tu
1064 3297 1173 3352 futuro.
1190 3296 1245 3362 Qui
1261 3311 1383 3369 gravem
1399 3297 1605 3353 sibilaborem
1619 3297 1734 3353 instare
1750 3312 1853 3370 cogno·

116 3392 176 3444 ¹est
191 3404 310 3442 carnem
326 3390 447 3442 stratam
462 3388 523 3441 luto
539 3387 676 3456 luxuriae,
692 3387 807 3442 medios
821 3387 960 3457 parietes,
1020 3390 1150 3457 scentes,
1167 3387 1289 3457 perticis
1304 3391 1332 3442 et
1347 3388 1449 3459 scopis
1465 3403 1540 3458 opus
1555 3387 1711 3458 arripiunt,
1736 3390 1766 3443 et
1778 3390 1852 3442 tanta

127 3477 158 3531 id
170 3481 215 3531 cst
224 3490 380 3530 sermones
389 3478 417 3529 et
425 3477 558 3530 actiones
566 3477 706 3531 vitiorum
715 3476 878 3531 serdibusa
887 3491 965 3530 sum·
1019 3477 1028 3543 l
1032 3475 1059 3530 si
1073 3475 1118 3530 las
1130 3479 1176 3531 est
1187 3476 1298 3547 dicere)
1308 3478 1429 3531 vesania
1446 3477 1522 3532 inter
1532 3476 1662 3547 parietes
1673 3475 1851 3532 debacchan-

127 3580 176 3619 1no
187 3579 283 3634 usquc
298 3563 335 3617 ad
345 3563 435 3617 imum
447 3567 628 3619 stercoratos
643 3568 672 3620 et
686 3564 823 3620 loedatos
845 3564 892 3619 lbi
912 3579 964 3619 re·
1019 3566 1076 3635 tur,
1100 3567 1131 3619 ut
1159 3564 1218 3620 nisi
1247 3566 1426 3621 moderatrix
1450 3569 1479 3621 et
1507 3566 1702 3637 gubernatrix
1727 3565 1852 3621 omnium

134 3654 306 3727 quiscscunt
321 3652 437 3724 bestiae,
459 3653 596 3708 hubitant
612 3655 807 3720 struthiones,
826 3660 854 3708 ct
875 3653 967 3725 pilosi
1020 3654 1852 3725 quamocissimeacourrattemperatadiscretlo,domum

129 3743 242 3799 saltant
267 3742 318 3798 ubi
335 3747 365 3798 ct
384 3743 616 3815 respondebunt.
641 3742 688 3798 Ibi
712 3742 964 3798 ululmtnadibus
1020 3745 1110 3798 totam
1125 3759 1184 3799 uon
1197 3742 1556 3814 jamsolumevertantad
1570 3740 1851 3815 quaerendumqnod

131 3833 206 3906 ejus,
225 3838 254 3887 et
265 3832 384 3888 Sirene
399 3833 430 3886 in
447 3832 584 3888 delubris
604 3833 762 3904 voluptatis
790 3831 872 3901 (lsai.
890 3832 965 3901 χιιι).
1021 3836 1083 3887 erat
1097 3834 1253 3903 perditum,
1267 3833 1320 3888 sed
1331 3833 1429 3903 potius
1441 3832 1660 3887 subvertantad
1670 3832 1851 3903 perdendum

114 3909 212 3991 ¹¹Orien
227 3928 296 3976 sunt
310 3922 403 3993 spiare
414 3928 443 3977 et
460 3922 573 3991 urticar,
593 3928 622 3976 et
627 3921 764 3993 paliurus
779 3922 809 3975 in
826 3921 966 3976 munitio·
1021 3922 1099 3993 quod
1110 3921 1387 3977 substiteratedbuc
1398 3921 1553 3976 salvatum.
1571 3921 1647 3976 Dum
1657 3921 1739 3976 enim
1750 3920 1851 3976 debent

130 3999 221 4065 nibus
234 3997 308 4080 ejus.
318 4000 360 4063 m
375 4009 453 4082 hacta
470 4016 516 4066 est
532 4011 634 4066 deuius
649 4011 767 4066 Domini
781 4010 879 4065 cubile
895 4010 967 4065 dra-
1021 4010 1137 4082 operari
1152 4011 1318 4081 peccatoris
1333 4010 1578 4080 emendationem,
1595 4011 1660 4080 ipse
1682 4024 1787 4065 eornm
1801 4009 1851 4062 inr-

131 4114 232 4154 conum
249 4103 278 4151 et
290 4089 400 4169 pascua
425 4099 636 4153 struthionum.
662 4099 828 4154 Unicernes
844 4100 967 4154 descen·
1020 4103 1120 4172 petum
1136 4100 1214 4155 lerre
1229 4115 1288 4155 uon
1302 4099 1480 4170 praevalenS,
1492 4099 1649 4170 aliquando
1661 4096 1850 4170 penepraeoi·

106 4173 110 4180 ’
131 4187 204 4243 dunt
219 4202 282 4241 cum
292 4186 346 4255 eis,
356 4191 385 4241 ct
396 4187 474 4241 tauri
485 4187 739 4258 competentibus.
750 4187 817 4242 Non
828 4193 874 4243 est
886 4193 967 4242 tran·
1021 4191 1130 4260 pitatur
1144 4189 1174 4243 in
1189 4188 1436 4259 desperationem.
1460 4188 1584 4243 Mittitur
1602 4203 1677 4260 ergo
1701 4185 1849 4253 discretio,

130 4278 216 4333 siens
228 4291 285 4347 per
301 4291 373 4339 eam,
387 4274 454 4347 quia
465 4275 651 4331 onocrotalus
668 4281 698 4331 ct
713 4276 826 4332 ericius
850 4283 879 4331 ct
893 4276 965 4341 ibis,
1022 4295 1088 4350 quae
1103 4279 1180 4334 dicto
1207 4279 1293 4333 citius
1319 4277 1462 4332 advolans
1489 4277 1575 4333 freno
1602 4276 1651 4332 sui
1679 4273 1852 4333 moderami-

113 4372 161 4445 ,et
173 4381 282 4421 corvus
292 4363 429 4419 habitant
440 4364 494 4419 lbi.
508 4364 674 4420 Occurrunt
684 4365 827 4421 daemonia
839 4381 966 4423 onocen-
979 4381 1007 4442 Ι)
1022 4369 1069 4422 nis
1085 4366 1218 4423 iurantes
1243 4366 1372 4437 cohibet,
1396 4366 1575 4437 moderatur,
1606 4365 1719 4438 dirigit,
1750 4367 1779 4421 et
1801 4379 1852 4436 gu·

115 4456 240 4531 tauris,
253 4458 283 4510 et
294 4453 409 4526 pilosus
423 4453 616 4509 clamatalter
625 4455 662 4510 ad
673 4454 809 4510 alterum.
821 4455 869 4510 Ibi
879 4455 967 4510 cubat
1022 4457 1136 4512 bornat.

109 4546 111 4550 ’
131 4542 231 4616 lamia,
245 4551 274 4600 et
284 4544 401 4600 invenit
412 4543 473 4598 sibi
483 4543 678 4616 requiemihi
686 4544 967 4600 lrabcttoreameri·
1059 4545 1114 4600 His
1130 4545 1220 4617 igitnr
1234 4545 1372 4600 omnibus
1387 4545 1476 4600 simul
1502 4543 1707 4600 laborantibus
1737 4547 1768 4600 et
1789 4555 1852 4599 sesa

132 4636 206 4705 cina,
224 4640 253 4689 et
265 4633 378 4688 enutrit
394 4632 514 4701 catulos,
532 4638 561 4688 et
576 4632 776 4703 circumfodit,
794 4638 823 4687 et
837 4632 920 4689 iuvet
936 4633 967 4687 in
1022 4635 1157 4689 vicissim
1166 4634 1387 4707 adjuvantibus,
1399 4636 1459 4690 tota
1469 4634 1574 4689 domus
1586 4633 1705 4690 Domini
1715 4630 1854 4704 spurcitia

134 4724 237 4778 umbra
253 4723 326 4794 ejus.
354 4721 427 4777 Illuc
450 4721 626 4795 congregati
648 4725 716 4776 sunt
735 4720 821 4776 milvi
837 4721 968 4777 altered
1023 4721 1850 4796 quoevelpercogitationem,velperloculionem,nutper

114 4811 270 4878 alterum.
290 4810 333 4865 lbi
349 4827 458 4866 coruus
477 4812 508 4866 iu
531 4810 766 4883 superliminari,
791 4816 820 4865 ct
835 4810 918 4884 lappa
939 4816 969 4867 et

134 4899 266 4954 tribulus
280 4915 371 4971 super
386 4916 456 4955 aras
470 4900 535 4972 ejus
550 4900 628 4971 (lsai.
641 4915 743 4954 xxxiv.
757 4899 846 4971 Sepla.
859 4899 901 4972 u).

172 4988 227 5042 His
238 4989 375 5043 omnibus
387 4988 460 5043 nihil
470 4989 549 5043 uliud
560 4989 701 5059 innuitur,
713 4989 772 5044 nisi
782 4992 969 5060 peccatorem

113 5124 116 5129 .
135 5077 346 5145 Christianum,
357 5077 421 5132 sive
432 5078 594 5133 crudelium
605 5078 853 5150 suggestionibus
864 5080 971 5135 daemo·

112 5224 115 5231 ,
135 5182 217 5237 num,
229 5166 293 5221 sive
304 5167 498 5236 reproborum
519 5168 666 5223 conciliis*
679 5168 829 5224 hominum
844 5168 968 5223 interius

135 5257 328 5327 exteriusque
344 5261 514 5327 corruptum
524 5261 553 5311 et
568 5273 627 5312 non
642 5256 703 5328 jam
728 5257 898 5328 Dominicae,
916 5260 970 5314 sed

137 5347 328 5403 daemoniacae
350 5347 446 5418 magis
471 5345 643 5400 habitationi
665 5338 872 5418 mancipatum.
898 5347 970 5403 Haec

132 5436 293 5499 ,attendens
309 5436 450 5507 cognitio,
467 5451 522 5489 seu
534 5434 732 5490 consideratio
743 5436 838 5508 culpae
847 5437 971 5509 ingemi·

136 5528 205 5598 scit,
218 5525 388 5597 attubcsoit,
407 5539 466 5580 non
481 5523 595 5578 habens
611 5523 837 5597 consolatorem,
853 5543 909 5583 neo
923 5527 971 5583 in-

137 5615 263 5688 veniens
280 5614 523 5673 consolationem.
539 5612 602 5695 Neo
616 5616 771 5690 praesumit
789 5615 854 5675 solo
869 5617 971 5693 subire

1025 4812 1225 4883 operationem
1240 4813 1316 4867 lacte
1325 4812 1430 4883 iuerat,
1439 4811 1471 4868 in
1487 4828 1578 4868 unum
1589 4814 1691 4867 coacta
1706 4808 1854 4883 sterquili-

1025 4903 1142 4958 niumin
1149 4902 1277 4957 medium
1284 4901 1384 4957 cordis
1395 4901 1577 4973 congeritur,
1586 4903 1619 4956 ut
1632 4899 1731 4955 adhuc
1739 4899 1854 4969 accepto

1026 4992 1151 5047 consilio
1170 4998 1198 5045 et
1213 4991 1322 5047 auxilio
1339 4991 1440 5046 divino
1454 4991 1543 5046 modo
1558 4989 1692 5061 quolibet
1710 4992 1853 5061 egeratur.

1026 5078 1856 5151 TuncrenovateDeoantiquamiracula,percutiturpetra

1027 5169 1137 5240 cordis,
1152 5171 1181 5224 et
1198 5169 1292 5224 fluunt
1302 5185 1387 5242 aquae
1405 5169 1435 5223 in
1445 5167 1634 5223 abundantia.
1645 5167 1771 5222 Mittitur
1784 5166 1856 5223 enirn

1026 5254 1856 5330 sextoloeoadpraesignificandamperfectionemoperis

1027 5349 1058 5403 in
1073 5364 1125 5403 cor
1139 5347 1299 5403 humanum
1315 5347 1511 5417 campanella,
1527 5345 1599 5411 Quae
1619 5345 1656 5400 ab
1682 5345 1743 5402 imo
1764 5343 1856 5401 cordis

1028 5453 1197 5509 exsurgens
1212 5453 1267 5492 sno
1282 5437 1393 5507 impetu
1415 5434 1621 5491 detestabilem
1640 5434 1734 5505 illam,
1749 5437 1779 5490 et
1792 5434 1857 5490 hor-

1027 5524 1859 5597 rendammassamsublcvat,etdissolvit3etaliinnianum

1028 5615 1244 5696 apponentibus
1259 5616 1330 5676 totis
1345 5615 1476 5676 omnimn
1488 5614 1606 5674 viribus
1615 5613 1654 5674 ad
1663 5611 1859 5697 erumpant·
