3796 6022
84 323 141 388 221
508 313 849 383 EXCERPTIONUM
871 312 1072 380 PRIORUM
1095 313 1224 378 LIBER
1246 313 1418 379 PRIMUS.

1759 305 1821 378 222

83 526 126 582 eis
143 525 316 580 instituitur.
331 524 445 580 hlortuo
457 524 562 578 deinde
573 524 639 579 Ozia
651 521 917 595 regnavitloathas
934 514 1081 575 asanaa
1101 516 1272 586 asportavit,
1289 519 1318 569 et
1331 515 1432 586 posuit
1447 516 1476 568 in
1497 514 1604 584 templo
1620 512 1672 569 Dei
1688 513 1745 570 sui.
1769 511 1817 566 Vi·

83 615 162 670 iilius
178 615 247 687 eius
263 630 316 685 pro
327 630 381 681 θος
398 614 554 667 aeditteavit
570 617 666 668 autem
676 612 797 666 laathas
807 616 919 682 portam
977 607 1077 676 xitque
1094 606 1371 660 Nabuchodonosor
1380 609 1446 676 post
1461 604 1648 658 eversionem
1657 602 1755 672 tempti
1771 601 1814 656 vi·

83 705 192 760 domus
209 705 334 773 Domini,
353 721 418 775 quaa
431 705 568 774 speciosa
583 704 755 757 vocabatur.
776 701 920 756 Romulus
977 696 1048 765 giuti
1071 696 1200 765 quinque
1224 695 1319 748 annis,
1344 694 1379 748 Et
1402 694 1457 749 hoe
1482 692 1654 760 recedente,
1679 690 1816 762 regnavit

82 795 228 850 nascitur.
243 793 387 847 Defuncto
396 793 500 847 Joutha
512 794 647 863 regnavit
656 792 754 845 hohas
765 791 844 846 tilius
855 790 922 860 ejus
977 784 1202 838 Evilmerodach
1212 800 1217 837 :
1227 782 1620 852 ctposthunelnbosordae,
1630 781 1816 850 etposthunc

81 900 136 956 pro
151 900 201 938 eo.
215 884 248 936 ln
263 883 368 936 diebus
384 882 442 936 illis
454 882 588 936 aseendit
599 882 699 936 ilasim
716 896 770 934 rex
781 880 884 950 Syrias,
895 883 924 933 et
965 872 1101 953 ΙΕςεεεπ,
1114 877 1142 928 et
1158 877 1224 942 post
1237 873 1313 926 hune
1327 873 1489 940 ltalthasar,
1504 888 1562 942 quo
1578 873 1720 941 regnante
1733 885 1815 923 com-

83 974 180 1028 Faces
191 972 270 1026 itlius
283 969 425 1027 llomeliae
436 972 674 1042 adpraetiandum
687 975 787 1024 contra
802 970 923 1024 lerusa-
976 964 1046 1033 pleti
1067 966 1136 1015 strat
1161 963 1229 1014 anni
1254 962 1440 1033 septuaginta
1456 961 1564 1030 quibus
1590 959 1820 1029 prophetaverat

83 1062 151 1129 lem,
165 1065 195 1115 et
204 1062 345 1115 conduxit
353 1061 661 1133 hehas'segtatatasar
671 1077 773 1133 regem
784 1061 923 1130 Assprio-
978 1053 1123 1107 ieremias
1138 1052 1308 1106 ludaeorum
1330 1051 1526 1120 captivitatem
1542 1064 1611 1103 esse
1628 1047 1811 1102 solvendam.

83 1167 159 1219 rum,
188 1151 238 1222 qui
269 1150 415 1205 interiecit
445 1151 560 1219 ttasim,
591 1154 619 1204 et
647 1151 783 1204 liberavit
812 1150 922 1218 Aonas,
979 1141 1071 1212 Igitur
1089 1142 1136 1195 his
1148 1141 1253 1196 diebus
1269 1141 1363 1211 Cyrus
1381 1139 1570 1208 Babylonium
1582 1136 1772 1208 expugnavit,
1790 1119 1821 1189 el

86 1242 179 1295 Roma
193 1240 339 1295 conditur·
353 1241 486 1294 Mortuus
498 1243 648 1295 cstautem
659 1240 768 1309 Achae,
780 1243 808 1295 et
819 1255 924 1311 regna·
980 1231 1150 1284 ludaeorum
1160 1231 1357 1300 captivitatem
1369 1228 1519 1295 relaxavit,
1533 1226 1756 1294 sieutscriptum
1769 1227 1816 1278 est

84 1331 126 1383 vit
141 1329 290 1384 Ezechias
306 1330 384 1384 tilius
400 1329 466 1401 ejus
483 1347 536 1400 pro
552 1348 597 1384 eo.

83 1437 153 1491 Gar.
173 1436 213 1491 X.
230 1436 365 1492 Historia
377 1437 414 1491 ab
424 1438 573 1563 sszlqclpias
586 1453 675 1509 usque
692 1437 729 1491 ad
742 1436 872 1492 reditum
888 1436 925 1490 de

452 1527 466 1562 a
490 1527 511 1580 y
523 1526 600 1564 onia.

119 1617 152 1670 ln
165 1617 274 1671 diebus
284 1615 418 1672 Ezechiae
428 1620 552 1672 conatus
564 1622 607 1672 est
617 1617 819 1672 Sennacherib
831 1619 926 1670 trans-

85 1706 164 1761 terre
183 1706 299 1776 dudam,
317 1707 370 1761 sed
386 1724 443 1760 non
459 1708 594 1777 permisit
609 1724 675 1762 eum
688 1707 847 1774 Dominus3
859 1721 925 1775 per·

85 1796 436 1850 cussitantemineastris
446 1798 639 1868 Assyriorum
648 1800 764 1851 eentum
776 1796 924 1867 octoginta
939 1831 966 1894 B

85 1885 178 1939 millia
190 1885 332 1940 virorum.
350 1885 421 1941 Post
436 1887 501 1941 haec
516 1887 727 1942 interiecerunt
743 1888 840 1956 ipsum
852 1885 924 1938 Sen-

86 1974 233 2028 nacherib
250 1975 301 2028 filii
317 1977 361 2029 sui
380 1977 409 2029 in
424 1977 532 2047 templo
544 1978 597 2031 Dei
612 1978 668 2030 sui.
686 1976 757 2030 Post
768 1976 923 2029 Ezechiam

82 2064 222 2134 regnavit
238 2064 394 2119 llanasses
404 2066 482 2120 tilius
495 2066 572 2138 ejus,
585 2067 713 2137 lecitque
722 2066 830 2120 malum
839 2064 924 2136 juxta

84 2153 175 2207 ritum
187 2153 335 2223 Gentium,
349 2158 376 2209 et
386 2156 519 2209 adomvit
528 2172 645 2209 omnem
656 2155 786 2209 militiam
798 2154 864 2208 cmii
876 2169 883 2222 ς
897 2157 924 2207 et

84 2242 218 2296 traduxit
236 2243 328 2297 filium
353 2261 439 2298 suum
462 2260 516 2315 per
541 2246 649 2315 ignem,
671 2248 699 2298 et
723 2244 792 2298 tecit
816 2243 924 2297 malum

87 2347 181 2400 super
197 2347 301 2386 onmes
316 2350 415 2405 regeS,
433 2334 483 2405 qui
498 2334 615 2388 luerunt
630 2338 696 2387 ante
713 2350 778 2387 eum
795 2333 823 2386 in
840 2333 923 2386 leru-

87 2420 388 2492 salem.Locutusque
396 2426 441 2477 est
448 2423 590 2477 Dominus
598 2439 649 2493 per
655 2439 760 2476 ursinus
768 2438 923 2476 servorum

85 2525 211 2563 suorum
226 2509 439 2581 Prophetarum
456 2512 577 2566 dicens:
595 2511 668 2576 Quia
684 2512 752 2565 tecit
767 2513 923 2565 hianasses

85 2598 323 2655 abominationes
348 2603 432 2670 istas,
449 2602 553 2657 delebo
570 2602 746 2669 ierusalem,
764 2603 791 2655 et
812 2601 923 2654 tradam

85 2704 150 2742 eam
173 2688 203 2742 in
219 2705 324 2744 manus
339 2690 524 2746 inimieorum
542 2690 618 2762 ejus
638 2672 752 2744 llorluo
773 2690 921 2757 hlanasse,

85 2778 225 2850 regnavit
240 2779 423 2834 hmontrlius
439 2778 505 2851 ejus
521 2798 574 2850 pru
590 2796 635 2834 eo.
654 2779 708 2834 llic
723 2766 881 2832 ambulavit
893 2779 922 2831 in

84 2866 132 2920 via
148 2868 316 2938 patrissui,
333 2873 361 2922 et
383 2868 593 2924 interfecerunt
609 2869 769 2927 eumservi
788 2868 844 2923 sui.
862 2869 922 2922 lte-

84 2957 357 3028 gnavitquelosias
369 2975 422 3029 pro
434 2974 479 3012 eo.
490 2960 716 3030 Ambulevitque
728 2958 828 3012 iosias
840 2957 921 3010 invia

84 3042 181 3099 David
197 3047 358 3116 patrissui,
376 3050 404 3102 et
419 3064 476 3102 non
493 3048 650 3102 declinavit
664 3049 701 3102 ab
716 3065 749 3102 ea
766 3048 801 3101 ad
818 3047 921 3101 dexte-

979 1321 1010 1374 in
1028 1319 1107 1374 libro
1122 1320 1232 1374 Iisdrae
1242 1320 1402 1390 Prophetae
1415 1319 1446 1371 ln
1463 1333 1539 1371 anno
1549 1316 1644 1385 primo
1656 1313 1723 1384 Cpri
1734 1313 1817 1385 regis

980 1410 1149 1479 Persarum,
1171 1413 1201 1464 ut
1216 1410 1387 1480 impleretur
1404 1407 1527 1461 verbum
1550 1404 1697 1472 ieremias,
1714 1401 1814 1457 susci-

979 1500 1050 1553 tavit
1066 1500 1209 1554 Dominus
1224 1499 1361 1568 spiritum
1370 1497 1438 1568 Cpri
1450 1496 1531 1568 regis
1544 1495 1714 1560 Persarum,
1727 1493 1818 1546 attra-

980 1589 1063 1642 duxit
1077 1606 1181 1643 vocem
1196 1589 1225 1641 in
1242 1588 1382 1642 universo
1393 1602 1485 1658 regno
1502 1601 1557 1640 suo
1572 1581 1813 1654 perscripturum

981 1677 1093 1732 dicens.
1109 1677 1311 1747 (hrrrriarepna
1322 1677 1424 1730 murrdi
1435 1675 1517 1730 dedit
1528 1673 1602 1727 milri
1613 1669 1774 1735 Deuseoeli,
1787 1671 1817 1722 et

981 1766 1045 1838 ipse
1058 1767 1202 1838 praufepit
1220 1767 1301 1831 mihi,
1322 1773 1350 1819 ut
1362 1762 1580 1820 rectificarernci
1591 1762 1705 1816 deinum
1718 1760 1749 1814 in
1764 1758 1816 1813 Je-

981 1856 1120 1922 rusalem,
1140 1856 1272 1927 quisquis
1290 1855 1320 1907 in
1339 1855 1423 1907 robis
1441 1858 1486 1908 cst
1502 1853 1538 1906 de
1556 1851 1698 1905 universo
1710 1844 1815 1919 populo

983 1948 1055 2018 cp'ns,
1075 1947 1114 2000 sit
1131 1946 1273 1999 [turnines
1290 1945 1369 1999 Deus
1386 1961 1448 1996 enm
1464 1958 1507 2005 eo,
1528 1947 1555 1994 et
1571 1937 1722 1993 ascendat.

980 2054 1049 2108 Car.
1069 2054 1119 2107 Xl.
1138 2052 1302 2106 Historiae
1321 2052 1399 2122 Cyro
1411 2066 1500 2121 usque
1516 2048 1554 2101 ad
1567 2046 1670 2102 dudam
1688 2042 1811 2097 linche-

1345 2140 1448 2193 bretun.

1014 2250 1110 2320 Cyrus
1136 2249 1225 2320 igitur
1254 2249 1384 2302 relaxata
1411 2246 1605 2300 Hebraeorum
1635 2237 1811 2309 captivitate,

980 2339 1070 2408 terme
1087 2338 1300 2410 quinquaginta
1312 2337 1463 2392 hominum
1478 2334 1567 2388 nullia
1580 2328 1696 2402 regredi
1712 2328 1743 2381 in
1758 2325 1813 2379 lu·

979 2429 1072 2482 dream
1088 2428 1231 2498 permisit.
1249 2427 1264 2480 l
1269 2426 1396 2480 asedech
1409 2438 1526 2495 quoque
1542 2422 1577 2475 de
1592 2433 1702 2492 genere
1714 2416 1813 2469 Aaron

978 2518 1173 2584 sacerdotem,
1191 2517 1239 2587 qui
1256 2516 1310 2569 luit
1326 2532 1392 2569 etun
1404 2513 1536 2584 patribus
1547 2510 1703 2573 abductuS,
1715 2503 1813 2558 redire

978 2606 1141 2674 mandavit,
1162 2610 1192 2660 ut
1211 2607 1286 2660 ritus
1306 2605 1416 2660 veteris
1437 2601 1609 2657 solemnitas
1629 2613 1683 2667 per
1701 2591 1813 2647 assueti

977 2696 1142 2750 sacerdotis
1164 2696 1317 2749 seientiam
1346 2695 1566 2748 reformaretur.
1593 2686 1687 2758 Cujus
1711 2681 1809 2736 tidelis

978 2786 1067 2839 lesus
1083 2789 1151 2854 post
1166 2801 1233 2839 cum
1243 2785 1382 2855 populum
1394 2783 1478 2837 rexit.
1497 2783 1596 2851 ltaque
1607 2793 1662 2847 per
1675 2785 1810 2827 summos

979 2874 1151 2929 sacerdotes
1171 2878 1239 2944 post
1257 2875 1461 2929 reversionem
1482 2874 1517 2927 de
1538 2870 1689 2940 Babylone
1713 2873 1812 2917 rerum

977 2980 1090 3017 summa
1107 2964 1259 3034 agebatur.
1278 2964 1322 3017 lili
1336 2967 1432 3017 autem
1449 2963 1497 3033 qui
1509 2962 1654 3015 venerunt
1669 2957 1705 3009 de
1721 2949 1816 3017 Baby·

975 3054 1043 3107 lone
1059 3053 1157 3106 statim
1172 3052 1369 3106 fundaverunt
1383 3052 1533 3121 templum,
1550 3054 1577 3103 et
1602 3046 1722 3101 tundata
1738 3047 1813 3096 tem·

84 3150 148 3188 ram
165 3151 261 3206 neque
277 3137 313 3189 ad
329 3137 490 3206 sinistram,
508 3141 535 3191 et
551 3137 766 3192 iecitmundari
781 3137 921 3206 templum
935 3158 965 3222 0
978 3143 1025 3212 plo
1042 3141 1210 3195 obtulerunt
1225 3141 1414 3205 sacrificium,
1428 3133 1812 3207 steteruntquesacerdotes

85 3227 113 3277 et
131 3224 278 3279 celebrari
294 3225 383 3280 Phasi
399 3227 484 3297 quale
496 3243 554 3280 non
570 3227 624 3280 fnit
640 3227 774 3281 adiebus
785 3226 922 3280 iudicum

87 3316 242 3384 usquead
270 3318 386 3385 tempus
412 3316 492 3369 illud.
519 3316 671 3370 Destruxit
694 3332 812 3387 quoque
832 3315 922 3368 altare

85 3403 168 3473 quod
180 3404 289 3458 iecerat
300 3405 457 3459 leroboam
471 3405 498 3458 in
510 3405 623 3473 Dathel,
636 3408 664 3459 et
675 3405 840 3459 combussit
851 3404 879 3457 in
889 3419 924 3457 eo

86 3508 161 3546 ossa
178 3495 363 3547 sacerdotum
379 3494 429 3565 qui
449 3494 614 3548 obtulerant
629 3510 720 3563 super
735 3493 805 3548 illud
821 3495 924 3546 incen-

87 3582 377 3638 surn.h'erarmtanren
390 3600 447 3636 nou
459 3586 638 3637 estaversus
650 3583 792 3636 Dominus
802 3582 924 3637 uiurore

87 3688 157 3740 suo,
171 3687 256 3742 quem
268 3672 385 3727 loeutus
396 3676 441 3726 est
452 3672 785 3726 cont1·aludam.dosias
797 3673 923 3742 denique

88 3776 276 3833 congressus
288 3777 353 3814 eum
366 3761 484 3815 Neehar
495 3777 566 3832 rege
577 3761 700 3832 AEgppti
709 3761 828 3815 occisus
838 3765 883 3814 est
894 3761 923 3813 in

88 3865 194 3919 earnpo
205 3849 361 3921 hlagend0,
372 3853 399 3902 et
415 3850 550 3921 regnavit
565 3849 699 3903 Joatlram
712 3850 806 3904 tribus
819 3851 925 3904 mensi-

87 3939 157 4006 bus,
175 3938 284 4008 quibus
299 3937 425 4008 expletis
436 3943 614 3993 memoratus
631 3939 846 4009 Neehareoepit
857 3955 923 3993 eum

86 4032 115 4081 et
141 4026 224 4080 duxit
239 4027 268 4080 in
288 4027 462 4099 lligyptum,
480 4031 508 4081 et
524 4029 674 4083 constituit
689 4044 792 4099 regem
813 4045 866 4098 pro
889 4043 923 4082 eo

86 4115 235 4170 Eliaehim
246 4116 338 4170 tilium
350 4116 366 4170 l
370 4116 452 4186 osiae,
463 4132 551 4188 quern
559 4118 676 4170 vocavit
687 4118 701 4171 l
706 4116 831 4171 oachim.
844 4116 923 4170 Con-

85 4205 237 4259 demnavit
254 4205 339 4259 etiam
354 4205 461 4260 ludam
477 4210 592 4260 eentum
608 4206 725 4260 talentis
749 4207 875 4278 argenti,
897 4209 924 4260 et

84 4293 197 4348 talento
212 4293 286 4348 auri.
304 4295 447 4365 hnnoque
463 4294 762 4349 lonchimundoeimo
774 4295 853 4349 venit
863 4295 923 4348 Na-

86 4368 323 4438 buchodonosor
338 4384 367 4436 in
382 4383 558 4452 ierusalem,
576 4387 602 4437 et
614 4384 714 4455 exegit
729 4384 811 4436 abeo
827 4384 922 4439 tribu-

979 3233 1124 3285 inornata
1139 3245 1194 3283 suo
1211 3233 1239 3283 et
1255 3230 1376 3294 Levitae,
1390 3233 1416 3281 et
1432 3227 1589 3281 laudabant
1606 3220 1809 3289 Deumlsrael,

979 3324 1007 3374 et
1023 3320 1097 3372 laeta
1113 3323 1159 3371 est
1174 3318 1272 3371 laetitia
1289 3334 1394 3389 magua
1411 3318 1438 3371 in
1450 3317 1569 3387 populu.
1581 3315 1696 3368 Mortuo
1706 3310 1812 3366 deinde

978 3409 1054 3478 Cyro
1066 3424 1136 3479 rege
1144 3408 1302 3462 Persarum
1313 3408 1479 3461 detulerunt
1488 3405 1639 3460 Samaritae
1648 3399 1813 3456 accusatio-

980 3514 1047 3552 nem
1058 3499 1203 3552 ndversus
1213 3497 1334 3551 ludatis
1344 3497 1379 3550 nd
1387 3496 1478 3550 tilium
1490 3493 1625 3566 ejusqui
1636 3490 1810 3561 Cambyses

979 3591 1005 3641 et
1016 3592 1179 3655 assuerus,
1192 3590 1219 3640 et
1231 3587 1409 3640 Artaxerees
1425 3589 1471 3639 est
1481 3579 1813 3639 nominatuslntermis-

979 3667 1813 3747 sumestigituropuS,tlonecconsummaretursubDario

978 3782 1055 3819 urano
1072 3765 1202 3818 seeundo
1219 3765 1303 3837 regni
1320 3764 1396 3834 ejus
1415 3763 1449 3816 m
1465 3762 1556 3834 hujus
1573 3759 1652 3813 Darii
1668 3773 1744 3811 enno
1761 3772 1812 3810 se·

979 3855 1075 3908 cundo
1088 3854 1235 3907 obtinente
1247 3853 1409 3907 Zorobabel
1421 3853 1505 3918 clarae,
1523 3850 1666 3918 completa
1682 3849 1728 3901 est
1742 3845 1813 3899 aedi·

979 3943 1075 3996 ficatio
1092 3943 1201 4012 templi,
1219 3942 1447 4013 quadragesimo
1464 3944 1548 3995 sexto
1564 3953 1640 3992 anno
1656 3938 1813 4007 postquam

980 4033 1067 4102 acepit
1090 4032 1239 4085 aedilirari.
1261 4032 1344 4084 Unde
1364 4031 1460 4084 liidaei
1480 4029 1604 4084 Domino
1632 4022 1813 4095 Evangelico

980 4135 1116 4174 sermone
1130 4121 1244 4174 dixisse
1261 4118 1682 4189 reseruntur:(trradrapintaet
1693 4131 1750 4168 sex
1766 4128 1815 4166 en·

980 4200 1814 4279 rrisaeditieatamesttemplumistrul,ete.Dori0suecessit

980 4298 1095 4353 Xerses
1107 4299 1185 4352 filius
1193 4297 1270 4369 ejus.
1279 4298 1373 4371 Cuius
1383 4299 1468 4371 regni
1476 4314 1553 4352 anno
1565 4297 1690 4366 septimo
1699 4292 1812 4347 Esdras

980 4387 1078 4440 scriba
1094 4387 1171 4460 legis
1181 4387 1243 4453 Dei,
1260 4389 1393 4442 asscendit
1403 4389 1437 4441 de
1451 4388 1599 4456 Dalrp'lone
1610 4401 1617 4453 ·,
1630 4384 1680 4455 qui
1690 4379 1814 4453 AEgypti

87 4475 161 4541 tum,
177 4472 257 4543 quod
268 4471 478 4543 AEgpptiorum
491 4472 553 4544 regi
569 4473 686 4528 solvere
703 4473 921 4544 solebatpquod
937 4477 965 4542 Ι)
982 4477 1115 4531 reterens
1135 4477 1171 4529 ad
1188 4478 1327 4547 temptum
1343 4477 1458 4531 Domini
1474 4476 1616 4545 pecunias
1633 4488 1746 4540 sacras,
1764 4485 1813 4524 ar-

86 4560 136 4613 ille
153 4560 249 4614 tribus
271 4561 357 4615 annis
373 4562 496 4615 reddere
512 4579 570 4616 non
595 4563 719 4630 eruhuit,
737 4563 823 4618 tertio
845 4578 921 4616 anno

84 4649 213 4703 audiens
229 4650 390 4721 Aigyptios
406 4654 507 4705 contra
522 4650 714 4722 Babyloniam
731 4652 921 4705 dimicaturos

85 4737 207 4792 solvere
222 4739 344 4806 distulit,
355 4740 431 4793 unde
443 4740 521 4794 sieut
532 4740 673 4795 rebellem
685 4756 750 4794 eum
761 4740 922 4812 Nabucho-

84 4827 220 4882 donosor
241 4827 398 4896 interiecit,
426 4830 504 4882 etad
521 4828 574 4882 tria
591 4829 679 4883 millia
696 4830 778 4883 viros
795 4831 830 4884 de
848 4830 922 4883 lucta

84 4916 221 4987 captivos
239 4916 332 4983 duxit,
348 4919 376 4970 et
391 4917 540 4971 rtmstitnit
558 4935 610 4987 pro
626 4934 660 4973 eo
677 4934 778 4990 regem
789 4918 921 4972 inachim

83 5006 135 5076 qui
152 5004 921 5070 ‹lechoniasnominatur·.Quen1lechoniamnonrnul-

82 5094 121 5146 tis
130 5092 408 5164 interjectisdiebus
417 5094 826 5164 ol›setlitNabuehodouusor,
839 5101 921 5150 etve-

84 5181 215 5235 aientem
235 5181 293 5235 sihi
315 5183 430 5236 ebriam
447 5201 512 5237 curu
534 5187 626 5237 tractre
642 5188 668 5237 et
686 5184 862 5255 quibusdam
886 5186 920 5239 dc

82 5269 194 5340 populo
218 5271 305 5340 ceph,
324 5275 352 5325 et
366 5272 448 5325 duxit
466 5273 492 5325 in
510 5272 700 5342 babylonem,
723 5275 751 5326 et
771 5274 920 5328 constituit

82 5374 137 5428 pro
154 5375 190 5412 co
206 5357 380 5412 Sedechiam
397 5364 531 5430 patruum
548 5361 624 5432 ojus.
643 5361 699 5415 Sed
721 5364 749 5415 et
764 5363 812 5415 hie
828 5363 920 5417 Sede-

82 5447 168 5502 chius
191 5463 249 5501 nen
267 5448 355 5501 irrulto
373 5453 440 5519 post
455 5454 556 5503 contra
577 5451 854 5506 Nabuchodonosor
871 5468 919 5504 rc-

82 5536 195 5590 bellare
211 5537 308 5606 eoepit,
326 5540 354 5592 et
368 5542 437 5593 tunc
453 5540 584 5594 seeundo
601 5556 742 5595 reversus
758 5540 918 5595 Nabucho-

82 5625 218 5680 donosor
242 5626 325 5681 duxit
354 5644 421 5681 cum
446 5628 475 5681 in
499 5628 689 5698 Babyloniam
713 5629 869 5698 captivum,
891 5634 918 5684 et

83 5730 200 5768 murum
214 5714 461 5787 civitatisevertit,
472 5721 501 5773 et
516 5717 787 5789 templumexussit,
804 5722 832 5773 et
845 5734 917 5774 vasa

982 4566 1061 4636 genti
1077 4566 1182 4620 talenta
1199 4569 1339 4621 sexcenta
1356 4564 1577 4636 quinquaginta,
1589 4566 1617 4616 ct
1628 4577 1698 4615 vasa
1709 4575 1815 4631 argen-

980 4658 1026 4708 tea
1044 4655 1218 4708 talentorum
1240 4658 1367 4723 centurn,
1390 4659 1418 4709 et
1432 4669 1504 4706 vasa
1526 4667 1614 4705 aurea
1639 4650 1815 4704 talentorum

980 4744 1096 4814 viginti,
1121 4744 1213 4814 quiet
1229 4744 1389 4798 celebravit
1412 4742 1626 4797 solemnitatem
1650 4738 1815 4809 scenophe-

980 4832 1107 4903 giorum.
1123 4832 1274 4886 l‘temeavit
1284 4831 1540 4886 etiaruNehemias
1551 4828 1739 4901 ipsiusregis
1754 4826 1816 4898 pin·

981 4937 1068 4974 cerna
1084 4921 1119 4974 de
1131 4920 1218 4974 Susis
1231 4923 1339 4989 castro,
1356 4937 1432 4974 auno
1449 4919 1585 4989 ejusdem
1601 4919 1748 4989 vigesimo
1764 4916 1815 4986 qui

979 5025 1081 5062 rnuros
1098 5008 1223 5061 civitatis
1236 5009 1592 5063 1·eaedilicavit.Praeiatus
1604 5008 1689 5061 etiam
1701 5006 1814 5061 Esdras

981 5097 1192 5151 Bibliothcram
1205 5096 1321 5151 Veteris
1330 5097 1518 5162 Testamenti,
1529 5101 1597 5168 post
1613 5098 1765 5150 incensam
1775 5095 1816 5148 le·

978 5203 1046 5257 gem
1059 5203 1074 5238 a
1091 5185 1238 5240 (liraldaris
1260 5186 1360 5240 divino
1381 5186 1497 5241 afflatus
1518 5188 1634 5257 spiritu,
1651 5184 1814 5255 reparavit3

979 5278 1084 5328 cuncta
1108 5276 1194 5345 legis,
1212 5293 1245 5329 ae
1261 5276 1470 5347 prophetarum
1486 5276 1645 5343 volumina,
1664 5291 1729 5345 quon
1747 5272 1813 5325 iue-

978 5369 1046 5417 runt
1061 5382 1077 5417 a
1093 5366 1232 5435 gannitibus
1255 5370 1402 5435 corrupta,
1425 5366 1563 5431 correxit,
1581 5368 1730 5430 totumquo
1754 5358 1813 5408 Ve-
1875 5373 1878 5380 ’

978 5456 1026 5506 tus
1043 5455 1264 5508 Testamentum
1281 5455 1310 5507 in
1326 5455 1429 5526 viginti
1446 5455 1521 5506 duos
1538 5453 1631 5505 libros
1653 5442 1813 5510 constituit,

978 5547 1008 5597 ut
1023 5547 1065 5597 tot
1079 5543 1146 5597 libri
1158 5548 1259 5598 essent
1276 5544 1305 5596 in
1316 5544 1392 5611 lege,
1410 5546 1481 5611 quot
1496 5540 1642 5594 habentur
1655 5537 1683 5587 et
1697 5531 1814 5586 litterae.

976 5632 1137 5687 Nehemias
1159 5648 1276 5702 «proque
1300 5631 1378 5683 misit
1397 5633 1519 5698 nepotes
1543 5622 1730 5679 sacerdotum
1747 5618 1813 5673 illo-

979 5738 1043 5775 rum
1060 5720 1120 5791 qui,
1133 5719 1162 5773 in
1178 5716 1438 5789 transmigratione
1448 5710 1832 5781 sacrumiqneminqntsu
