3796 6022
569 279 880 345 urscnomnaa.
906 316 942 327 -
965 272 1046 344 are.
1068 266 1092 343 i.
1635 271 1697 351 aa

64 498 86 537 n
101 482 165 538 sola
178 481 340 537 humilitate
350 497 438 553 quam
450 482 513 538 solo
525 481 694 553 virginitate
705 480 801 553 sequi,
817 460 848 523 Α
860 495 943 547 nem3
959 482 1079 550 propter
1088 480 1324 535 misericordiam
1335 478 1462 534 animam
1472 496 1555 536 snam
1567 481 1697 540 turbarit

64 589 208 644 humilitas
234 589 299 642 sine
321 589 490 658 virginitate
515 588 631 642 salvare
656 588 803 642 hominem
860 569 896 622 “d
912 569 1161 639 ⁰⁰1⁰D⁰⁸⁸5⁰¹¹⁰¹¹b
1188 570 1220 623 ¹¹¹
1245 583 1334 622 ΜΗΘ
1349 583 1403 623 ⁸¹¹⁰
1419 569 1512 624 ‘¹⁰¹⁰st
1528 587 1582 640 {³¹⁸⁰
1606 572 1695 627 ¹¹⁰¹)ss

64 694 85 748 2,
102 678 259 749 ,pgqnpas
275 678 341 731 sine
352 677 514 732 humppm
530 692 587 731 non
599 680 705 747 potest·
859 658 1012 727 patiendo,
1025 657 1053 710 in
1063 656 1694 728 meniasuacondoluitnotriscompaiiendo.

98 756 108 764 ·
861 745 896 800 Et
911 745 1158 816 quaemadmodum
1173 746 1273 799 carnis
1289 746 1444 800 inilrmitas
1458 746 1488 800 iu
1504 748 1572 816 ipso
1585 763 1696 805 serun-

860 833 929 888 dum
945 831 1430 903 ail'ecturnnninroenoluitpienum
1447 850 1540 903 suam,
1558 835 1603 890 sic
1615 851 1696 891 men·

64 944 89 981 rx
113 926 331 995 compassionis
353 926 460 980 modus
485 930 539 982 est.
556 926 708 996 Siquidem
724 940 803 980 com·
860 923 898 976 tis
914 923 1008 992 pietas
1025 922 1188 976 secundum
1208 921 1343 976 allecium
1368 923 1582 978 misericordiis
1603 925 1696 980 noluit

64 1031 141 1069 inum
157 1015 213 1068 alin
229 1019 275 1069 est
289 1030 326 1069 ex
342 1015 426 1081 viiio,
438 1015 493 1068 alia
505 1030 542 1067 ex
553 1019 671 1083 natura,
696 1014 752 1068 alia
766 1031 804 1069 ex
860 1011 1009 1065 miseriam
1019 1010 1342 1065 alienam..Sieutrnim
1353 1011 1475 1065 calicem
1487 1013 1638 1081 passionis
1649 1030 1697 1069 se·

64 1120 88 1160 e.
105 1102 280 1174 Compassio
296 1120 333 1158 ex
356 1104 428 1157 viiio
454 1107 516 1170 est,
543 1104 660 1174 qnando
681 1102 805 1158 effectus
861 1098 1693 1171 ounrlumcarnisvoluntatemaisetranslerripostulabat,

64 1210 70 1246 i
92 1191 320 1263 reprehensibili
344 1193 446 1247 doloro
461 1195 608 1264 tangitur,
633 1192 684 1246 uhi
704 1192 805 1247 illicito
860 1204 947 1260 quem
964 1203 1022 1244 non
1039 1187 1277 1242 transferendum
1294 1203 1363 1241 csse
1374 1189 1565 1258 presciebat,
1579 1191 1697 1246 sicsen·

67 1296 168 1336 amore
184 1278 349 1335 tenebatur.
366 1280 543 1351 Compassio
558 1296 596 1335 ex
620 1285 723 1335 natura
743 1285 803 1350 esi,
861 1278 950 1332 tentia
968 1276 1223 1331 condenmaiionis
1239 1277 1403 1330 seeundum
1414 1277 1550 1346 pietatem
1565 1279 1631 1333 aliis
1644 1280 1696 1333 mi·

64 1370 91 1424 lo
107 1384 145 1424 ex
159 1370 249 1423 insito
266 1370 323 1423 sibi
339 1370 456 1440 pietatis
471 1368 592 1438 allecia,
605 1370 720 1424 animus
732 1369 804 1424 alie·
860 1366 947 1438 ligari
972 1365 1130 1433 exorabat,
1155 1380 1242 1436 quam
1267 1364 1478 1419 inrnurlnbilcm
1503 1368 1693 1436 praevidebat.

64 1457 178 1513 romnis
199 1457 353 1526 condolet,
377 1458 493 1529 quoties
509 1462 610 1512 contra
626 1459 742 1528 pietatis
757 1458 804 1513 vel
861 1453 959 1508 Pietas
975 1453 1140 1524 enirnqnod
1152 1469 1240 1507 suum
1252 1456 1314 1506 erat
1325 1453 1502 1522 operabatur
1513 1455 1692 1525 miserando,

63 1546 162 1602 nitriis
172 1561 400 1601 mensurameos
410 1547 533 1617 opprimi
543 1547 803 1620 siveailligividei.
861 1545 889 1597 ei
908 1543 982 1598 ratio
998 1542 1076 1614 quod
1095 1545 1254 1596 enumerat
1266 1543 1701 1615 sequebaturdivinaedisposi-

64 1635 144 1691 assio
159 1651 197 1690 ex
221 1635 328 1690 virtute
344 1639 404 1704 est,
428 1636 546 1707 quando
568 1639 689 1706 propter
711 1635 803 1691 Deum
861 1632 932 1686 iloni
949 1629 1125 1687 obediendo.
1143 1631 1300 1700 Propterea
1313 1631 1612 1688 nilrilcontmrielatis
1633 1639 1697 1689 erat

64 1724 237 1779 edoloribus
249 1724 451 1795 compatimur,
464 1740 531 1779 eum
542 1724 708 1778 seiliceivel
718 1723 803 1795 justi·
822 1759 847 1820 Β
862 1721 888 1775 si
903 1720 1041 1775 Christus
1054 1720 1141 1775 honae
1157 1718 1320 1773 secundnm
1329 1718 1465 1775 allectum
1477 1723 1593 1792 pietatis
1608 1739 1697 1795 quam

64 1812 161 1881 eremi,
176 1811 223 1867 vel
239 1811 539 1885 innoceniinmaihigi
555 1812 700 1868 videmus.
714 1815 802 1867 itom—
862 1809 892 1861 in
916 1808 1093 1864 humanitate
1116 1824 1170 1863 sua
1195 1810 1399 1878 assumpserat
1426 1808 1537 1881 aliquid
1562 1811 1696 1884 volebat,

64 1916 124 1956 rex
139 1901 210 1956 vitio
225 1905 271 1955 est
282 1901 454 1971 culpabilis3
471 1901 640 1972 compassio
651 1918 688 1955 ex
700 1906 803 1956 natura
863 1898 941 1968 qnod
961 1900 1059 1953 tamen
1074 1897 1237 1952 seeundum
1253 1897 1430 1952 voluntatem
1446 1898 1576 1954 divinam
1589 1901 1620 1955 in
1635 1917 1694 1972 quo

64 1989 321 2061 reprehensibilis3
334 1990 503 2060 compassio
511 2006 548 2045 ex
560 1992 665 2045 virtute
677 1990 805 2045 laudabi-
864 2002 930 2041 oum
941 1989 1022 2056 patre
1032 1987 1129 2042 omnia
1138 1984 1461 2055 disponebat,lutnrnrn
1478 2004 1534 2042 non
1546 2004 1615 2043 esse
1624 2005 1697 2059 prae·

64 2078 134 2134 rima
149 2078 390 2148 reprehenditur,
407 2081 491 2133 tertia
508 2079 657 2147 laudatur,
672 2079 804 2133 secunda
867 2075 990 2145 sciebat,
1003 2077 1070 2147 ‘1¹15ss
1082 2075 1137 2130 ¹100
1148 2077 1184 2130 ⁸¹11
1196 2093 1296 2133 tetam
1308 2071 1517 2131 hufflflsslltsteffl
1531 2093 1583 2147 1³2¹*
1585 2078 1695 2133 “flebili

64 2189 68 2222 ι
87 2182 143 2223 nec
158 2166 273 2237 culpam
288 2166 392 2236 hahet,
410 2168 478 2238 quin
493 2183 530 2221 ex
552 2169 655 2222 natura
672 2172 734 2239 est,
749 2182 804 2223 nec
866 2166 896 2218 ut
912 2164 1017 2235 pieiete
1042 2168 1210 2221 moveretur
1224 2170 1252 2222 et
1267 2170 1323 2223 hoe
1343 2169 1378 2222 ad
1398 2182 1499 2221 veram
1514 2167 1696 2222 divinitatem

64 2254 143 2326 ium,
159 2255 228 2327 quin
243 2271 280 2310 cx
293 2256 385 2310 vitute
396 2272 454 2311 non
470 2258 526 2310 est.
544 2257 576 2310 ln
593 2256 647 2311 hac
660 2272 732 2328 ergo
746 2258 804 2311 vita
864 2252 1042 2325 pertinebat,
1059 2257 1121 2309 uta
1146 2271 1199 2310 sna
1215 2257 1410 2328 dispositione
1434 2272 1494 2311 non
1515 2259 1693 2311 moveretur.

64 2344 101 2400 liu
116 2360 185 2399 caro
201 2344 410 2399 mortalislaedi
420 2347 519 2415 potest
535 2346 691 2415 passione,
704 2345 803 2400 tandin
865 2342 966 2413 ltaque
976 2344 1140 2397 secuudum
1151 2345 1466 2418 utrumqueleciiquod
1473 2343 1583 2399 debuit.
1593 2343 1696 2416 Neque

74 2433 192 2488 animus
209 2433 361 2488 mutabilis
375 2434 458 2505 tangi
472 2436 570 2504 potest
586 2435 803 2504 compassione.
863 2433 928 2488 ideo
945 2432 1004 2488 sibi
1020 2435 1185 2490 contrarius
1203 2435 1265 2506 luit,
1282 2436 1480 2492 sisenandum
1497 2435 1632 2507 pietatem
1644 2434 1698 2489 hu-

64 2525 151 2577 iuiem
173 2526 330 2593 uirumque
357 2523 504 2577 veraciter
529 2524 713 2594 impassibile
735 2524 803 2592 erit,
865 2521 1697 2598 maultaticongrnnmvoluil,qaodsecunilumjnsiiiiem

64 2610 192 2685 prolecto
202 2626 298 2682 neque
310 2611 412 2682 passio
422 2612 518 2682 omni,
531 2628 626 2684 neque
637 2612 806 2683 compassio
864 2610 1013 2666 Diviniiati
1028 2611 1157 2667 debitum
1174 2613 1275 2683 nolrrit,
1293 2614 1361 2685 qnia
1377 2617 1404 2669 et
1420 2614 1477 2669 hoc
1493 2611 1568 2666 velle
1585 2615 1613 2666 ct
1624 2610 1697 2667 illud

76 2700 137 2757 ulla
150 2701 251 2755 inesse
267 2701 385 2771 poterit.
409 2701 494 2755 Nunc
520 2714 593 2773 ergo
616 2701 807 2757 mutabilitate
863 2699 957 2772 nolle,
972 2704 1128 2773 uirumque
1144 2702 1245 2758 voluit.
1264 2703 1410 2775 Scriptum
1426 2706 1471 2757 ost
1486 2701 1564 2757 enim
1581 2714 1587 2755 :
1610 2700 1700 2756 aras

63 802 126 857 Tar.
143 802 290 857 CLXXX.
309 801 352 857 De
369 801 483 873 triplici
498 801 709 872 compassione.

64 2804 119 2846 ene
131 2793 287 2862 utramque
296 2790 398 2859 utitur,
411 2791 437 2844 si
447 2792 476 2845 et
486 2805 555 2846 caro
571 2791 747 2863 inpassione
757 2804 807 2862 pa·
864 2795 960 2844 autern
979 2789 1135 2844 intremuit
1159 2792 1277 2862 spir-Du,
1295 2799 1324 2847 et
1349 2792 1483 2846 turbarit
1508 2790 1699 2862 semetipsum

64 2894 106 2935 am
130 2895 189 2934 non
212 2879 323 2934 deserit
348 2882 376 2933 et
406 2880 522 2934 animus
545 2880 575 2934 in
599 2880 806 2951 compassione
864 2878 959 2951 idean.
972 2870 1083 2946 xiphio
1094 2880 1244 2935 intendite.
1262 2880 1404 2936 'l'nrbarit
1413 2877 1699 2951 serrastipsarn.Qno·

64 2970 273 3024 inmensuram
284 2984 343 3023 non
354 2969 545 3024 transcendit.
553 2969 584 3025 Si
593 2970 807 3042 igiturtempns
866 2967 1178 3032 modoini-lrariilouae
1187 2969 1301 3023 luitista
1309 2969 1434 3024 turbatio
1442 2974 1698 3046 quasemetipsuua

64 3058 193 3113 essionis
208 3059 329 3128 quaeris,
343 3058 472 3129 quandiu
484 3059 720 3129 patipossumus,
733 3074 809 3113 eom·
866 3057 996 3111 turbavit
1006 3057 1116 3111 iesus?
1130 3058 1225 3112 l'ietas
1236 3058 1311 3128 ipsa,
1324 3059 1474 3114 miseratio
1497 3061 1562 3130 ipsa
1574 3062 1628 3118 tait
1639 3066 1700 3118 tur·

64 3146 203 3202 :abemus
220 3147 250 3202 Si
266 3147 363 3202 locum
378 3151 500 3218 quaeris,
518 3147 577 3202 illic
589 3148 807 3217 compassionis
828 3142 854 3202 C
869 3144 957 3200 batia.
971 3145 1051 3199 Bona
1072 3145 1209 3201 turbatio.
1222 3146 1302 3201 Bene
1312 3146 1504 3220 turbatur-qui
1516 3151 1623 3220 pietate
1635 3168 1700 3208 mo-

64 3235 181 3293 icordia
195 3236 362 3291 exhibenda
373 3240 419 3307 est
430 3236 585 3291 ubindhac
595 3236 746 3307 passionis
756 3237 809 3290 mi·
868 3233 1001 3289 vehatur.
1031 3232 1173 3288 Turbavr't
1188 3235 1389 3307 semetipsum.
1407 3237 1557 3294 bliseretio
1571 3241 1701 3296 turbarit

69 3324 254 3396 desperanda
272 3342 330 3380 non
341 3330 396 3380 est.
409 3326 510 3393 David,
523 3329 685 3397 aegrotante
696 3326 764 3391 illio,
774 3326 811 3380 la·
867 3338 945 3393 eum,
957 3323 1060 3394 etipse
1071 3322 1409 3394 semetipsumturbavit,
1422 3327 1471 3398 qui
1481 3327 1702 3385 misemtienem

64 3428 94 3469 aa
109 3413 198 3481 iudii3
215 3418 340 3483 morino,
357 3413 464 3468 taciem
480 3414 603 3482 laviitll
618 3415 690 3486 ltep.
708 3417 813 3485 xn),ut
867 3414 972 3482 sponte
987 3413 1130 3482 suscepit.
1148 3410 1230 3467 Sicut
1243 3413 1363 3468 tradidit
1378 3416 1701 3490 semetipsumquando

64 3501 147 3557 deret
168 3503 235 3573 quia
251 3503 353 3556 tandiu
372 3503 590 3573 compassionis
607 3504 812 3559 misericordia
868 3500 961 3556 ludas
987 3500 1106 3557 tradidit
1133 3500 1245 3572 ipsum,
1276 3502 1322 3557 sic
1345 3504 1474 3560 turbavit
1502 3507 1698 3580 semetipsum

64 3590 124 3647 ada
139 3595 185 3645 est
201 3591 329 3662 quandiu
339 3592 617 3662 passionismiseria
628 3591 812 3662 desperanda
868 3590 986 3661 quando
1012 3590 1161 3646 miseratio
1176 3592 1305 3646 turbavit
1319 3608 1397 3648 eum.
1415 3593 1524 3651 Notum
1539 3601 1586 3652 est
1601 3597 1657 3653 hoc
1673 3601 1703 3654 et

64 3681 108 3735 aa.
125 3678 178 3734 Est
192 3683 290 3734 tamen
311 3680 430 3751 quidam
445 3680 665 3750 compassionis
689 3679 813 3736 allectus
869 3679 1016 3751 frequenti
1043 3695 1100 3734 usu
1125 3679 1294 3751 probatum,
1322 3681 1429 3738 dicitur
1452 3683 1563 3739 homiui
1584 3687 1702 3758 quando

64 3770 178 3823 alaram
193 3768 280 3822 etiam
297 3769 440 3838 perditam
456 3769 645 3824 miseratione
661 3770 814 3840 prosequi·
869 3768 981 3840 aliquid
995 3767 1104 3838 patitur
1119 3784 1125 3824 :
1141 3764 1186 3823 'l'u
1202 3769 1388 3840 temetipsum
1404 3772 1545 3843 turbasti3
1561 3777 1592 3828 tu
1602 3775 1654 3829 tibi
1666 3773 1705 3830 ie·

64 3857 227 3912 mundum
243 3873 331 3928 quern
343 3857 371 3911 in
387 3858 481 3912 nostri
492 3858 613 3930 generis
624 3858 816 3914 similitudine
869 3858 937 3913 cisti
951 3857 1060 3912 malum
1075 3857 1142 3912 hoe.
1167 3857 1217 3912 Sic
1240 3859 1370 3914 turbavit
1385 3860 1476 3917 iesus
1491 3864 1701 3934 semetipsum,

74 3946 170 4016 cnlpae
185 3960 243 4000 non
261 3947 447 4019 corrigendae
461 3948 636 4018 irascimur,
653 3950 693 4002 ita
703 3950 815 4003 naturae
869 3946 986 4017 quando
997 3946 1148 4001 misemtio
1158 3946 1287 4001 turbarit
1298 3963 1375 4018 eum,
1386 3965 1474 4020 quam
1482 3954 1589 4022 sponte
1603 3967 1706 4007 susce·

64 4035 469 4106 astinguendoemiseremur.
480 4036 817 4092 Nuneautemvitamor-
869 4038 961 4106 perat.
977 4035 1014 4091 ht
1029 4035 1222 4106 semetipsum
1236 4037 1356 4091 tradidit
1371 4040 1488 4109 quando
1512 4039 1561 4095 ille
1586 4040 1706 4096 tradidit
1776 4106 1780 4113 Ι

64 4123 281 4178 simutabilitaii
293 4124 426 4192 subdita,
448 4139 526 4179 nunc
538 4125 654 4179 interim
666 4140 720 4196 pro
734 4128 816 4196 parte
870 4123 917 4178 cai
932 4125 968 4180 ad
983 4124 1158 4180 tradendum
1173 4127 1348 4196 potestatem
1368 4132 1568 4184 concesserat.
1585 4129 1634 4185 Sic
1648 4130 1705 4186 ita·

64 4211 110 4266 rio
130 4213 268 4282 sustinet,
294 4212 347 4267 sed
378 4217 484 4282 postea
506 4213 542 4267 ad
564 4214 817 4286 incorruptionem
870 4228 927 4285 qne
943 4213 1033 4269 tosus
1053 4215 1082 4268 in
1108 4213 1286 4270 humanitate
1301 4219 1467 4287 assumpta,
1485 4218 1615 4289 quandiu
1636 4235 1702 4275 eam

64 4298 122 4355 lata
132 4300 269 4371 deponet.
283 4302 369 4356 Nune
382 4302 497 4357 interim
506 4301 667 4374 inutraque
679 4306 814 4375 aegrotat,
870 4301 1044 4372 passibilem
1058 4306 1177 4371 portare
1193 4303 1301 4374 voluit,
1318 4305 1482 4361 secundum
1495 4308 1705 4379 proprietatem

64 4389 167 4445 asinae
179 4390 321 4469 ridolicet
339 4392 368 4445 in
387 4406 487 4461 corne,
508 4394 537 4445 et
551 4392 815 4462 compasssionein
830 4381 857 4443 D
872 4390 1077 4460 humanitatis,
1093 4395 1121 4445 et
1135 4392 1308 4463 passionem
1324 4372 1353 4447 in
1369 4409 1473 4463 carne,
1489 4398 1707 4468 etrompassio·

64 4496 88 4535 e.
104 4477 186 4533 Tune
199 4480 227 4534 in
239 4484 363 4552 utroque
375 4480 538 4550 sanabitur,
552 4483 619 4535 utet
632 4497 685 4552 per
697 4481 816 4535 immor·
872 4494 940 4534 nem
955 4480 985 4534 in
1015 4483 1111 4536 menie
1139 4483 1273 4553 portavit.
1305 4481 1337 4536 ln
1362 4498 1418 4553 qua
1439 4485 1536 4539 tamen
1560 4486 1704 4542 modoad

64 4576 121 4629 iem
132 4571 231 4626 carnis
242 4569 523 4641 contrapassiouem
534 4570 644 4640 carnis,
656 4570 816 4639 perimmn·
873 4569 1135 4624 immutabilitatem
1152 4571 1327 4639 translatus,
1337 4587 1392 4627 nee
1407 4573 1466 4643 pati
1477 4577 1575 4643 potest
1588 4574 1624 4629 od
1636 4586 1705 4630 cor-

64 4664 153 4718 talem
161 4659 818 4730 mentiscontraconrpassionemmentiseon·
872 4659 1053 4730 ruptionem,
1071 4673 1125 4713 ncc
1149 4659 1275 4730 compati
1299 4660 1335 4713 nd
1357 4662 1569 4733 turbationem,
1587 4664 1706 4734 quando

64 4754 123 4806 tur.
142 4750 225 4804 Sicut
243 4749 322 4803 enim
343 4749 488 4819 aegritudo
509 4749 608 4802 carnis
629 4751 676 4802 est
695 4747 764 4818 peti,
777 4748 816 4802 ita
873 4746 1705 4822 Christumsecandumhominemnovimus,etpatientem

64 4838 126 4895 ardo
137 4837 245 4894 mentis
256 4841 303 4892 est
313 4837 449 4907 compati.
464 4838 622 4907 Propterea
636 4837 716 4891 Deus
728 4836 816 4892 homo
874 4838 902 4889 et
913 4834 1135 4907 compatientem
1148 4834 1294 4906 novimus,
1309 4834 1499 4909 Defecerant,
1512 4841 1617 4912 inquii,
1629 4843 1707 4898 sieut

64 4930 211 5000 utrumque
231 4926 339 4996 ,tollere
364 4926 455 4995 venit,
487 4929 644 4996 uirumque
669 4925 815 4982 toleravit.
875 4923 1129 4993 turnnsdr'esnrer',
1142 4927 1709 4989 etossameasicuterernirnnnruernnt

64 5016 119 5088 epit
131 5016 303 5086 passionem
324 5016 354 5068 in
368 5030 467 5084 carne,
488 5015 622 5084 suscepit
638 5016 819 5085 compassio·
874 5012 968 5083 (Psal.
979 5012 1028 5084 cr).
1040 5011 1109 5066 Dies
1124 5012 1296 5067 deiecerunt
1308 5017 1427 5089 propter
1441 5019 1623 5092 passionem,
1636 5036 1708 5079 ossa

64 5104 817 5175 amente.lnutroqueaegrotarevoluiipropiernos,
875 5103 1707 5180 arueruntproptercompassioneml’ropterpassionem

88 5197 213 5266 unoque
242 5208 297 5250 nos
319 5195 498 5264 aegrotantes
522 5198 651 5249 sanaret.
680 5193 818 5249 lnllrma-
874 5192 990 5246 rnouua
1017 5193 1064 5245 est
1079 5206 1165 5261 earo,
1181 5197 1301 5264 propter
1321 5197 1560 5267 compassionem
1578 5200 1706 5257 arelacta

64 5285 94 5339 at
104 5283 246 5354 passione
267 5281 297 5336 in
315 5297 399 5351 paena
409 5297 479 5351 sua3
500 5281 665 5337 infirmatus
682 5285 729 5336 esi
743 5298 820 5337 com·
875 5281 921 5335 ost
934 5279 1041 5334 aalma.
1058 5279 1148 5336 Dolor
1162 5282 1381 5352 compassionis
1392 5286 1477 5357 quasi
1493 5286 1605 5343 hixura
1621 5300 1705 5360 qnae-

64 5387 121 5428 cne
130 5371 160 5426 in
169 5370 290 5426 miseria
300 5371 405 5425 aliena.
415 5370 456 5426 Do
468 5372 741 5442 nsquepassionem
750 5387 818 5427 sus·
875 5371 942 5427 dam
956 5371 1062 5427 animae
1078 5369 1142 5443 luit,
1154 5373 1361 5444 quaerebatur
1374 5376 1574 5448 miseratione,
1590 5388 1705 5448 prame·

64 5501 75 5531 ,
85 5462 116 5515 ut
128 5475 181 5532 pro
202 5460 354 5515 morituris
366 5463 539 5514 moreretur.
552 5459 594 5516 En
617 5475 712 5531 nsque
735 5475 818 5515 com·
875 5461 1591 5537 baiureompassione,siccabaturdesperationet
1604 5465 1708 5539 despe-

64 5560 151 5607 oaem
166 5547 316 5621 suscepit,
330 5551 363 5604 ut
377 5562 430 5619 pro
441 5547 581 5620 perituris
592 5548 817 5620 lacrymaretur.
874 5552 988 5611 ratione
1003 5550 1082 5624 dieo,
1097 5565 1157 5608 noe
1170 5555 1292 5625 propter
1305 5568 1350 5624 se,
1372 5553 1426 5611 sed
1440 5557 1561 5626 propter
1573 5553 1642 5613 illos
1656 5554 1709 5630 qui

64 5643 105 5698 ier
116 5637 269 5699 mamre
282 5652 494 5697 carrensium
504 5637 622 5697 tradidit
641 5637 678 5697 ad
697 5638 818 5717 passio·
874 5656 931 5703 noo
944 5640 977 5702 ia
997 5640 1075 5701 mdia
1097 5639 1279 5721 mainardi,
1294 5655 1391 5723 omas
1405 5656 1423 5699 a
1438 5641 1514 5703 mato
1533 5643 1713 5707 emuss-
