3796 6022
116 273 177 342 635
1780 278 1840 347 ggg

464 277 685 385 Appadana
704 285 762 348 An
785 282 977 349 HUGONIS
999 280 1144 345 OPERA
1165 279 1429 348 ooounvtcn.

118 484 330 558 coelestemque
346 485 518 558 doctrinam,
541 504 666 559 quorum
691 489 776 558 primi
795 492 864 543 sunt
880 487 953 542 Mat·
967 470 996 530 Α
1011 491 1056 542 ιεε
1068 486 1180 542 dividit.
1194 488 1371 559 Duaepartes
1383 485 1525 544 ludoicus
1537 483 1836 560 etgentllispopulus,

121 575 220 630 tbaeus
236 580 264 630 et
284 577 412 644 Marcus,
438 576 534 631 leucas
551 581 579 632 et
597 578 747 644 loannem
772 578 822 648 qui
843 576 952 648 singuli
1011 573 1167 648 dequibus
1183 574 1361 648 Apostolus:
1377 574 1481 632 Gratia
1498 583 1527 632 et
1538 592 1599 648 par
1613 571 1692 631 οιιιιιιΙ
1706 571 1839 647 operanti
1880 588 1883 593 ’

123 663 252 736 singulis
267 664 346 718 tubis
362 664 542 719 cecinerunt.
556 665 660 720 Petrus
676 665 799 720 duarum
812 661 955 735 Epistola·
1012 665 1133 730 bonum·
1149 666 1249 721 dudeco
1257 667 1384 737 primunr
1397 671 1426 721 et
1436 665 1539 721 Gracco
1553 664 1647 735 (Rern.
1657 664 1700 727 ιι).
1716 662 1837 718 ludaeus

123 767 188 806 rum
203 752 294 816 tubis,
311 752 442 806 lacobus
458 754 590 808 ellados
605 755 704 823 uulua,
714 755 845 810 loannes
855 754 954 822 trium,
1012 755 1097 825 quasi
1112 755 1242 809 anterior
1256 755 1373 809 videtur
1388 753 1576 826 lugere,cum
1592 752 1704 824 elegati
1714 753 1838 807 onereal

78 876 80 880 .
124 842 153 893 et
167 838 351 894 novissimus
363 837 411 895 illc
427 841 478 912 qui
493 843 583 898 dixit:
610 843 686 897 Puto
706 844 781 916 quod
805 859 858 898 nos
877 842 957 896 Deus
1012 841 1132 898 Sebbnti
1141 844 1251 898 recedit
1263 843 1459 898 observantia.
1474 843 1583 896 Verum
1592 841 1622 895 in
1631 841 1736 896 hostes
1748 853 1840 894 rever·

124 927 274 998 apostolos
289 930 470 986 novissimos
480 933 611 988 ostendit
625 932 652 1001 (Ι
662 933 729 988 Cor.
742 935 791 1003 iv).
819 936 847 987 et
861 932 910 1003 qui
928 931 957 984 in
1012 934 1083 986 titur
1098 949 1164 987 cum
1180 949 1233 1002 per
1247 932 1465 986 observantiam
1478 923 1631 1003 Evangelii
1641 929 1672 984 in
1682 926 1839 999 sequentes

125 1016 347 1086 quatuordecim
358 1017 556 1088 Epistolarum
573 1022 653 1075 tubis
665 1037 765 1075 muros
782 1019 958 1076 ierichonli·

124 1118 180 1157 nos
196 1103 373 1175 fulminavit,
394 1107 567 1163 idololatriae
595 1109 748 1164 machinas
777 1109 958 1164 elvitiorum

124 1207 225 1247 muros
242 1193 374 1264 diruens,
393 1196 430 1249 ita
446 1199 477 1251 ut
492 1194 561 1252 tuba
576 1198 703 1270 populus
719 1199 880 1253 universus
895 1198 958 1266 (se-

126 1281 254 1335 cundum
266 1282 352 1336 aliam
367 1285 600 1358 translationem)
615 1287 840 1358 ulularetjubilo
852 1302 959 1358 magno

124 1366 156 1422 in
168 1368 401 1425 destructionem
413 1373 550 1444 civitatis,
563 1392 628 1430 cum
638 1375 698 1447 jam
709 1377 869 1430 universus
881 1391 961 1429 mun·

127 1454 958 1535 duspraedicationiassentiat,idololatriumrelinquendo,

127 1545 241 1599 Beatus
255 1547 332 1600 enim
344 1550 468 1620 populus
496 1553 545 1622 qui
572 1553 630 1606 scit
639 1553 848 1623 jubilationem
863 1551 958 1620 (Psal.

127 1637 282 1706 cxxxviii).
312 1636 383 1701 Quae
408 1640 586 1710 estquidam
602 1641 769 1695 concordiae
784 1644 812 1695 et
841 1640 959 1694 unitatis

126 1720 267 1791 allectus,
284 1726 334 1795 qui
351 1743 417 1780 cum
433 1727 534 1782 incidit
550 1729 578 1783 in
595 1730 670 1784 duos
685 1727 815 1797 veltres,
825 1741 961 1799 quaecun-

1014 1015 1152 1094 lnsurgil.
1172 1013 1341 1093 l‘opuloquc
1355 1019 1523 1092 posteriori,
1535 1019 1563 1075 id
1578 1022 1624 1073 est
1638 1013 1742 1090 gentili
1757 1015 1839 1089 qnasi

1015 1113 1127 1182 atergo
1141 1110 1338 1181 persequente
1354 1110 1550 1182 malignorum
1561 1107 1712 1162 exercitus
1724 1105 1842 1160 contori-
1889 1130 1892 1185 3

1015 1201 1072 1268 tur,
1084 1203 1112 1253 ει
1127 1215 1180 1253 rex
1195 1215 1296 1253 eorum
1311 1199 1439 1253 Zabulus
1455 1196 1573 1269 gemino
1588 1195 1669 1268 ligno
1685 1193 1842 1264 suspendi-

1015 1290 1092 1341 tura
1108 1287 1191 1357 lesu,
1207 1303 1274 1342 cum
1298 1288 1327 1340 in
1344 1288 1425 1358 ligno
1440 1286 1549 1354 crucis,
1566 1300 1632 1355 quaa
1647 1283 1767 1355 gemina
1783 1281 1840 1349 luit,

1014 1374 1099 1447 juxta
1124 1378 1309 1446 Apostolum,
1335 1376 1371 1430 de
1401 1376 1518 1430 diabolo
1538 1372 1739 1447 triumphavit,
1768 1369 1844 1424 illum

1016 1467 1098 1520 cruci
1112 1465 1249 1537 alligans.
1266 1465 1345 1520 Crux
1361 1465 1507 1536 siquidem
1515 1460 1718 1532 Christiligno
1729 1458 1841 1530 gemina

1016 1555 1089 1621 luit3
1115 1558 1143 1609 et
1166 1555 1278 1609 ratione
1301 1557 1416 1609 constat
1440 1551 1559 1622 duplici.
1589 1549 1663 1614 Quia
1686 1546 1841 1601 visibiliter

1016 1642 1108 1698 Filius
1124 1643 1177 1698 Dei
1192 1643 1353 1698 crucifixus
1364 1645 1419 1708 est,
1432 1639 1622 1696 invisibiliter
1631 1638 1661 1691 in
1671 1651 1705 1690 ea
1716 1634 1840 1689 Zabulus

1015 1729 1134 1787 alllxus.
1143 1730 1249 1800 Prima,
1261 1745 1328 1802 quo,
1338 1729 1422 1801 juxta
1437 1729 1512 1784 Petri
1522 1742 1625 1781 vocem
1634 1723 1777 1780 Cltristus
1785 1739 1842 1777 cra

129 1828 188 1882 que
203 1813 339 1882 petierint
353 1819 474 1885 praestat
490 1816 548 1870 illis
565 1820 651 1872 Pater
675 1818 816 1872 cmlestis
843 1817 872 1871 Si
889 1832 960 1871 vero
974 1826 1000 1888 Β
1016 1820 1123 1875 cidaras
1137 1826 1192 1890 est,
1211 1819 1295 1874 trabis
1306 1818 1478 1889 relinquens
1490 1814 1652 1886 exemplum
1662 1813 1690 1882 (1
1697 1812 1785 1867 Patr.
1803 1813 1839 1878 ιι);

45 1974 51 1985 ¹
128 1902 206 1953 tanta
222 1901 311 1955 luerit
325 1900 485 1974 beatitudo,
507 1909 538 1960 ut
562 1907 649 1960 etiam
677 1907 805 1977 populns
834 1920 960 1959 concors

127 1990 280 2043 mancatin
290 1991 393 2046 eodem
401 2008 493 2048 sensu
505 1997 532 2049 et
541 1995 696 2063 sententia,
705 1994 812 2066 jubilet
822 1994 959 2064 populus,

128 2078 156 2129 et
171 2092 296 2145 prorsus
312 2084 375 2134 ruet
389 2082 493 2136 civitas
510 2083 620 2138 mundi.
636 2083 694 2138 Sed
711 2086 740 2138 et
754 2082 960 2153 unusquisque

129 2163 217 2219 debet
231 2166 288 2221 hoe
303 2167 332 2221 in
342 2169 442 2240 seipso
456 2170 613 2242 complere.
627 2172 727 2225 Habes
740 2172 769 2225 in
777 2176 864 2241 teper
874 2170 961 2224 fidem

132 2251 235 2307 lesum
252 2255 367 2326 ducam,
397 2259 540 2314 sacerdos
556 2263 611 2327 est,
623 2277 689 2314 nam
701 2275 797 2330 genus
807 2258 960 2330 regulasa-

129 2341 291 2397 cordolium
306 2349 450 2401 sanctum.
465 2347 521 2402 Fac
537 2349 590 2403 tibi
605 2348 825 2402 ductilestubas
835 2347 870 2401 de
882 2346 960 2400 Scri-

127 2430 308 2500 pturis(indo
324 2434 400 2488 enirn
411 2435 535 2490 ductiles
551 2435 739 2499 vocanturlet
749 2451 820 2488 canc
832 2435 861 2487 in
873 2434 958 2503 ipsis,

126 2514 157 2569 id
173 2521 219 2571 ast
234 2519 263 2572 in
279 2521 400 2589 psalmis
418 2524 545 2594 hymniS,
563 2529 590 2579 el
606 2522 959 2593 conticisspiritualibus;

127 2608 156 2659 et
171 2606 197 2659 si
212 2623 256 2661 stc
273 2610 419 2664 cecineris
437 2613 527 2681 tubis,
545 2616 573 2665 et
588 2612 700 2681 septies
718 2626 816 2664 arcam
832 2611 960 2663 circum-

127 2692 242 2763 tuleriS,
260 2697 288 2750 id
306 2701 351 2751 est
367 2700 391 2752 si
405 2700 481 2771 legis
493 2701 615 2770 mystica
628 2702 774 2770 praecepta
786 2699 822 2752 ab
833 2714 962 2769 evange-

129 2781 196 2836 licis
206 2800 264 2838 ιιοιι
276 2789 463 2856 separaveris
477 2805 483 2856 3
500 2790 525 2842 si
536 2789 622 2843 ctiam
636 2788 821 2859 jubilationis
833 2802 961 2841 eonsen-

1016 1911 1147 1965 secunda
1162 1922 1310 1980 quncrux
1325 1906 1374 1961 illa
1398 1907 1434 1960 de
1449 1905 1566 1959 diabolo
1585 1900 1753 1972 trophaeum
1783 1899 1842 1953 luit.

1017 1999 1099 2053 Hanc
1115 1998 1261 2068 duplicem
1274 1996 1372 2050 crucis
1382 1995 1522 2049 rationem
1538 1989 1701 2061 Apostolus
1716 1987 1841 2043 ostendit

1015 2087 1138 2142 dicens:
1154 2087 1232 2141 Milli
1240 2085 1365 2139 citandus
1375 2081 1537 2138 crucifixus
1548 2085 1603 2149 cst,
1623 2084 1652 2133 et
1671 2093 1726 2149 ago
1741 2075 1843 2131 mundo

1017 2175 1126 2246 (Galat.
1139 2176 1189 2245 vr).
1203 2176 1266 2229 lluo
1281 2173 1339 2228 sibi
1355 2172 1500 2227 contraria
1516 2165 1745 2234 dicitcruciflxa,
1757 2179 1791 2219 se
1803 2162 1845 2234 ju·

1017 2268 1106 2335 stum,
1123 2268 1152 2319 et
1167 2263 1509 2331 mnndumpeccatorem.
1526 2257 1634 2312 blundo
1646 2252 1845 2309 autemcruci·

1019 2354 1146 2425 ligimur,
1160 2368 1225 2406 cum
1238 2351 1309 2405 uiuit
1324 2351 1353 2404 in
1365 2348 1452 2405 nobis
1466 2346 1592 2414 invenit,
1606 2342 1736 2399 mundus
1747 2340 1844 2407 nobis,

1019 2458 1085 2496 cum
1094 2444 1213 2511 paccata
1225 2456 1282 2494 non
1295 2439 1465 2509 recipimus.

1018 2530 1079 2583 Τιτ.
1090 2528 1139 2583 lV.
1152 2528 1291 2583 Deultari
1297 2525 1489 2598 exlapidilrus
1499 2518 1847 2578 constructoctlleutero·

1269 2598 1401 2653 nourioin
1418 2597 1463 2651 eis
1478 2595 1600 2664 scripto.

1056 2691 1126 2744 Post
1142 2688 1328 2744 eversionem
1344 2686 1409 2755 Hai,
1420 2685 1545 2739 aedillcat
1554 2681 1644 2735 lesus
1655 2675 1847 2748 altare,juxta

1020 2778 1090 2832 illud
1106 2777 1183 2849 quod
1201 2777 1270 2831 lecit
1287 2776 1406 2845 llop'ses
1424 2789 1461 2827 ax
1483 2770 1631 2841 lapidibus
1648 2766 1760 2835 (desae,
1776 2762 1846 2832 vin),

1021 2868 1136 2922 scilicet
1150 2866 1285 2938 integris,
1302 2865 1411 2935 quibus
1427 2863 1547 2916 nonest
1570 2857 1711 2928 injectum
1728 2853 1846 2917 terrum,

130 2886 198 2925 sum
213 2874 317 2945 exigas
333 2876 369 2929 da
384 2879 548 2946 temetipso,
566 2878 593 2930 id
610 2882 656 2932 est
671 2877 695 2931 si
714 2876 923 2948 cogitationum
936 2878 963 2928 et

1021 2957 1089 3028 quia
1103 2959 1171 3026 post
1181 2954 1409 3009 subversionem
1424 2950 1590 3004 daemonum
1601 2944 1779 3000 elvitiorum
1789 2939 1848 2995 eitt-

131 2976 275 3015 sensuum
285 2967 402 3019 tuorum
414 2966 541 3036 populns
550 2967 600 3037 qui
612 2967 686 3020 intra
695 2970 722 3020 te
732 2970 778 3020 est
786 2965 963 3020 concordem

131 3049 160 3103 in
175 3049 254 3129 bono
280 3053 410 3121 proterat
430 3070 552 3121 vocem,
570 3054 689 3109 iericho
708 3055 762 3108 tibi
790 3054 961 3122 destruitur,
1021 3047 1098 3100 citur
1111 3061 1148 3099 ex
1162 3043 1262 3097 multis
1277 3041 1413 3112 integrm,
1425 3038 1493 3111 quia
1509 3036 1574 3091 sine
1591 3033 1732 3088 vitiorum
1746 3043 1849 3084 corru-

130 3138 258 3193 mundus
270 3140 441 3210 destruitur,
471 3146 501 3197 ut
515 3143 589 3197 nihil
604 3144 639 3197 de
655 3144 691 3197 iis
706 3160 773 3215 quae
788 3142 965 3198 mundisunt
980 3123 1005 3186 C
1021 3136 1120 3206 ptione
1131 3136 1210 3202 sunt,
1222 3131 1331 3202 quibus
1343 3144 1402 3183 non
1413 3131 1458 3182 est
1469 3125 1609 3196 injectum
1619 3122 1743 3176 ferrum:
1757 3117 1848 3183 idest,

133 3227 327 3284 retineantur.
348 3232 509 3285 Anathcmn
534 3233 611 3286 enim
627 3249 696 3287 esse
711 3232 883 3303 perhibetur
897 3245 964 3284 cum
1022 3224 1072 3295 qui
1084 3222 1183 3295 jacula
1201 3219 1321 3291 maligni
1332 3217 1424 3289 ignita
1439 3210 1689 3283 concupiscentis
1700 3222 1760 3262 non
1774 3219 1850 3260 rece

131 3313 252 3371 dicitur:
284 3318 438 3374 Custoditc
456 3321 759 3375 vosaoaaattrcnmtc
789 3338 825 3374 nc
844 3318 965 3374 [aciatis
989 3352 992 3360 ·
1022 3314 1137 3383 pei-unt,
1154 3325 1243 3365 uniam
1259 3308 1358 3373 altare,
1391 3307 1510 3375 propter
1537 3298 1745 3363 unanimatem,
1763 3306 1850 3347 unum

134 3407 234 3456 castra
263 3405 390 3460 dliorum
421 3408 518 3462 Israel
533 3409 697 3464 anatliema.
726 3408 809 3474 Quod
833 3408 963 3462 loannes
1022 3403 1112 3456 altare
1123 3400 1191 3471 quia
1207 3400 1236 3452 in
1251 3414 1286 3452 eo
1296 3396 1380 3468 quasi
1396 3391 1561 3464 inquodam
1572 3387 1656 3441 altari
1665 3382 1789 3439 olle1tur
1798 3380 1850 3435 ho·

134 3486 276 3564 Epistolac
291 3511 355 3550 suae
362 3495 431 3550 tuba
441 3500 582 3567 personat
592 3498 694 3552 dicens
705 3513 711 3551 :
724 3496 826 3552 Nolite
835 3495 965 3567 diligere
1021 3491 1200 3556 locaustum,
1211 3488 1352 3559 quantum
1369 3483 1405 3536 od
1421 3497 1474 3536 cos
1490 3478 1584 3550 quise
1598 3470 1853 3540 totosmancipsnt

133 3584 269 3640 mundum
297 3600 351 3638 nec
380 3600 413 3639 ea
442 3602 507 3658 quie
530 3583 903 3653 inmundosunt(1Joan.
921 3584 962 3652 ιι).
1023 3556 1851 3647 divinisobsequiis‚etsacrificium,qnantnmadeosqui

136 3673 192 3739 Qui
208 3673 285 3729 enim
300 3689 334 3728 ea
349 3690 415 3745 quae
426 3675 527 3729 mundi
541 3677 609 3729 sunt
624 3673 653 3727 in
662 3673 826 3727 Ecclesiam
836 3675 963 3742 portant,
1022 3670 1091 3725 licet
1106 3667 1202 3722 aclhuc
1216 3665 1247 3718 in
1261 3660 1373 3717 saeculo
1393 3660 1512 3712 utantur
1527 3655 1629 3720 licitis,
1645 3655 1744 3705 tamea
1758 3646 1852 3702 absti-

133 3763 268 3834 polluunt
293 3766 389 3817 castra
418 3763 480 3832 Dei,
498 3767 525 3817 ει
545 3762 622 3816 vinci
639 3760 800 3816 iaciuntnb
824 3760 963 3828 inimicis,
1023 3760 1093 3813 nent
1107 3757 1144 3810 ab
1159 3752 1281 3808 illicitis.
1297 3746 1480 3819 Scripsitque
1510 3758 1602 3814 super
1620 3734 1851 3810 lapidesaltaris

132 3852 247 3908 dicente
260 3852 416 3922 Apostolo:
435 3853 581 3907 Modicum
596 3850 774 3906 fernientum
790 3852 801 3902 t
821 3852 878 3902 tam
893 3863 966 3902 mas·
1023 3841 1291 3909 Deuteronomium,
1308 3838 1337 3891 id
1351 3839 1396 3891 est
1410 3825 1730 3906 secundamlegem.Si
1746 3824 1794 3878 vis
1804 3822 1849 3876 vi-

134 3943 366 4012 samcorrumpit
375 3940 405 4011 (l
411 3941 479 3995 Cor.
489 3940 528 4011 v).
540 3941 700 3994 Videamus
710 3937 796 4009 quale
807 3937 846 3990 sit
856 3936 966 3990 turtum
1022 3935 1091 3990 dere
1103 3929 1250 4005 quomodo
1262 3925 1426 3997 primalege
1438 3921 1580 3976 infirmata
1592 3915 1758 3981 seeundum
1775 3909 1850 3966 scri·

136 4028 330 4083 anathematis
360 4030 470 4098 (desua,
500 4030 562 4098 vu).
593 4028 708 4100 Lingua
731 4025 822 4098 [vulg.
853 4023 966 4096 regula]
1022 4023 1186 4088 battesns,
1208 4015 1387 4085 audiipsum
1403 4011 1567 4066 dicentem:
1583 4005 1699 4060 Dictum
1716 4004 1763 4055 ost
1779 3999 1852 4053 anti·

138 4131 227 4170 aurea
242 4119 394 4186 poetarum
410 4116 562 4184 esttectio,
573 4131 639 4186 quae
655 4114 812 4169 modulatis
826 4112 966 4167 versibus
1024 4112 1109 4187 quis:
1124 4108 1191 4164 Non
1207 4103 1334 4160 occides.
1351 4101 1416 4172 Epo
1426 4103 1522 4153 autem
1538 4096 1604 4151 dico
1615 4091 1706 4157 vonis,
1720 4086 1852 4161 quonian

137 4208 165 4258 et
179 4203 356 4277 praefulgido
372 4217 510 4258 sermone
521 4204 594 4259 deos
601 4204 731 4274 deasque
739 4201 880 4257 contexit.
895 4200 966 4254 Lin-
1024 4188 1494 4269 omnisquilrasciturlratrisuo,
1511 4181 1657 4237 homicida
1665 4184 1721 4233 ast.
1738 4176 1853 4231 Dictum

136 4308 195 4363 gua
210 4308 299 4346 aureo
314 4308 402 4363 quam
417 4293 517 4363 posuit
530 4293 560 4347 in
580 4292 769 4346 tabernaculo
784 4307 840 4345 suo
855 4292 884 4344 et
900 4286 967 4361 [du·
1025 4294 1070 4343 est
1087 4283 1232 4355 antiquis:
1247 4279 1314 4333 Νοιι
1329 4262 1789 4341 rnmcllabrris.Epoautcm'dico
1805 4276 1852 4317 vo·

137 4383 241 4438 centos
255 4381 347 4435 siclos
372 4379 496 4452 argenti]
512 4383 580 4450 puta
603 4378 698 4452 [pura]
713 4379 865 4447 dextralia,
875 4375 967 4448 hujus
1024 4372 1161 4445 bis,quod
1167 4368 1261 4425 omnis
1268 4366 1317 4440 qui
1327 4364 1437 4420 viderit
1448 4361 1600 4415 mulierem
1608 4356 1645 4411 ad
1651 4352 1854 4424 ‹concupiscet›

135 4470 310 4541 eloquentiae
326 4470 510 4537 suavitatem,
528 4485 564 4523 ne
574 4469 744 4522 introducas
756 4467 785 4521 in
796 4466 969 4521 tabernacu·
1025 4464 1091 4518 dam
1107 4457 1239 4530 eainjam
1253 4453 1415 4508 moeclratus
1429 4450 1511 4505 estin
1519 4446 1608 4503 corde
1615 4459 1676 4499 suo.
1684 4441 1803 4496 Dictum
1810 4440 1853 4495 est

136 4559 198 4614 lum
206 4559 305 4614 cordis
312 4559 363 4614 tui.
376 4558 491 4631 Lingua
501 4558 578 4612 enim
590 4572 678 4611 aurea
689 4571 726 4610 no
738 4553 880 4609 elllciaris
891 4552 969 4607 sicut
1025 4548 1170 4620 antiquis:
1186 4544 1252 4599 Νοιι
1265 4538 1448 4613 perjurabis.
1465 4536 1531 4608 Epo
1545 4541 1641 4589 eutem
1669 4530 1747 4596 dico,
1763 4526 1852 4581 nolite

137 4647 319 4703 Basilideset
335 4646 517 4716 Valentinus,
531 4645 584 4707 sed
596 4647 767 4716 nequeputa
778 4637 969 4709 dextralia,id
1025 4633 1258 4705 ornainojurare
1269 4628 1388 4699 (Mattlr.
1419 4626 1459 4694 v).
1485 4623 1576 4677 Vides
1595 4617 1744 4692 quomodo
1763 4615 1852 4669 lesus

138 4740 184 4791 est
200 4736 263 4791 sola
279 4751 367 4808 opera
383 4734 492 4807 quibus
508 4734 580 4788 nibil
600 4734 743 4789 miscetur
756 4730 898 4797 divinum,
915 4725 969 4780 sed
1024 4725 1136 4781 scribat
1151 4717 1312 4776 seeundum
1326 4714 1423 4786 legem
1438 4713 1468 4765 in
1479 4709 1638 4780 lapidibus,
1650 4721 1710 4762 non
1731 4704 1762 4757 in
1778 4699 1852 4772 lapi·

138 4825 230 4878 totum
240 4824 403 4879 seeundum
411 4823 560 4878 bominem
569 4823 691 4895 geritur.
700 4820 897 4889 ltempropter
905 4831 971 4885 pec·
1023 4814 1099 4882 deis,
1111 4808 1165 4865 sad
1181 4805 1280 4862 cordis
1292 4801 1399 4857 tabulis
1410 4816 1418 4870 ς
1429 4815 1488 4854 non
1499 4797 1671 4864 atramento,
1683 4791 1739 4848 sed
1749 4788 1853 4861 spiritu

141 4913 237 4965 catum
251 4911 455 4981 anathematis,
472 4911 491 4964 ii
507 4911 558 4981 qui
573 4908 743 4965 babitabant
757 4906 812 4960 Hei
826 4903 969 4975 plurimos
1024 4901 1077 4957 Dei
1091 4898 1163 4952 vivi.

140 5014 179 5055 ex
193 4998 284 5054 Israel
299 5000 520 5054 interemerunt.
533 4999 590 5054 Sed
602 4995 835 5052 adversushunc
846 4990 970 5046 veniens
1147 4984 1209 5038 Trr.
1224 4982 1259 5035 V.
1276 4980 1321 5034 De
1337 4974 1498 5033 chananaei
1512 4971 1626 5044 tm'plici
1640 4975 1729 5024 statu.

139 5087 231 5142 lasus
242 5086 433 5142 Navedividit
443 5087 582 5158 populum
594 5084 823 5154 induaspartes3
838 5076 970 5149 sicqucd
1062 5074 1135 5140 Quis
1148 5070 1290 5127 ascendet
1305 5073 1374 5121 antc
1391 5080 1444 5119 nos
1459 5067 1562 5118 contra
1574 5060 1782 5121 Cdonnnaeum,
1799 5056 1853 5109 etc.

140 5175 243 5247 primis
254 5175 547 5248 fugientibusatpost
555 5174 586 5228 in
596 5171 700 5226 hostes
711 5169 824 5224 modios
833 5165 971 5222 resilien·
1025 5162 1133 5235 (dudio.
1155 5159 1188 5229 1.)
1207 5154 1362 5227 Tripartita
1381 5152 1529 5207 invenitur
1542 5145 1701 5203 Chananaei
1716 5142 1854 5198 narratio.

139 5264 221 5319 tibus
237 5280 290 5320 eos
306 5264 459 5320 hincinde
475 5261 592 5331 occidit,
614 5263 642 5314 et
664 5272 767 5330 regem
782 5254 837 5310 Hai
853 5253 971 5326 gemino
1025 5249 1164 5306 Primoin
1175 5242 1366 5316 Ephremsub
1376 5240 1494 5307 tributo,
1507 5230 1856 5290 donecveniensPharoo

139 5354 221 5426 ligno
237 5353 402 5424 suspendit.
419 5351 475 5405 Hoi
496 5349 704 5419 interpretatur
718 5344 815 5408 cbaos,
831 5341 912 5414 quod
926 5343 972 5395 est
1026 5337 1177 5394 incederet
1191 5333 1338 5388 civitatem
1353 5331 1382 5383 et
1395 5325 1593 5383 Chananoeum
1608 5319 1768 5387 occideret,
1785 5319 1815 5372 et
1829 5316 1859 5370 in

140 5442 339 5498 habitaculum
367 5439 555 5504 doemonum3
580 5449 705 5505 quorum
728 5447 782 5486 rex
801 5429 973 5499 Zabulus,a
1027 5426 1125 5481 dotem
1140 5423 1222 5477 daret
1249 5418 1328 5473 illice.
1358 5413 1506 5481 Secundo,
1522 5410 1572 5465 ubi
1594 5407 1784 5462 invaluerunt
1807 5403 1859 5458 lllii

141 5529 251 5601 quibus
265 5528 417 5600 (quoniam
431 5522 632 5596 peccavimus)
640 5520 710 5575 victi
726 5522 755 5574 et
768 5517 908 5591 prostrati
920 5531 972 5571 su·
1027 5496 1130 5579 lsrael,
1142 5504 1469 5566 leceruntChananoeos
1480 5497 1617 5554 subditos
1627 5498 1657 5550 et
1668 5508 1790 5560 servos,
1806 5488 1859 5559 sod

145 5613 528 5689 mus;.sedvaniensnoster
538 5607 860 5684 lesuspopulumduas
870 5606 901 5672 in
911 5619 974 5689 par
1027 5597 1270 5681 exterminatione
1281 5586 1625 5652 nonexlerminflvvrttnl·
1638 5580 1737 5637 Τθῐιίο
1753 5578 1861 5641 dicitur
