3796 6022
87 348 92 357 1
118 253 178 316 559
499 251 719 315 APPENDIX
739 252 798 314 AD
820 249 1012 314 HUGONIS
1035 248 1180 314 OPERA
1200 248 1460 314 uoeMATlca
1786 248 1869 315 560¹

72 485 79 491 -
118 467 172 525 per
187 452 331 508 rationem
345 451 472 507 faciendi
495 451 683 523 franguntur,
710 454 739 506 et
762 466 816 522 per
836 450 954 506 blandi·
969 443 998 503 A
1014 451 1105 506 rande
1121 451 1239 507 excitat.
1261 452 1474 508 Tantummodo
1498 452 1661 508 secundum
1686 451 1846 523 dispensa-

23 576 26 580 ·
91 569 96 579 ·
119 544 217 598 menta
233 544 261 596 et
276 540 496 597 consolationes
512 541 716 611 masticantur,
734 543 764 595 ut
774 539 954 595 infirmiores
1011 541 1121 596 tionem
1136 557 1221 596 suam
1236 541 1393 613 aliquando
1408 540 1605 611 manifestam,
1620 541 1779 612 aliquando
1795 557 1842 596 oc-

119 646 255 702 qnosque
270 629 381 686 nutrire
396 629 522 700 possint.
540 629 598 682 alii
609 633 680 683 sunt
691 629 740 700 qui
751 644 810 682 non
821 627 956 701 indigent
1011 630 1129 700 culum,
1155 645 1274 700 semper
1295 633 1393 685 autem
1417 631 1540 701 justam,
1569 630 1760 685 occasionem
1787 630 1842 684 ali·

120 720 186 774 cibo
211 719 374 787 masticata,
402 717 455 772 scd
479 718 582 788 fracto,
606 718 676 789 quia
693 717 841 772 voluntate
858 718 953 788 parati
1010 719 1129 790 quando
1144 717 1219 774 foris
1242 718 1409 773 adhibendo
1424 717 1508 790 justo
1528 717 1643 790 judicio
1667 718 1840 790 praecipitat.

119 809 199 877 sunt,
215 805 267 860 ubi
281 807 424 861 rationem
440 804 565 859 faciendi
581 809 759 878 agnoscunt.
778 807 833 860 Alii
858 810 955 863 autem
1011 807 1090 880 Ergo
1106 807 1136 862 in
1152 807 1293 862 cordibus
1309 808 1455 862 bonorum
1469 806 1635 863 voluntates
1660 811 1759 863 rectas
1782 809 1844 879 pri-

119 895 150 950 in
164 896 314 966 praecepto
330 893 506 949 obedientiae
522 892 665 949 rationein
677 894 805 949 faciendi
819 910 954 967 quaerere
1010 911 1089 951 mum
1105 896 1184 951 intus
1200 895 1265 966 ipse
1282 895 1360 966 facit,
1377 899 1405 950 et
1419 896 1525 951 deinde
1549 896 1669 952 casdem
1692 895 1774 951 foras
1795 896 1843 952 ubi

123 982 278 1056 indignum
294 983 473 1053 existimant,
490 984 559 1054 quia
574 999 627 1053 pro
639 984 704 1038 solo
719 986 867 1055 praecepto
883 984 955 1038 obe·
1009 984 1138 1040 voluerit
1153 988 1181 1040 et
1195 988 1337 1056 quantum
1351 985 1487 1054 voluerit,
1511 985 1547 1038 ad
1572 982 1708 1040 ellectum
1731 985 1841 1056 dirigit.

121 1071 261 1127 dientiam
285 1071 393 1127 debere
416 1088 449 1126 se
473 1075 584 1142 putant.
619 1072 671 1126 lsti
698 1073 798 1128 cibum
831 1073 956 1127 verbum
1009 1073 1122 1128 Pravas
1137 1076 1234 1128 autem
1248 1073 1415 1128 voluntates
1431 1073 1495 1143 ipse
1510 1074 1589 1128 intus
1605 1089 1663 1128 non
1679 1073 1781 1145 elficit,
1791 1074 1842 1127 sed

120 1160 174 1215 Dei
190 1163 218 1215 et
233 1160 374 1231 frangunt
390 1164 418 1214 ct
432 1161 598 1230 masticant,
614 1160 683 1232 qnia
707 1161 801 1216 fortes
822 1160 879 1215 side
900 1177 955 1215 nec
1009 1162 1219 1232 asemetipsis
1244 1162 1369 1217 interius
1400 1165 1555 1232 corruptas
1587 1163 1753 1218 secundum
1781 1178 1843 1217 suae

118 1248 150 1303 in
165 1248 290 1304 occultis
304 1249 448 1302 rationein
464 1248 631 1318 importune
646 1247 779 1320 exigunt,
805 1251 834 1303 et
856 1249 955 1303 chari·
1009 1250 1170 1305 voluntatis
1185 1249 1339 1305 arbitrium
1353 1250 1389 1304 ad
1406 1250 1639 1321 dispensationis
1663 1250 1775 1305 intimae
1795 1266 1843 1306 or-

117 1340 175 1391 tate
200 1336 349 1392 ferventes
373 1337 402 1390 in
427 1336 599 1390 difficilibus
630 1337 864 1392 exhortationem
891 1353 950 1392 non
1010 1339 1109 1393 dinem
1124 1337 1333 1408 complendum
1346 1339 1478 1393 iullectit.
1496 1338 1594 1392 Bonas
1609 1339 1701 1410 igitur
1711 1338 1843 1395 volunta-

119 1428 296 1497 exposcunt.
312 1424 478 1480 Infantibus
493 1426 538 1480 lac
554 1425 649 1481 datur.
666 1426 771 1481 Pueris
782 1426 868 1480 cibus
881 1424 957 1480 fran·
1009 1430 1055 1480 tes
1071 1425 1152 1481 Deus
1167 1429 1321 1497 operatur,
1337 1426 1431 1481 malas
1447 1442 1518 1481 vero
1540 1442 1600 1482 non
1621 1431 1782 1499 operatur:
1799 1433 1844 1482 ta·

119 1514 200 1588 gitur
214 1517 244 1568 ct
259 1514 441 1569 masticatur.
457 1513 623 1569 iuvenibus
636 1529 695 1569 non
708 1515 889 1584 masticatur,
901 1514 954 1568 sed
1009 1530 1077 1569 men
1093 1518 1121 1569 et
1134 1530 1188 1586 per
1202 1515 1298 1570 bonas
1312 1519 1341 1570 et
1356 1531 1409 1585 per
1424 1515 1516 1569 malas
1532 1515 1698 1571 voluntates
1715 1531 1775 1571 non
1786 1533 1844 1570 ma·

120 1600 278 1675 frangitur.
295 1601 377 1656 Viris
394 1617 449 1656 neo
463 1602 636 1657 masticatur
650 1618 705 1659 nec
730 1603 886 1675 frangitur,
904 1603 954 1674 qui
1009 1603 1079 1673 lum,
1106 1603 1160 1658 sed
1182 1603 1292 1658 bonum
1322 1606 1469 1673 operatur.
1501 1604 1595 1676 Igitur
1622 1604 1757 1676 utrisque
1786 1621 1843 1661 non

119 1691 299 1747 exercitatos
309 1689 548 1760 bahentsensus,
558 1690 865 1761 utpossintutisolido
875 1691 952 1747 cibo.
1009 1691 1122 1762 praebet
1137 1691 1293 1762 originem,
1309 1695 1340 1745 ut
1354 1693 1428 1761 sint3
1440 1692 1494 1747 sed
1509 1693 1642 1764 utrisque
1653 1693 1731 1749 viam
1740 1695 1842 1764 aperit,

119 1779 182 1835 Trr.
199 1778 315 1838 CLXII.
340 1779 384 1835 Dc
408 1778 519 1851 duplici
533 1795 623 1834 sensu
639 1780 760 1846 aninam,
785 1780 821 1835 de
837 1778 951 1834 intelli·
968 1739 995 1801 Β
1010 1785 1041 1834 nt
1055 1779 1157 1851 perlici
1172 1781 1291 1850 possint
1307 1796 1313 1835 :
1330 1780 1573 1836 etidcircoetiam
1584 1781 1843 1837 sivoluntasmala

377 1870 479 1939 pentir
496 1874 525 1922 et
540 1868 697 1939 sapientia.
1008 1871 1064 1938 est,
1081 1870 1212 1939 potestas
1227 1868 1304 1922 mala
1326 1883 1396 1923 esse
1421 1884 1480 1923 non
1503 1872 1610 1939 potest,
1634 1870 1713 1941 quia,
1737 1886 1805 1925 cnm
1826 1886 1841 1924 a

156 1954 272 2028 Duplex
286 1959 332 2011 est
347 1971 458 2011 sensus
472 1956 587 2011 animm.
607 1956 722 2012 Sensus
747 1955 825 2011 enim
847 1957 952 2012 animm
1008 1957 1096 2012 nobis
1113 1960 1159 2012 cst
1175 1956 1255 2029 quod
1270 1957 1419 2027 volumus,
1436 1957 1472 2012 ab
1487 1958 1553 2028 ipso
1568 1958 1614 2013 est
1625 1959 1844 2014 utvoluntatem

120 2047 190 2101 sunt
203 2045 397 2118 intelligentia
411 2049 440 2099 et
455 2045 609 2116 sapientia.
619 2047 734 2101 Sensus
748 2045 951 2118 intelligentiae
1007 2045 1131 2116 implere
1147 2045 1310 2116 possimus.
1329 2043 1408 2117 Ergo
1425 2061 1479 2100 nec
1492 2062 1547 2116 per
1554 2045 1778 2116 inspirationem
1790 2063 1844 2102 nec

120 2131 157 2189 ad
173 2134 373 2207 cognitionem
388 2134 529 2206 pertinet,
545 2149 655 2189 sensus
671 2135 835 2205 sapientiae,
847 2135 883 2188 ad
896 2134 954 2188 vir·
1007 2150 1061 2206 per
1076 2134 1297 2206 aspirationem.
1324 2134 1404 2189 Deus
1428 2135 1518 2190 eorda
1543 2136 1687 2191 malorum
1709 2135 1843 2200 obdurat,

119 2224 222 2278 tutem.
230 2222 346 2279 Sensus
362 2222 564 2296 intelligentiae
580 2222 655 2277 foris
669 2225 826 2278 exercetur
836 2238 889 2292 per
899 2220 955 2277 lec·
1009 2223 1063 2279 sed
1088 2223 1185 2280 solum
1201 2239 1255 2294 per
1276 2222 1436 2278 adhibitam
1462 2223 1535 2278 foris
1561 2224 1762 2280 occasionem.
1797 2225 1845 2281 Sic

119 2311 240 2384 tionem,
256 2312 336 2367 intus
352 2327 405 2382 per
419 2311 647 2366 meditationem.
670 2311 785 2366 Sensus
801 2312 954 2383 sapientiae
1009 2311 1196 2368 Pharaonem
1212 2315 1240 2368 et
1263 2310 1424 2384 AEggptios
1440 2312 1606 2368 obdurasse
1632 2314 1749 2382 dicitur,
1772 2330 1845 2387 que·

120 2399 195 2455 foris
211 2405 367 2455 exercetur
381 2416 434 2470 per
449 2401 660 2471 operationem,
686 2400 764 2455 intus
786 2415 840 2471 per
863 2403 954 2455 tenta·
1011 2400 1197 2456 madmodum
1214 2401 1419 2472 scriptumest
1435 2417 1441 2456 :
1461 2402 1618 2457 Gorrvertit
1632 2419 1804 2473 cereorum,
1818 2409 1845 2458 ut

120 2487 241 2543 tionem.
267 2487 382 2543 Sensus
407 2488 609 2561 intelligentiae
634 2492 680 2543 est
696 2488 807 2544 bonum
823 2504 954 2560 eognos·
1011 2489 1130 2544 odirent
1141 2488 1277 2561 populum
1293 2490 1367 2562 ejas,
1386 2495 1443 2546 otc.
1462 2490 1557 2560 (l’sal.
1568 2490 1715 2562 civ.)Non
1726 2507 1847 2563 perver-

121 2590 200 2648 cere,
217 2591 327 2632 sensus
343 2577 496 2647 sapientiae
513 2580 559 2631 est
572 2577 684 2632 bonum
698 2592 806 2632 amare,
830 2574 954 2641 Quidam
1010 2578 1098 2632 tendo
1114 2579 1281 2633 voluntates
1295 2594 1409 2650 eorum,
1427 2583 1457 2634 ut
1471 2580 1555 2635 malae
1579 2584 1692 2652 essent,
1715 2580 1780 2650 sed,
1804 2581 1847 2636 in·

119 2664 245 2720 interius
269 2681 363 2720 sensu
386 2665 589 2738 intelligentiae
615 2665 727 2735 vivunt,
751 2668 779 2720 et
804 2681 897 2721 sensu
911 2682 957 2720 sa·
986 2653 1128 2721 'clinatis
1151 2667 1187 2721 ad
1213 2668 1386 2738 pravitatem
1410 2667 1494 2739 foris,
1517 2670 1595 2724 viam
1619 2669 1790 2741 aperiendo,
1817 2673 1847 2725 ut

119 2754 238 2826 pientiae
261 2754 369 2809 mortui
393 2758 471 2810 sunt.
499 2753 624 2819 Quidam
645 2754 770 2809 interius
794 2769 887 2809 sensu
904 2772 954 2810 sa·
1010 2758 1140 2811 ruerent.
1157 2755 1233 2810 Nam
1248 2772 1314 2811 eum
1329 2759 1469 2829 populum
1486 2774 1584 2828 suum,
1607 2758 1684 2814 filios
1710 2757 1847 2814 videlicet

118 2843 237 2915 pientiae
248 2843 362 2914 vivunt,
374 2847 402 2899 et
412 2844 538 2898 necdum
551 2859 644 2899 sensu
655 2843 857 2916 intelligentiae
869 2844 955 2914 plene
1012 2841 1114 2914 Israel,
1132 2845 1161 2899 in
1177 2845 1274 2900 oculis
1291 2861 1392 2901 eorum
1408 2852 1436 2902 et
1450 2864 1572 2902 nuniero
1588 2848 1670 2901 auxit
1686 2851 1714 2902 et
1735 2848 1846 2902 divitiis

122 2932 262 2988 vivificati
278 2937 356 2988 sunt.
375 2933 432 2988 lllii
448 2949 502 2988 neo
518 2933 720 3005 intelligentiae
731 2949 786 2988 nec
803 2934 955 3004 sapientiae
1012 2932 1192 3002 sublimavit,
1218 2938 1286 2989 tunc
1311 2935 1448 2991 nimirum
1484 2936 1572 2991 corda
1606 2937 1846 2992 adversariorum

122 3037 247 3079 sensum
262 3024 438 3095 percipiunt.
455 3024 514 3077 hili
530 3026 558 3078 ot
571 3023 774 3095 intelligentiae
792 3027 821 3077 et
835 3023 955 3094 sapien·
971 3023 1201 3114 cprospcritati
1218 3038 1340 3078 suorum
1367 3023 1559 3079 invidentium
1582 3025 1685 3079 livoris
1708 3024 1776 3079 labe
1797 3041 1846 3079 as·

119 3113 167 3168 tiae
182 3128 275 3168 sensu
290 3114 402 3168 vivunt.
420 3113 534 3168 Sensus
550 3112 954 3185 sapientiacetintelligentiae
1013 3112 1124 3167 trinxii.
1150 3111 1234 3166 Unde
1257 3126 1330 3185 ergo
1355 3113 1468 3183 extulit,
1496 3114 1562 3168 inde
1588 3113 1655 3169 illos
1679 3113 1846 3181 obduravit,

119 3202 150 3257 in
159 3203 336 3274 quibusdam
348 3220 405 3258 usu
415 3205 594 3257 exercitatus
605 3204 729 3274 acuitur,
741 3202 955 3274 inquibusdam
1013 3217 1072 3255 non
1088 3201 1207 3273 quidem
1217 3201 1297 3273 intus
1306 3204 1443 3272 aspirans
1452 3205 1642 3273 augurentum
1653 3203 1783 3273 malitias,
1795 3202 1847 3259 sed

121 3291 953 3363 veroipsoexercitationissuaeusuampliushebetatur.
1014 3290 1087 3344 loris
1115 3306 1283 3362 provocans
1315 3290 1421 3345 intuitu
1455 3290 1651 3346 aoiirulolionis
1683 3302 1846 3363 perversae.

120 3380 198 3435 Hinc
211 3382 258 3434 est
272 3380 351 3451 qnod
368 3381 546 3451 quibusdam
562 3396 600 3435 ex
615 3381 763 3452 frequenti
787 3379 888 3434 auditn
904 3381 955 3435 ob·
1013 3379 1118 3437 Adhuc
1133 3380 1218 3434 eiiam
1233 3378 1374 3450 quotidie,
1390 3396 1457 3434 cum
1468 3380 1616 3435 mentibus
1628 3379 1768 3435 humanis
1779 3392 1847 3435 oon·

120 3468 198 3523 tusis
219 3469 344 3523 verbum
368 3469 420 3524 llei
443 3470 472 3523 in
497 3469 647 3524 fastidium
669 3470 802 3524 vertitur.
828 3468 896 3538 Alii,
919 3485 956 3522 cx
1013 3484 1088 3540 grue
1118 3468 1242 3523 internis
1265 3468 1394 3523 motibus
1420 3470 1484 3524 suis
1514 3469 1703 3525 extrinsecus
1727 3484 1847 3524 occasio

120 3556 289 3630 quotidiana
304 3558 452 3613 auditione
467 3556 593 3628 amplius
610 3558 793 3613 ademeram
808 3557 890 3612 verbi
911 3558 955 3611 in·
1013 3556 1179 3628 opponitur,
1197 3561 1227 3611 ut
1243 3557 1291 3628 qui
1307 3557 1338 3611 in
1354 3557 1494 3612 sordibus
1510 3561 1579 3613 sunt
1590 3556 1848 3629 ampliussordes·

120 3646 315 3702 flammantur.
331 3646 380 3702 Sic
395 3647 445 3701 lllii
463 3647 554 3702 lsrael
574 3648 604 3701 in
626 3647 744 3702 deserto
771 3662 827 3700 usu
850 3662 956 3700 manna
1014 3646 1090 3715 cant,
1106 3648 1135 3699 et
1147 3644 1221 3716 justi
1237 3644 1363 3716 amplius
1376 3645 1579 3717 justificentur
1592 3647 1686 3718 (Apoc
1701 3646 1786 3717 xxia).

121 3736 285 3807 fastidiunt,
308 3737 337 3792 ct
360 3737 417 3792 duo
441 3736 580 3807 discipuli
604 3736 635 3790 in
655 3735 701 3789 via
716 3734 865 3805 loquentis
881 3735 954 3788 lesu
1013 3730 1074 3799 Trr,
1092 3732 1206 3787 CLXV.
1231 3733 1275 3788 Dc
1295 3733 1439 3789 libertate
1461 3739 1490 3789 ct
1510 3735 1659 3790 servitute
1679 3735 1848 3790 charitatis.

121 3826 311 3882 sermonibus
328 3826 416 3881 eorde
432 3825 632 3880 inardescunt.
659 3824 699 3877 lta
714 3822 861 3877 maohaera
878 3821 953 3876 cotis
1048 3821 1112 3876 Per
1122 3822 1298 3877 charitatem
1307 3821 1442 3894 Spiritus
1450 3823 1567 3878 servite
1577 3824 1706 3879 invicem
1716 3822 1796 3893 (Gal.
1807 3826 1849 3894 v).

121 3914 334 3972 confricatione
349 3914 474 3982 acuitur,
491 3916 520 3968 et
536 3913 629 3968 culter
651 3910 772 3966 assidua
797 3911 852 3965 soli
876 3910 955 3965 scis·
1014 3910 1088 3965 Nota
1104 3914 1259 3982 utrumque
1270 3911 1299 3965 in
1312 3911 1462 3982 charitate,
1480 3915 1508 3967 et
1523 3910 1696 3968 servitutem
1711 3915 1740 3967 el
1755 3908 1846 3968 liber·

122 4003 207 4059 sione
223 4002 387 4058 hebetatur.
406 4003 516 4058 Vomer
531 4001 614 4055 sulco
630 4000 745 4055 attritus
761 3999 953 4070 splendescit,
1013 4002 1110 4054 tatem.
1126 3999 1209 4054 Tunc
1233 3999 1318 4070 quasi
1344 3999 1435 4054 libera
1462 4003 1507 4055 est
1531 4001 1671 4070 charitas,
1696 4017 1763 4054 cum
1784 4000 1848 4056 sina

121 4095 151 4146 et
175 4090 303 4145 cacabus
326 4091 449 4144 assidua
472 4091 596 4145 hainmae
619 4089 776 4144 lambentis
799 4088 954 4144 adustione
1013 4088 1184 4159 acceptione
1209 4088 1336 4143 mandati
1361 4093 1467 4160 sponte
1491 4105 1524 4144 se
1545 4091 1665 4144 exercet
1679 4088 1710 4143 iu
1725 4088 1848 4160 privatis

121 4176 294 4235 offuscatur.
310 4178 369 4234 Sed
385 4195 430 4234 vae
446 4179 496 4252 qui
511 4178 546 4232 de
560 4178 639 4233 bono
655 4178 818 4234 deteriores
834 4175 926 4233 fiunti
1013 4178 1190 4249 quibusdam
1206 4176 1347 4248 operibus
1364 4176 1530 4248 charitatis3
1553 4180 1622 4232 tunc
1646 4180 1744 4233 autem
1762 4178 1847 4251 quasi

156 4287 219 4342 fir.
235 4285 364 4342 CLXIII.
380 4284 426 4341 De
440 4284 551 4357 duplici
562 4286 763 4357 permissione
779 4292 807 4340 et
819 4285 920 4357 prelii·
1014 4266 1144 4337 ⁸0¹'Vffissi
1174 4282 1250 4336 ⁰⁰¹⁰,
1276 4266 1405 4337 Pl0P1'iiS
1431 4266 1632 4321 V⁰¹¹¹¹¹f⁸flb¹¹⁸
1656 4268 1844 4338 P⁰⁸¹P0⁸stisa

433 4377 512 4431 „one
528 4375 642 4432 divim·
1013 4354 1846 4426 omnimodoseaccommodatvoluntatibusproximorum

157 4481 280 4541 Duobus
293 4483 391 4539 modis
406 4482 517 4554 aliquid
541 4483 622 4537 Deus
642 4483 810 4554 permittere
835 4483 952 4552 dicitur,
969 4427 997 4490 D
1012 4444 1181 4515 implendis,
1193 4446 1230 4514 et,
1244 4444 1389 4499 cohibens
1408 4461 1442 4499 se
1457 4444 1536 4499 circa
1557 4445 1686 4516 propria,
1703 4444 1806 4500 dilatat
1819 4447 1847 4500 et

119 4576 167 4631 vel
182 4574 369 4631 obstaculum
385 4572 535 4643 auferens,
552 4565 599 4627 vel
614 4587 673 4627 uon
697 4587 860 4643 opponens.
882 4571 953 4625 ltem

120 4663 238 4720 duobus
253 4664 351 4719 modis
366 4662 536 4733 prohibere,
560 4662 675 4717 scilicet
698 4661 745 4716 vel
766 4660 954 4717 obstaculum
1010 4711 1104 4766 libem
1119 4710 1249 4765 omnium
1266 4709 1389 4782 subjicit
1404 4710 1550 4765 servituti·

120 4767 180 4808 Μ
195 4753 357 4809 msemd⁰
373 4752 419 4807 vel
435 4751 621 4869 ⁰pp⁰n⁰nf¹m
723 4859 728 4869 ,
1011 4800 1072 4855 Trr.
1095 4798 1223 4854 CLXVI.
1254 4799 1299 4854 Da
1324 4798 1375 4854 illo
1396 4799 1486 4854 Pauli
1511 4815 1517 4855 :
1542 4821 1553 4851 a
1579 4800 1643 4855 Per
1666 4817 1750 4872 quem
1773 4799 1846 4855 rnllri

120 4858 182 4913 Tir.
198 4857 327 4914 CLXIV.
345 4859 426 4924 Quod
440 4859 521 4914 Deus
535 4858 635 4914 tribua
648 4858 745 4914 modis
759 4872 811 4912 cor·
829 4854 951 4911 emollit.
1098 4871 1224 4925 „mmm
1238 4870 1400 4925 praefixas
1414 4876 1470 4937 esi,
1488 4878 1518 4925 ei
1534 4886 1589 4943 09⁰
1603 4871 1719 4927 mando,
1743 4891 1755 4919 ι
1827 4878 1832 4887 ·
1849 4874 1858 4883 ’

155 4962 264 5018 ‘fribus
286 4964 383 5020 modis
405 4965 485 5020 Deus
509 4980 561 5019 cor
584 4965 718 5021 emollit:
745 4964 885 5032 Primum,
902 4978 955 5033 per
1037 4958 1846 5033 Perquemmiliimnndnscrncillnusest,etuqomnndo

119 5051 353 5124 inspirationem,
371 5053 478 5107 bonam
493 5053 673 5108 voluntatem
682 5053 810 5108 creando
820 5068 827 5122 ;
839 5054 952 5122 postea,
1010 5046 1087 5120 (Gal.
1103 5048 1154 5119 vr),
1176 5047 1234 5101 Alii
1249 5049 1317 5103 sunt
1332 5048 1441 5120 quibus
1456 5048 1584 5103 mundus
1605 5046 1769 5103 crucifixus
1788 5051 1843 5119 est,

119 5155 173 5215 per
188 5141 407 5212 aspirationem,
425 5142 596 5212 excitando3
614 5141 730 5211 deinde,
752 5157 807 5213 per
822 5141 954 5197 occasio·
1010 5124 1076 5209 ipse
1092 5152 1164 5192 vero
1180 5152 1239 5192 non
1254 5139 1324 5192 snut
1335 5136 1443 5193 mundo
1453 5136 1597 5192 crucifixi.
1607 5136 1665 5191 lilii
1673 5137 1724 5209 qui
1735 5137 1844 5192 mundo

119 5243 187 5288 nem
203 5229 277 5286 foris
292 5229 462 5300 adhibitam,
479 5230 564 5301 qnasi
581 5230 657 5284 viam
673 5232 820 5301 aperiens,
837 5230 872 5284 ad
884 5245 953 5301 per·
1010 5228 1081 5281 sunt
1096 5225 1241 5295 crncifixi,
1258 5224 1455 5281 eadmundus
1471 5226 1516 5281 eis
1534 5226 1696 5282 crucifixus
1712 5239 1773 5280 non
1787 5227 1841 5281 est.

119 5319 277 5378 lectionem
291 5320 491 5391 provocando.
519 5317 577 5374 Per
599 5319 833 5391 inspirationem,
858 5320 951 5390 ponit,
1008 5314 1067 5370 Alii
1082 5315 1131 5388 qui
1148 5317 1177 5370 et
1195 5315 1305 5370 mundo
1330 5313 1464 5369 crucifixi
1490 5316 1569 5384 sunt,
1593 5316 1623 5369 et
1645 5315 1776 5370 mundas
1798 5313 1842 5370 eis

117 5424 173 5485 per
186 5409 397 5482 aspirationem
413 5407 543 5479 impellit,
571 5422 625 5478 per
646 5408 834 5462 occasionem
852 5407 951 5462 trahit.
1009 5403 1171 5461 cmcillxus
1197 5407 1252 5459 est.
1279 5403 1341 5458 lllls
1365 5403 1444 5459 enim
1464 5402 1593 5459 mundus
1608 5403 1771 5460 cruoltlxns
1786 5403 1841 5473 est,

117 5501 205 5560 Ponit
220 5499 257 5556 ad
271 5497 441 5568 rolandum,
458 5495 581 5568 impellit
595 5496 631 5551 ad
647 5497 853 5568 appetendum,
864 5497 953 5553 trabit
1008 5492 1059 5568 qui
1067 5493 1200 5565 despecti
1209 5492 1479 5564 habenturmnndo,
1487 5501 1542 5549 nco
1553 5492 1689 5565 seqnitur
1698 5506 1752 5548 eos
1764 5506 1844 5549 mnn-

117 5591 155 5650 ad
170 5588 393 5666 perficiendum.
410 5586 443 5643 ln
458 5586 600 5643 cordibus
610 5589 709 5642 anam
717 5587 860 5644 malorum
872 5587 951 5644 Deus
1008 5585 1075 5642 dus.
1088 5583 1132 5639 illi
1143 5582 1475 5640 santmuudooruoitlxi
1485 5581 1628 5657 quintani
1638 5582 1842 5639 tonantur-neo

117 5696 226 5762 pravas
241 5684 409 5742 voluntates
422 5695 478 5740 neo
490 5677 664 5769 inspirando
679 5680 770 5754 creat,
792 5693 848 5737 neo
872 5677 951 5756 aspi»
1007 5676 1174 5755 sequuntur
1186 5673 1338 5748 nundum,
1354 5673 1408 5733 sed
1422 5687 1549 5756 proauus
1571 5686 1641 5734 oum
1653 5671 1841 5755 obiacenti.

1013 4537 1131 4589 exercet
1147 4548 1180 4589 se
1190 4532 1269 4587 eirca
1279 4533 1384 4588 aliena.
1393 4532 1452 4588 Sed
1464 4533 1662 4606 multomagis
1677 4533 1742 4588 haec
1753 4533 1846 4589 libera

1012 4625 1068 4693 cst,
1086 4621 1227 4694 quiahoc
1249 4621 1348 4692 ipsum
1372 4621 1442 4676 facit
1467 4637 1531 4677 eam
1553 4621 1687 4695 liberam,
1712 4622 1793 4695 quod
1813 4638 1846 4677 se
