3796 6022
574 250 795 318 APPENDIX
813 248 871 317 ho
891 248 1082 319 HUGONIS
1102 250 1248 320 OPERA
1266 255 1466 325 MYSTICA.

140 255 201 324 923
1819 263 1875 329 em

146 455 305 540 stretrSed
316 457 384 545 quis
394 463 440 516 est
453 458 676 553 isteiniirmusi
689 457 789 523 Genus
804 454 974 543 humanum,
1000 437 1113 544 Aquis
1132 457 1188 528 alia
1208 458 1401 546 comedimus,
1414 460 1470 530 alic
1488 461 1625 531 ditamus
1643 461 1871 547 Dispensatoris

144 530 175 604 iil
192 547 279 621 cajus
290 566 363 605 voca
377 549 434 604 lstb
445 533 736 611 dieuntuliblrim'dm
746 553 751 612 i
763 548 976 630 perpeccatlim
1044 552 1305 636 satisdandum,-
1322 563 1479 640 qnidivina
1496 556 1680 632 sacramenia
1694 567 1831 635 tractant,
1845 567 1870 620 et

79 658 84 666 ¹
147 633 291 710 originale
306 639 335 694 et
349 652 403 709 per
418 633 508 696 multa
529 637 654 698 actualia
679 650 754 715 erat,
780 649 807 702 et
828 646 974 705 medicum
1043 633 1269 708 divinambobib
1279 643 1403 727 graiium
1413 653 1518 710 aicana
1529 650 1636 710 summi
1646 653 1800 726 largitoris
1811 653 1869 709 dis·

145 727 306 802 quaerebat.
323 727 410 783 Venit
426 730 571 816 medicus,
588 736 616 789 et
633 739 754 795 sanatus
770 740 816 794 est
831 740 973 821 aegrotus.
1040 739 1199 798 trilruticne
1208 743 1383 800 mirabiliter
1394 722 1869 809 administrantiiiiiserlisiimmi

145 819 306 883 Duodecim
316 827 413 884 aulem
424 831 494 886 sunt
504 832 614 905 quaeda
626 833 779 891 sanatione
790 833 908 890 humani
920 850 975 908 ge·
1040 833 1148 890 modici
1165 837 1243 905 sunt,
1261 836 1289 891 et
1303 834 1339 891 ad
1362 833 1429 907 ejus
1443 832 1597 888 arbitrium
1610 848 1683 887 vasa
1699 833 1728 888 et
1743 829 1868 887 mediea-

144 917 226 971 neris
236 916 323 972 nobis
335 933 483 990 exponere
492 922 712 993 proposuimus.
723 923 879 996 AEgrotus,
889 924 977 979 medi·
1041 926 1138 977 menta
1148 923 1187 977 illi
1192 939 1226 978 us
1235 926 1361 979 tractare
1374 922 1598 981 assentaneus
1608 925 1655 978 est
1665 921 1796 979 muudus
1807 921 1867 991 iste,

146 1020 211 1076 cus,
228 1006 361 1076 vulnera,
378 1009 533 1081 medicina,
550 1027 633 1083 vasa,
646 1013 785 1084 antidota,
801 1013 897 1084 diaeta,
915 1013 976 1069 dis·
1040 1010 1069 1065 in
1087 1028 1184 1084 quem,
1201 1012 1287 1084 quasi
1304 1012 1333 1067 in
1345 1012 1501 1084 quamdam
1515 1010 1716 1082 infirmariam,
1735 1010 1772 1066 de
1786 1026 1867 1083 para·

132 1097 327 1181 pensatores,
343 1096 438 1169 iocus,
457 1101 583 1172 tempus,
600 1103 752 1172 sanitates,
768 1101 974 1175 gaudiudeip-
1041 1099 1460 1173 disohcmo,postpeccatum,
1471 1100 1651 1171 delatusest,
1663 1099 1868 1156 uthiclutlrmi·

143 1184 188 1240 sis
200 1185 376 1242 sanitatibus
388 1190 581 1260 reeuperatis.
594 1190 741 1264 AEgrotus
755 1192 919 1265 istegenus
930 1196 976 1248 est
1040 1192 1126 1245 tatem
1141 1204 1225 1247 snam
1242 1207 1345 1246 curare
1368 1191 1493 1261 studeat,
1515 1193 1543 1247 et
1562 1189 1719 1245 sanitatem
1740 1188 1865 1262 recipiat.

145 1271 316 1346 humanum,
334 1275 370 1330 de
386 1277 474 1350 cujus
489 1278 665 1352 aegritudine
680 1281 773 1335 isaiae
788 1277 913 1337 testatus
930 1284 977 1338 est
1040 1279 1169 1352 Tempus
1180 1281 1258 1351 quod
1273 1281 1352 1336 Deus
1362 1279 1512 1336 concessit
1524 1279 1646 1350 homini,
1658 1281 1689 1334 nt
1700 1278 1731 1334 in
1742 1294 1779 1335 eo
1794 1277 1867 1334 sani·

143 1346 260 1419 liicebst
284 1362 375 1420 Omne
389 1378 473 1439 caput
496 1359 677 1441 languidum,
695 1368 724 1424 et
740 1385 824 1426 omne
839 1384 891 1426 eor·
904 1383 976 1426 atm-
1029 1364 1089 1423 vtati
1107 1364 1288 1439 restituatur,
1298 1379 1434 1440 praesens
1451 1367 1595 1424 saeculum
1609 1370 1664 1439 est,
1677 1367 1759 1440 quod
1774 1368 1805 1423 in
1817 1368 1872 1423 tria.

143 1467 236 1523 rens;
253 1469 269 1507 a
281 1453 382 1526 planta
394 1457 484 1528 pedis
495 1459 632 1532 usquead
645 1459 788 1514 verticem
803 1460 975 1532 rapitisnon
1041 1459 1172 1529 tempora
1188 1458 1337 1528 dividitur,
1354 1461 1470 1529 tempus
1486 1451 1629 1512 naturalis
1650 1456 1741 1529 legis,
1756 1458 1866 1528 tempus

143 1545 189 1599 est
204 1543 235 1598 in
251 1558 285 1602 eo
300 1546 415 1601 sanitas
428 1545 499 1618 (Isa.
512 1549 543 1620 r).
563 1548 686 1620 Vulnus,
699 1551 728 1604 et
742 1548 828 1621 livor,
845 1551 873 1605 et
888 1550 975 1624 plaga
1041 1548 1161 1619 scriptae
1178 1548 1265 1621 legis,
1288 1551 1404 1618 tempus
1436 1548 1549 1620 gratiae.
1571 1548 1701 1618 Tempus
1728 1539 1864 1601 naturalis

142 1634 260 1689 tumens
276 1649 335 1691 non
356 1637 402 1692 est
418 1636 631 1712 circumligata,
654 1654 709 1694 nec
732 1640 830 1694 curata
843 1639 973 1696 medica·
1040 1636 1118 1709 legis
1134 1636 1188 1692 luit
1203 1637 1239 1691 ab
1255 1636 1348 1692 Adam
1360 1637 1500 1708 usquead
1512 1636 1655 1707 Moysen3
1670 1635 1865 1707 tempusscri·

140 1720 239 1792 mine,
262 1738 358 1794 neque
375 1723 434 1779 lota
454 1725 528 1781 cleo.
551 1726 635 1783 hlius
651 1728 739 1784 etiam
754 1728 823 1784 alibi
846 1727 969 1785 elamat:
1040 1724 1633 1798 ptaelegisailoyseusqueadChristum3
1644 1723 1864 1797 tempusgratia

144 1808 237 1882 Caput
252 1828 346 1867 meum
362 1814 455 1870 doleo.
477 1815 580 1872 Alius:
612 1816 750 1872 Ventrem
765 1834 860 1873 meum
875 1817 969 1874 doleo.
993 1775 1024 1839 Β
1040 1831 1056 1870 a
1072 1814 1221 1871 nativitate
1245 1813 1355 1870 Christi
1370 1830 1465 1887 usque
1481 1814 1517 1868 ad
1533 1814 1621 1869 itnem
1636 1813 1749 1869 mundi.
1767 1812 1803 1868 Et
1817 1828 1864 1868 no·

140 1900 244 1957 Alius:
261 1901 367 1958 Lumbi
384 1904 444 1958 mei
458 1904 573 1977 impleti
587 1911 655 1960 strat
671 1906 861 1962 illusionibus
874 1907 968 1978 (Psal.
1039 1904 1158 1959 tandum
1174 1904 1252 1976 quod
1267 1904 1351 1959 locus
1367 1903 1433 1973 iste,
1450 1904 1480 1958 in
1495 1920 1553 1975 quo
1569 1919 1652 1977 aeger
1675 1905 1809 1973 sanatur,
1825 1904 1864 1958 est

140 1992 267 2063 xxxva).
278 1991 467 2048 Sicmembra
482 1995 603 2068 generis
618 1995 737 2050 humani
752 1988 926 2068 clamabant,
943 1999 971 2051 ct
1039 2008 1137 2064 asper,
1166 1997 1282 2063 tempus
1306 1993 1439 2065 longum,
1455 1993 1619 2048 remedium
1633 1992 1752 2048 elllcax.
1770 1992 1863 2048 Locus

141 2078 274 2136 dolorem
289 2097 352 2137 sarae
368 2083 554 2156 aegritudinis
577 2084 775 2140 insinuabant.
793 2085 865 2157 Sed,
882 2089 914 2141 ut
928 2086 972 2141 di·
1039 2082 1865 2156 estasperutpraevaricatorcastigetur,tempuslongum

141 2171 220 2224 ctum
235 2172 291 2243 est,
309 2172 389 2228 venit
408 2173 552 2244 medicus,
570 2178 599 2229 et
619 2177 741 2230 sanatus
761 2177 808 2230 est
828 2178 970 2248 aegrotus.
1038 2188 1075 2228 ne
1100 2172 1251 2227 sanandus
1271 2174 1505 2242 praeoccupetur,
1525 2172 1689 2226 remedium
1712 2171 1819 2226 eltlcax
1836 2175 1863 2226 ut

140 2257 213 2327 Quis
221 2260 969 2337 estistemedicus‘lDeusquisanatcontritoscorde,
1037 2262 1172 2316 intirmus
1189 2263 1316 2315 curetur.
1339 2259 1486 2315 sanitates
1501 2262 1571 2315 sunt
1593 2260 1731 2316 virtutes.
1747 2259 1862 2325 Quando

143 2354 172 2404 ct
184 2348 287 2423 alligat
296 2352 493 2408 contritiones
508 2369 607 2408 eornm
617 2353 713 2424 (Psai.
724 2354 832 2427 cxnvr).
842 2354 972 2409 Vulnera
1037 2352 1146 2409 etenim
1168 2351 1256 2405 homo
1273 2365 1326 2421 ρει
1340 2349 1465 2404 virtutes
1489 2352 1655 2420 exercetur,
1679 2351 1709 2405 et
1723 2349 1865 2422 pelluntur

140 2441 209 2494 sunt
223 2442 343 2510 peccata
360 2441 526 2515 originalia,
543 2459 609 2514 quac
626 2443 753 2516 quisque
763 2444 908 2499 contraxit
918 2459 972 2514 ρει
1035 2441 1107 2494 vitia
1127 2443 1155 2496 et
1183 2440 1246 2510 ipse
1266 2442 1396 2494 sanatur.
1418 2439 1549 2494 Virtutes
1569 2454 1696 2511 namque
1716 2439 1862 2510 expellunt

139 2528 490 2602 ignorantiaminmenta,
503 2532 832 2604 perconeupiscentiam
844 2533 971 2587 incarne
1036 2529 1117 2599 vitia,
1135 2529 1285 2583 humilitas
1302 2528 1482 2598 superbiam,
1500 2528 1628 2583 charitas
1644 2528 1795 2592 invidiam,
1811 2544 1865 2594 pax

138 2615 620 2691 luxuriosevivendo,etactualia,
638 2622 970 2693 quaecommisitprave
1036 2617 1230 2687 iracundiam,
1260 2617 1360 2673 laetitia
1389 2617 1530 2688 acediam,
1557 2616 1680 2689 largitas
1704 2617 1862 2685 avaritiam,

138 2708 277 2765 vivendo.
294 2708 449 2765 illahahet
464 2725 501 2764 ex
514 2710 698 2781 parentibus,
718 2711 775 2766 ista
789 2726 828 2767 ex
841 2711 969 2782 propriis
1037 2706 1215 2762 abstinentia
1231 2706 1480 2779 gastrimargiam,
1497 2706 1617 2762 castitas
1633 2705 1791 2763 luxuriem.
1808 2706 1864 2760 Vir-

137 2799 289 2873 operibus.
306 2800 357 2854 Illa
373 2798 461 2855 habet
479 2815 516 2862 ex
538 2800 644 2871 alieno,
667 2802 724 2857 ista
739 2817 777 2858 ex
792 2816 858 2856 suo.
876 2800 969 2858 lttedi-
1036 2798 1114 2854 tutes
1131 2795 1228 2867 itaque
1245 2796 1343 2852 locum
1367 2795 1556 2867 possidentes
1572 2794 1712 2852 vitiorum
1727 2797 1864 2852 sanitates

137 2890 203 2948 eina
218 2892 264 2946 est
280 2891 384 2964 gratia,
401 2908 468 2964 quae
484 2891 601 2954 duobus
617 2892 713 2948 modis
728 2891 903 2947 vulneribus
917 2907 969 2946 nc·
1037 2888 1105 2941 sunt
1115 2884 1864 2957 aegritudinumGaudiadesanitatihusreeuperatis

136 2978 208 3038 atris
224 2979 396 3038 infunditur.
410 2981 475 3039 Uno
489 2997 599 3052 amaro,
611 2984 640 3037 et
652 2982 744 3037 altero
756 2980 844 3036 dulci.
860 2981 968 3035 Amare
1036 2978 1106 3030 sunt
1119 2974 1328 3030 beatitudines.
1341 2973 1538 3029 Contristetur
1552 2973 1640 3028 homo
1655 2974 1774 3045 quande
1785 2973 1864 3028 inllr·

137 3085 191 3146 ρει
205 3069 446 3143 increpationem,
456 3071 536 3127 dulei
545 3089 599 3144 par
610 3073 852 3130 consolationem.
866 3071 967 3126 lacre·
995 3094 1020 3157 ο
1035 3067 1141 3135 matur,
1154 3064 1262 3137 gaudet
1273 3064 1390 3140 quaudo
1409 3065 1538 3118 sanatur.
1550 3062 1599 3119 Sic
1614 3063 1799 3137 inpraesenti
1812 3078 1865 3120 sre-

134 3158 212 3237 patio
228 3160 345 3231 vinum,
368 3159 532 3216 consolatio
553 3162 660 3218 oleum.
685 3161 763 3216 Vasa
779 3164 849 3217 sunt
864 3176 966 3217 sacra·
1037 3155 1103 3211 culo
1119 3155 1155 3210 de
1180 3154 1347 3209 intimuitate
1363 3156 1474 3208 nostrae
1492 3153 1692 3224 corruptionis
1709 3153 1861 3223 dolemus,

133 3251 240 3319 menta,
257 3249 288 3306 in
302 3250 421 3322 quibus,
434 3254 462 3306 at
476 3267 529 3322 per
539 3267 606 3324 quae
617 3252 712 3325 gratia
723 3251 886 3324 spiritualis
897 3266 966 3306 con·
1036 3244 1153 3318 quando
1165 3246 1262 3299 autem
1278 3243 1307 3297 in
1323 3244 1541 3298 resurrectione
1552 3242 1588 3297 ad
1599 3258 1700 3296 veram
1710 3243 1862 3298 sanitatem

135 3338 245 3398 linatur
267 3344 296 3396 et
313 3341 452 3413 inicitur,
478 3343 556 3398 sieut
575 3358 652 3415 aqua
676 3342 832 3414 baptismi,
857 3342 964 3411 oleum,
1036 3349 1264 3407 consurgemus,
1277 3331 1862 3402 insternabeatitudineadeptasanltate

137 3425 278 3497 chrisma,
293 3444 368 3500 aqua
384 3429 550 3500 benedicta,
565 3435 592 3486 et
613 3434 720 3487 caetera
735 3432 813 3487 talia.
829 3416 967 3486 Antidota
1033 3425 1241 3499 gaudebimus.
1737 3428 1741 3432 ’

136 3519 326 3588 suntseptem
338 3520 414 3575 dona
424 3520 552 3592 Spiritus
563 3525 668 3594 saneti,
681 3524 803 3595 spiritus
814 3523 968 3595 sapientiae
1069 3514 1164 3569 H0m0
1189 3512 1280 3587 igliur
1304 3513 1350 3567 esi
1371 3515 1513 3584 aegrotus,
1536 3511 1617 3568 Deus
1633 3514 1782 3585 medicus,
1797 3513 1860 3568 vili·

135 3607 358 3681 saturniacas,
375 3611 500 3682 spiritus
515 3613 872 3682 consilitetscrtitudinis,
884 3614 969 3685 sput-
1032 3602 1322 3674 vulnerumeuoma
1336 3603 1441 3675 graue,
1458 3617 1531 3656 vasa
1546 3606 1743 3674 sacramenta,
1759 3602 1863 3662 anuas

136 3699 185 3759 tus
196 3697 329 3755 scientiae
341 3702 369 3757 et
385 3701 512 3773 pietatis¹
533 3704 656 3776 spiritus
667 3704 782 3760 timoris
799 3703 925 3773 Domini,
938 3706 968 3758 ut
1031 3706 1060 3760 ta
1077 3703 1204 3775 Spiritus
1216 3705 1311 3758 sancti
1327 3704 1414 3773 dona,
1431 3703 1517 3759 diaeta
1533 3703 1695 3775 Scriptura,
1712 3704 1861 3777 dispensa·

136 3789 231 3850 etmus
240 3791 435 3862 pertimerem
444 3793 582 3864 humiles,
591 3811 644 3866 per
653 3794 790 3867 pietatem
802 3793 969 3849 misericor·

138 3881 201 3947 des,
218 3897 272 3952 ρει·
291 3883 444 3940 scientium
463 3884 594 3956 discreti,
607 3900 659 3955 per
674 3884 875 3941 fortitudinem
890 3883 968 3938 invi-

122 3971 184 4040 eti,
193 3986 246 4040 ρει
255 3973 413 4028 consilium
423 3975 549 4045 providi,
562 3990 615 4045 per
624 3974 803 4030 intellectum
815 3972 902 4044 cauti,
914 3989 967 4043 per

136 4059 311 4129 sapientiam
326 4062 442 4116 maturi.
459 4063 560 4118 Timor
574 4063 695 4133 expellit
711 4064 881 4132 elationem,
902 4061 967 4134 pie·

136 4148 182 4207 tas
198 4148 410 4218 crudelitatem,
427 4151 551 4207 scientie
563 4151 816 4221 indiscretionem,
827 4151 967 4207 fortitudo

136 4236 326 4308 debilitatam,
344 4238 502 4294 consilinm
517 4240 782 4312 improvidentiam,
800 4241 967 4296 intellectus

136 4325 323 4399 incautelam,
341 4327 486 4400 sapientia
501 4329 663 4385 stultitiam.
676 4329 700 4391 Q
722 4346 809 4402 quam
824 4330 902 4386 hona
917 4347 968 4386 cn·

1031 3795 1114 3851 tores
1130 3795 1313 3863 sacerdotes,
1330 3794 1415 3849 locus
1433 3794 1572 3862 mundus,
1592 3797 1711 3864 tempus
1728 3809 1859 3866 praesens

1033 3885 1187 3954 saeculum,
1204 3883 1329 3939 virtutes
1345 3885 1505 3952 sanitates,
1523 3883 1631 3956 gaudia
1646 3883 1857 3940 beatitudines:

1032 3976 1112 4032 Sana
1124 3992 1170 4033 me
1181 3976 1288 4050 itaque,
1300 3974 1435 4043 Domine,
1449 3978 1478 4029 et
1487 3972 1627 4040 sanatam,-
1637 3973 1753 4029 salvum
1763 3990 1809 4030 me
1819 3972 1860 4029 lac

1034 4071 1063 4124 et
1077 4066 1181 4124 salvus
1195 4082 1257 4138 ero,
1274 4065 1408 4140 quoniam
1422 4064 1484 4121 laus
1499 4080 1564 4120 mea
1577 4064 1756 4122 messana
1770 4080 1816 4121 me
1829 4064 1860 4121 dc

1033 4156 1220 4223 infirmitate,
1228 4156 1339 4213 salvum
1348 4171 1394 4212 me
1402 4154 1451 4210 tac
1463 4155 1500 4211 de
1505 4155 1774 4228 perditione.8ana
1780 4169 1824 4210 me
1830 4153 1861 4209 de

1034 4247 1128 4318 culpa,
1141 4246 1255 4302 salvum
1264 4245 1366 4302 metae
1376 4245 1414 4301 de
1426 4261 1524 4318 poena.
1537 4244 1616 4300 Sana
1625 4259 1672 4300 me
1683 4244 1716 4299 in
1728 4251 1860 4317 tempore,

1035 4336 1149 4392 salvum
1163 4352 1210 4390 me
1225 4340 1273 4391 tac
1288 4334 1507 4405 maternitate,
1519 4334 1586 4409 quia
1597 4333 1739 4391 lansmca
1756 4338 1788 4390 tn
1797 4348 1829 4390 es
1837 4331 1863 4385 in

136 4417 247 4491 tidota,
277 4418 386 4492 quihus
415 4422 474 4474 tam
498 4416 575 4474 mala
603 4420 744 4474 curantur
767 4418 966 4491 apostemata!
994 4415 1170 4500 Dutroque,
1188 4424 1238 4497 qui
1253 4423 1330 4480 vivis
1347 4427 1376 4480 at
1390 4440 1511 4496 regnas.

136 4506 229 4569 Diaeta
245 4511 291 4569 aet
302 4525 388 4566 sacra
399 4507 562 4581 Scriptura,
573 4525 639 4580 quae
651 4509 770 4565 diverso
782 4509 869 4565 modo
880 4509 968 4565 nobis

136 4599 302 4672 apponitur,
310 4600 379 4656 dum
389 4599 553 4656 seeundum
564 4599 712 4654 diversam
721 4598 911 4669 capacitatem
922 4615 970 4654 au-

133 4686 970 4761 aientiumpredicaturmuneapponitur-audientibusvel

138 4775 309 4851 legentibus
317 4795 372 4850 ρει
380 4779 545 4849 historiam,
555 4793 634 4834 nune
640 4793 694 4849 per
700 4777 883 4851 allegoriam,
892 4794 970 4834 nunc

136 4881 192 4939 per
206 4869 412 4940 tropologiam,
429 4885 507 4925 nunc
519 4884 572 4941 ρει·
585 4884 752 4942 anagogen,
764 4883 843 4923 nnnc
853 4884 971 4941 quoquc

133 4971 190 5026 per
204 4957 407 5013 auctoritatem
419 4958 537 5014 Veteris
555 4959 747 5028 Testamenti,
764 4973 842 5014 nune
854 4973 908 5029 ρει
917 4974 971 5014 au·

136 5045 302 5101 cleritatem
312 5046 399 5116 Novi,
410 5063 489 5103 nune
500 5047 636 5119 mysticis
646 5047 844 5104 velaminibus
857 5046 972 5104 involu-

138 5137 177 5203 ta,
194 5151 273 5191 nune
288 5151 373 5209 pura,
385 5136 463 5192 nuda
478 5139 506 5192 et
521 5140 632 5207 aperta.

172 5224 294 5280 Talibus
318 5241 391 5298 ergo
416 5226 513 5282 modis
529 5228 557 5282 et
572 5226 672 5283 multis
689 5226 756 5282 aliis
771 5225 858 5282 nohis
885 5226 972 5282 cibus

135 5315 193 5370 iste
205 5314 371 5386 spiritualis
382 5315 549 5385 apponitur,
568 5317 600 5369 ut
612 5331 665 5385 par
686 5332 752 5371 eum
770 5332 853 5388 aeger
869 5319 973 5371 noster

137 5405 321 5462 confortetur
336 5408 365 5458 et
379 5405 416 5459 ad
431 5405 586 5473 sanitatem
601 5404 788 5462 reformetur.
813 5407 903 5460 tiecte
918 5423 972 5459 au·

137 5498 197 5551 tam
208 5494 362 5566 Scriptura
374 5493 461 5548 diaeta
472 5509 541 5549 esse
559 5492 676 5562 dicitur,
689 5494 806 5564 quando
817 5510 884 5566 qum
895 5496 924 5550 in
940 5511 974 5551 ca

138 5599 207 5640 esse
219 5583 354 5640 iacienda
365 5581 505 5656 legimus,
518 5581 655 5652 tacimus
668 5598 734 5654 quaa
744 5583 874 5639 cavenda
885 5600 974 5640 cave-

128 5688 218 5742 lmus.
230 5672 280 5731 Sic
289 5671 366 5730 enim
376 5670 407 5729 ia
415 5671 637 5753 eiboprpecapta
645 5671 827 5779 medicorpm
836 5671 974 5748 tacimus,

1345 4512 1474 4570 SERMO
1493 4512 1559 4568 xli.

1054 4604 1098 4660 De
1112 4603 1321 4676 spiritualibus
1341 4602 1490 4659 montibus
1509 4607 1539 4658 et
1559 4600 1723 4658 arboribus
1741 4597 1846 4663 israel.

1070 4693 1190 4751 Montes
1197 4692 1295 4749 lsrael
1302 4708 1401 4748 rainos
1413 4698 1530 4748 nestros
1538 4690 1709 4764 expandite,
1723 4690 1830 4747 florete
1840 4691 1862 4744 ct

1036 4781 1164 4839 tinctum
1179 4782 1272 4838 tacite
1283 4781 1407 4852 (Erech.
1417 4781 1532 4847 xxxvi),
1545 4779 1671 4850 Habent,
1680 4779 1863 4837 tratraseba·

1035 4872 1161 4943 rissimi,
1187 4872 1252 4928 loca
1275 4887 1347 4926 suas
1367 4870 1602 4943 significationes
1628 4868 1707 4925 sicut
1728 4871 1864 4941 tempora.

1035 4961 1117 5018 Sicut
1133 4962 1211 5019 enim
1221 4977 1274 5032 per
1284 4975 1369 5015 mane
1380 4959 1543 5030 accipimus
1552 4958 1755 5030 cognitionem
1765 4958 1865 5015 verita·

1034 5051 1084 5121 tis,
1101 5067 1156 5123 per
1171 5050 1324 5107 meridiem
1340 5064 1471 5105 amorem
1494 5047 1624 5119 virtutis,
1639 5063 1694 5119 per
1715 5059 1866 5119 vesperam

1036 5139 1244 5213 ignorantiam,
1272 5155 1326 5211 per
1349 5137 1476 5194 madiam
1498 5139 1616 5194 noctem
1644 5135 1798 5207 malitiam,
1822 5149 1868 5208 per

1035 5227 1296 5300 lucemjustitiam,
1309 5243 1363 5299 ρει·
1371 5227 1512 5283 tenebras
1523 5226 1648 5296 culpam:
1658 5224 1866 5298 sicaecipimus

1035 5334 1089 5390 per
1116 5333 1251 5388 campum
1267 5316 1442 5383 libertatem,
1464 5332 1518 5387 ρει
1532 5313 1638 5370 εοΙΙειιι
1653 5313 1764 5369 Ῑιοιιειιι
1778 5313 1865 5369 actio·

1036 5423 1114 5475 nem,
1143 5423 1198 5478 per
1226 5409 1354 5461 montem
1379 5404 1665 5476 contemptationem,
1691 5419 1747 5475 ρει
1768 5401 1867 5459 eaelum

1036 5496 1258 5565 beatiludinem,
1291 5511 1344 5566 per
1368 5495 1476 5550 vallem
1501 5510 1573 5549 vero
1602 5490 1799 5563 iniquitatem,
1822 5503 1867 5562 per

1038 5584 1181 5656 abyssum
1202 5585 1452 5657 desperationem,
1474 5600 1528 5655 ρει
1540 5581 1691 5637 infernum
1706 5582 1865 5637 damnatio·

1033 5688 1115 5756 pem.
1127 5672 1266 5760 Campus,
1287 5673 1498 5747 inaequalitate
1514 5670 1693 5729 constitutus
1709 5670 1768 5727 tria
1781 5669 1863 5727 habat
