3796 6022
534 331 847 399 mscsncauna.
864 332 999 401 -ua
1015 335 1056 423 1.¹
1598 336 1661 407 sat
1750 334 1754 346 ⁸

64 550 85 591 n
99 534 260 591 verobona
275 538 353 591 sunt.
365 535 468 591 Omnia
482 535 685 608 tamen!bona,
700 539 768 592 tan·
826 535 954 594 locatum
968 542 1024 595 est.
1040 539 1098 596 Sed
1118 541 1148 596 io
1172 540 1377 612 spiritualibus
1400 542 1489 599 bonis
1512 559 1660 601 summum

64 641 88 680 ia
98 628 177 695 sunt,
197 627 338 696 quantum
352 626 389 680 ad
402 641 551 683 summum
565 625 675 682 bonum
690 626 769 681 hona
824 625 936 683 bonurn
951 628 1031 684 Deus
1053 631 1109 700 est,
1134 630 1164 686 in
1188 632 1393 703 corporalibus
1407 633 1495 689 bonis
1510 651 1659 691 summum

64 715 119 781 uod
129 730 198 770 vere
215 730 363 770 summum
372 715 483 771 honum
492 718 547 785 est,
561 715 770 770 universaliter
824 716 935 773 bonum
949 718 1038 774 homo
1053 722 1108 774 est.
1124 720 1224 792 ltaque
1236 721 1401 792 corporalia
1413 722 1492 777 hona
1507 724 1544 778 nd
1559 723 1657 779 homi-

64 820 84 860 n
98 807 154 859 est.
170 803 254 869 Quod
278 807 375 859 autem
390 819 449 858 non
463 819 534 859 vere
550 820 697 859 summum
712 804 769 860 ho·
822 823 890 862 nem
900 807 1165 887 reterunturquasi
1175 810 1367 866 adsummum
1379 827 1481 880 suum3
1492 811 1656 882 spiritualia

64 911 77 964 'o
93 910 153 949 non
166 893 384 963 universaliter,
402 893 496 949 sedin
512 909 567 948 suo
583 908 693 966 genere
703 896 769 949 tan-
820 896 898 952 bona
913 912 980 968 quie
995 897 1026 951 in
1040 897 1208 970 cognitione
1223 900 1357 955 ueritatis
1367 903 1503 957 elamore
1514 901 1655 962 bonitatis

64 998 159 1039 omum
172 983 283 1039 bonum
298 985 353 1037 est.
370 982 443 1038 Sunt
457 984 555 1054 itaque
566 982 769 1054 duoquaedam
821 987 999 1056 consistunt,
1015 986 1052 1040 ad
1068 986 1161 1041 Deum
1176 987 1353 1060 referuntur,
1365 989 1492 1045 velutad
1507 1006 1655 1047 summum

64 1072 158 1141 bona;
174 1071 253 1126 aliud
266 1087 337 1126 rere
350 1088 498 1128 summum
514 1074 543 1126 et
556 1088 626 1127 vere
642 1071 767 1141 bonum3
821 1091 918 1131 suum.
934 1074 1190 1146 Corporaliabona
1206 1076 1242 1131 nd
1252 1076 1485 1133 hominembonn
1497 1081 1577 1149 sunt,
1587 1079 1656 1151 quia

75 1177 131 1217 suo
146 1176 255 1233 genere
271 1177 419 1216 summum
432 1165 461 1216 et
475 1162 506 1216 in
520 1177 575 1219 suo
587 1165 699 1218 tantum
717 1177 768 1234 ge·
821 1164 952 1220 hominis
965 1165 1044 1220 hona
1059 1167 1137 1220 sunt.
1154 1164 1410 1235 Spiritualinlrona
1426 1168 1462 1222 ad
1473 1168 1654 1225 Deumbona

64 1266 141 1307 num.
157 1250 216 1305 Sed
231 1251 302 1322 quid
317 1251 475 1307 dicemus?
499 1252 604 1306 Nonne
620 1267 769 1307 summum
821 1256 905 1323 sunt3
921 1269 980 1309 non
996 1253 1065 1325 quia
1074 1254 1126 1309 Dei
1136 1254 1213 1309 hona
1224 1258 1303 1324 sunt,
1316 1256 1369 1311 sed
1380 1256 1448 1328 quia
1458 1272 1496 1312 ex
1506 1258 1653 1316 Deobona

64 1340 144 1396 Deus
160 1343 225 1396 est?
239 1340 271 1396 Si
288 1357 360 1414 ergo
377 1341 435 1396 duo
450 1356 565 1395 summa
588 1340 665 1395 bona
688 1344 767 1411 sunt,
821 1342 1026 1398 snnt.1staah
1047 1342 1164 1399 homine
1178 1344 1257 1399 hona
1278 1360 1339 1400 non
1363 1350 1441 1416 suut,
1466 1347 1518 1402 sed
1542 1347 1654 1403 homini

64 1445 109 1502 [ue
124 1430 164 1485 dii
175 1434 254 1485 sunt.
265 1430 438 1486 liliortasse
450 1431 766 1502 quodaittipostolus:
820 1432 899 1488 bona
914 1435 998 1502 sunt;
1014 1432 1061 1487 illa
1078 1449 1093 1486 a
1116 1433 1177 1488 Deo
1201 1434 1278 1489 bona
1304 1439 1382 1489 sunt.
1407 1434 1554 1508 Quidquid
1578 1437 1656 1493 enim

64 1534 101 1574 rm
114 1519 160 1574 dii
172 1519 257 1574 multi
277 1526 345 1573 sunt
360 1526 390 1574 ct
414 1520 527 1575 doniiui
548 1519 633 1574 multi
656 1519 685 1590 (Ι
700 1519 767 1574 Cor.
822 1524 904 1576 extra
919 1521 1018 1592 ipsum
1032 1521 1143 1576 bonum
1159 1527 1205 1577 est
1219 1523 1256 1577 ab
1271 1523 1337 1594 ipso
1352 1524 1470 1595 quidem
1480 1524 1591 1581 bonum
1599 1530 1654 1592 est,

64 1607 193 1680 cipsum
208 1608 379 1681 significare
392 1609 495 1680 voluit,
506 1609 575 1682 quia
585 1608 645 1665 illic
661 1608 769 1680 quique
822 1611 876 1665 sed
892 1610 949 1681 ipsi
964 1610 1074 1665 honum
1090 1614 1219 1680 nonest,
1236 1612 1288 1683 qui
1302 1613 1386 1668 solus
1401 1613 1466 1683 ipso
1480 1613 1591 1671 bonum
1606 1594 1657 1671 su·

64 1713 99 1753 un
107 1697 235 1769 aliquem
243 1697 361 1753 modum
371 1714 430 1753 non
437 1698 679 1753 inconvenienter
687 1698 767 1753 Deus
824 1715 873 1755 um
888 1702 944 1755 est.
961 1698 1053 1755 Omne
1068 1703 1164 1755 tamen
1179 1700 1289 1756 honum
1305 1702 1370 1757 ideo
1385 1702 1496 1758 bonum
1511 1707 1567 1773 θεῖ,
1588 1704 1657 1775 quia

68 1785 118 1841 uhi
133 1786 221 1842 insui
236 1787 356 1858 generis
367 1787 445 1843 hono
457 1802 591 1842 summus
607 1787 764 1842 invenitur.
824 1789 861 1843 ad
876 1804 1024 1843 summum
1039 1804 1126 1844 suum
1141 1789 1251 1845 bonum
1265 1790 1374 1847 honum
1389 1794 1445 1860 θεῖ,
1458 1795 1487 1846 θῖ
1502 1791 1657 1848 intantum

65 1880 143 1931 utem
157 1875 205 1944 ait,
219 1893 293 1930 anus
307 1875 388 1930 Deus
398 1881 444 1930 est
458 1876 559 1945 (ibid.)
570 1874 643 1941 Quid
655 1879 702 1931 est
714 1891 765 1931 uo-
784 1899 809 1962 Β
824 1879 935 1934 bonum
950 1881 1006 1947 est,
1022 1878 1052 1932 in
1068 1881 1208 1950 quantum
1232 1880 1268 1933 ad
1293 1879 1390 1950 ipsum
1411 1879 1522 1937 bonum
1546 1881 1658 1937 bonum

64 1963 216 2020 adentibus
226 1965 263 2019 ad
274 1981 422 2020 summum
430 1964 550 2019 honum.
562 1964 607 2019 Ad
619 1980 767 2019 summum
823 1970 878 2023 est.
897 1969 953 2022 l‘er
967 1983 1114 2022 summum
1130 1967 1221 2039 igitur
1230 1968 1340 2024 bonum
1352 1968 1463 2040 reliqua
1475 1971 1572 2025 omnin
1582 1970 1656 2043 diju·

64 2053 329 2109 comtendentihus
339 2070 417 2109 unus
427 2054 647 2110 estildverum
657 2055 768 2109 honum
822 2058 887 2112 dica
902 2060 930 2112 et
945 2057 1042 2128 ipsum
1057 2057 1143 2128 quasi
1157 2057 1291 2129 regulam
1301 2056 1425 2130 justitiae
1434 2057 1586 2130 injudicio
1594 2060 1655 2114 nni·

65 2143 123 2199 bus
137 2159 227 2198 verus
242 2145 297 2198 est.
314 2142 510 2198 lateriorihus
533 2142 640 2213 positis
657 2143 767 2215 quihus
821 2161 979 2202 versorum
993 2147 1149 2202 constitue.
1164 2144 1240 2210 Quid
1253 2149 1300 2201 est
1314 2145 1443 2202 honum?
1453 2145 1654 2212 Quodbonum

64 2231 201 2288 ahenum
211 2232 366 2302 pervenire
377 2248 435 2288 non
446 2232 541 2300 datur,
553 2231 621 2286 allia
632 2232 766 2304 quaedam
821 2238 867 2290 est
875 2235 912 2290 ad
923 2250 1071 2290 summum
1080 2234 1200 2289 honum.
1210 2233 1294 2300 Quod
1304 2237 1350 2290 est
1358 2251 1427 2290 vere
1435 2235 1565 2291 honum?
1573 2236 1652 2309 quod

64 2320 141 2376 bona
155 2323 305 2394 suntque
320 2337 390 2378 vere
413 2338 528 2377 summa
552 2338 612 2377 non
635 2325 714 2390 sunt,
739 2325 767 2376 et
821 2325 932 2381 bonum
948 2327 993 2381 θεῖ
1007 2324 1043 2379 θεῖ
1060 2339 1163 2378 verum
1177 2323 1298 2379 honum.
1310 2323 1385 2389 Quid
1400 2327 1446 2380 est
1459 2325 1571 2381 bonum
1585 2341 1655 2391 esse

64 2425 86 2465 a
98 2428 158 2466 non
174 2415 253 2481 sunt,
269 2429 385 2468 summa
399 2416 495 2468 tamen
510 2412 540 2466 in
555 2428 611 2469 suo
628 2411 723 2484 gradu
738 2414 766 2466 et
822 2414 858 2469 ad
873 2414 968 2469 illudi
981 2414 1127 2484 prodesse
1142 2413 1179 2467 ad
1194 2412 1276 2468 illud.
1288 2412 1371 2479 Quod
1383 2414 1564 2471 convertitet
1574 2415 1655 2471 duait

64 2501 219 2557 mostituta.
238 2502 272 2557 Et
287 2502 365 2575 quod
381 2502 486 2573 cuique
497 2517 644 2556 summum
654 2504 699 2555 est
710 2500 767 2555 hoe
821 2503 857 2557 ad
873 2502 960 2572 illud;
974 2505 1004 2558 et
1017 2502 1044 2557 si
1059 2509 1118 2558 non
1133 2501 1213 2558 ducit
1228 2503 1366 2559 conducit
1374 2507 1481 2559 tamen.
1492 2503 1525 2559 Si
1534 2504 1657 2574 prodest

64 2591 220 2663 .est.lEcce
229 2591 332 2663 inquit,
344 2591 436 2646 Deum
447 2591 618 2645 Pharaonis
627 2589 768 2644 constitui
821 2591 856 2645 θεῖ
873 2591 955 2661 ῖῖῖεεεῖ,
972 2590 1062 2647 duait.
1079 2590 1110 2646 Si
1124 2591 1247 2663 prodest
1260 2591 1313 2662 illi,
1331 2591 1478 2648 conducit
1488 2592 1657 2664 Spiritunlia

64 2679 78 2735 l
91 2682 155 2747 aur).
172 2679 249 2734 Ecce
265 2681 322 2735 duo
346 2680 387 2735 dii
409 2680 468 2735 imo
491 2682 568 2748 tres3
593 2679 713 2749 Moyses
738 2679 768 2733 in
821 2680 899 2736 bona
914 2681 950 2735 θεῖ
966 2695 1113 2736 summum
1130 2697 1217 2736 suum
1232 2680 1353 2749 ducunt,
1379 2682 1447 2753 quia
1470 2686 1596 2752 prosunt
1619 2683 1655 2737 ad

64 2794 77 2838 ι,
94 2768 182 2825 homo
193 2770 223 2824 in
234 2770 353 2838 mundo,
364 2769 486 2824 Creator
496 2768 523 2822 in
536 2768 622 2824 coelo.
635 2768 670 2822 Et
680 2767 770 2823 hebet
822 2768 904 2825 illud.
915 2769 1170 2841 Corporaliabona
1180 2769 1217 2825 ad
1225 2786 1373 2825 summum
1382 2786 1469 2826 suum
1479 2771 1658 2840 conducunt,

65 2874 124 2930 qne
140 2859 324 2914 Pharaonem
345 2874 442 2913 suum.
465 2857 540 2923 Quid
564 2860 611 2913 est
637 2857 768 2912 Pharao·
822 2859 891 2931 quia
906 2862 1032 2929 prosunt
1046 2858 1097 2913 illi.
1114 2858 1189 2924 Quid
1201 2863 1246 2914 est
1261 2859 1392 2915 malum?
1403 2860 1480 2931 quod
1493 2859 1599 2915 malum
1611 2863 1660 2916 θεῖ

66 2951 219 3021 egatorem
233 2951 261 3003 θῖ
275 2948 531 3003 contradictor-em.
546 2946 660 3002 Pharao
676 2947 769 3001 inter·
822 2948 858 3003 ad
875 2963 1023 3004 summum
1036 2947 1156 3003 honum.
1173 2947 1247 3013 Quid
1263 2951 1421 3003 estverum
1431 2949 1564 3003 malum?
1578 2949 1658 3020 quod

73 3054 268 3110 negansccm,
281 3037 310 3092 id
321 3040 367 3091 est
378 3037 480 3092 Deum.
491 3036 654 3105 Dominum,
664 3035 769 3107 inquit,
824 3038 931 3093 malum
947 3040 994 3091 θεῖ
1007 3036 1044 3091 θεῖ
1059 3052 1162 3092 verum
1176 3037 1296 3092 bonum.
1316 3036 1390 3102 Quid
1404 3040 1451 3092 est
1464 3036 1573 3091 malum
1587 3051 1657 3091 esse

64 3136 138 3202 nori,
152 3141 182 3190 et
196 3135 296 3190 Israel
309 3151 366 3190 non
381 3136 527 3190 dimittam
545 3132 652 3201 (Erod.
669 3130 710 3199 r).
735 3129 768 3184 In
824 3133 861 3187 ad
874 3132 1006 3187 bonum?
1021 3144 1129 3185 nocere
1143 3129 1183 3183 illi
1200 3129 1246 3184 vel
1262 3144 1370 3184 nocere
1384 3128 1420 3181 ad
1432 3126 1513 3182 illud.
1525 3126 1600 3191 Quid
1611 3128 1659 3183 est

64 3241 120 3281 ans
134 3242 201 3281 eum
217 3225 334 3281 dicitur.
350 3224 424 3289 Quid
449 3228 496 3280 est
518 3240 629 3296 negare
652 3223 767 3277 ileum?
785 3217 932 3280 Onoeore
946 3222 984 3277 ad
998 3221 1094 3278 illudi
1109 3221 1206 3275 iacere
1219 3224 1253 3274 ut
1266 3220 1338 3275 illud
1352 3219 1509 3285 amittatur,
1535 3217 1583 3271 vel
1612 3215 1657 3270 ta·

64 3331 85 3371 n
98 3315 209 3371 bonum
224 3331 345 3387 negare.
363 3314 442 3370 Deus
457 3314 538 3369 enim
553 3329 700 3368 summum
715 3312 767 3367 bo·
825 3328 892 3369 cere
906 3316 1012 3369 utnon
1027 3311 1203 3368 obtineatur.
1221 3308 1301 3381 Ergo
1316 3307 1481 3378 corporalia
1495 3307 1575 3363 bona
1595 3321 1657 3362 om·

66 3444 74 3459 .
92 3403 148 3469 Qui
163 3411 251 3474 negat
277 3404 371 3474 inquit
386 3403 557 3474 Apostolus,
574 3402 725 3458 Christum
737 3402 768 3456 in
824 3404 871 3457 nia
887 3405 916 3458 et
925 3402 998 3459 mala
1010 3402 1077 3457 ideo
1089 3402 1168 3456 bona
1178 3399 1301 3455 suutvel
1312 3397 1398 3467 mala,
1410 3396 1479 3469 quia
1489 3396 1569 3452 hono
1580 3397 1658 3469 quod

64 3493 170 3561 coisse,
188 3493 237 3548 tric
253 3499 299 3548 est
314 3493 523 3548 Antichristus
537 3491 565 3560 (I
577 3492 649 3548 door
660 3492 702 3562 ει),
713 3490 770 3545 hoe
824 3509 971 3548 summum
987 3495 1034 3547 θεῖ
1046 3491 1083 3545 θεῖ
1099 3490 1148 3545 illa
1163 3492 1291 3560 prosunt
1303 3487 1478 3545 velnoceut.
1490 3486 1659 3557 Spiritualia

63 3582 161 3636 rarius
177 3581 306 3636 tlhristo.
319 3581 349 3636 Si
361 3597 434 3653 ergo
449 3582 499 3652 qui
509 3585 598 3653 neget
607 3580 768 3648 Christum,
823 3584 921 3637 nutem
940 3581 1019 3637 bona
1043 3581 1141 3635 omnia
1162 3583 1192 3635 et
1213 3578 1300 3647 mala,
1323 3577 1390 3633 ideo
1413 3577 1492 3633 bona
1514 3576 1562 3632 vel
1581 3577 1658 3632 mala

64 3670 135 3726 istus
146 3673 202 3739 θεῖ,
215 3670 306 3743 igitur
316 3671 366 3742 qui
377 3671 553 3725 adversetur
562 3672 592 3725 et
602 3668 770 3724 contrarius
823 3673 903 3740 sunl,
930 3670 999 3742 quia
1019 3669 1056 3725 ad
1080 3669 1190 3725 bonum
1214 3667 1295 3739 quod
1318 3682 1465 3721 summum
1483 3668 1532 3721 est
1544 3665 1582 3720 ad
1597 3665 1657 3734 illa,

64 3760 209 3815 mobono.
227 3760 537 3833 hicnegatsummum
553 3760 774 3829 bonum,etest
824 3759 1320 3829 prosuntuelnocent;ettautum
1342 3758 1465 3826 utraque
1488 3755 1566 3809 bona
1587 3756 1657 3808 sunt
1709 3776 1715 3785 ·

71 3848 100 3905 id
109 3851 155 3904 est
165 3865 280 3922 negans
289 3848 448 3914 equnid
457 3848 770 3904 estcontrariumvero
825 3848 872 3903 vel
885 3847 970 3918 mala,
987 3848 1129 3919 quantum
1142 3848 1267 3916 prosunt
1280 3843 1327 3899 vel
1338 3847 1446 3899 nocent
1459 3844 1525 3898 sive
1535 3842 1578 3897 illi
1593 3842 1659 3899 sive

64 3937 205 3994 siveram
219 3939 350 3994 malum?
374 3938 410 3993 lit
431 3953 490 3994 non
514 3954 585 3993 vero
606 3937 694 4006 hono,
712 3935 771 3990 uisi
823 3936 860 3991 ad
874 3936 956 3991 illud.
972 3934 1163 4006 Qnrecnnque
1179 3936 1275 3989 autem
1295 3932 1489 4003 corporaliter
1510 3932 1596 3995 bono
1612 3931 1659 3986 di·

64 4043 111 4083 um
125 4028 258 4084 malum?
274 4028 351 4084 Ecce
369 4044 443 4100 ergo
469 4028 686 4083 constituamus
708 4029 770 4081 tres
824 4029 940 4093 cuntur,
963 4024 1129 4081 secundum
1152 4023 1232 4095 quod
1254 4022 1331 4079 bona
1355 4025 1425 4077 suut
1443 4020 1566 4091 homini,
1582 4020 1659 4075 hona

64 4132 107 4172 las
122 4120 224 4171 contra
239 4120 300 4172 tres
316 4117 389 4172 deos
413 4117 509 4187 Moysi
531 4116 707 4172 adversatur
727 4118 771 4186 ty·
823 4116 970 4171 dicuntur.
986 4113 1177 4185 Quocunque
1187 4114 1285 4167 autem
1295 4111 1488 4182 corporaliter
1496 4110 1576 4166 bona
1591 4111 1660 4165 srmt

64 4204 235 4277 AEgyptius,
252 4205 363 4261 homini
378 4206 518 4275 mundus,
539 4206 600 4261 Deo
622 4204 768 4260 diabolus.
823 4204 945 4273 homini,
957 4202 1417 4273 secundumquinquesensuum
1427 4199 1660 4272 perceptionem.

74 4294 257 4361 crudelitate,
284 4296 435 4351 secundus
460 4296 648 4363 adversitate,
665 4293 768 4349 tertius
822 4293 900 4349 bona
930 4296 1011 4363 sunt,
1033 4308 1087 4364 per
1101 4307 1178 4363 quos
1206 4290 1343 4347 videlicet
1370 4305 1481 4346 sensus
1510 4291 1539 4345 et
1552 4288 1659 4344 animae

64 4398 95 4439 e.
111 4383 229 4438 Primus
240 4385 395 4452 saevitiam,
409 4385 560 4440 secundus
570 4399 697 4455 poenam,
709 4385 767 4437 ter·
824 4382 1035 4440 commercium
1048 4384 1095 4437 θεῖ
1109 4381 1146 4436 θεῖ
1157 4381 1308 4448 mundum,
1318 4383 1347 4434 et
1355 4379 1463 4434 mundo
1474 4379 1511 4434 ad
1518 4377 1657 4433 animam.

64 4470 143 4527 itiam
158 4474 288 4543 opponit.
306 4473 480 4529 interiorem
503 4474 594 4527 uitam
618 4472 648 4527 in
669 4471 764 4527 anima
822 4471 932 4527 Omnes
947 4472 1050 4527 iormoe
1064 4486 1165 4525 rerum
1179 4472 1208 4524 et
1218 4469 1322 4540 figure
1333 4471 1362 4523 et
1371 4468 1488 4523 colores
1499 4470 1528 4520 θῖ
1539 4465 1658 4536 species

64 4575 123 4616 rere
139 4564 263 4616 conatur
277 4561 433 4633 iniquitas3
449 4565 627 4617 exteriorem
637 4561 726 4617 vitam
736 4560 765 4614 in
780 4540 808 4602 D
822 4560 987 4616 secundum
1001 4559 1188 4615 visumhona
1198 4558 1345 4625 dicuntur,
1357 4556 1426 4628 quia
1436 4553 1655 4620 adsumerent,

82 4650 275 4722 exstinguere
305 4654 428 4706 conatur
457 4650 631 4705 mortalitas.
669 4650 765 4720 Moysi
821 4652 850 4704 θῖ
865 4648 1030 4705 εθθεεεεεῖεεεεε
1044 4648 1142 4703 νῖεεεεει
1156 4647 1273 4718 placent
1287 4644 1413 4712 homini;
1429 4647 1459 4698 et
1473 4660 1541 4716 qum
1558 4642 1657 4713 magis

64 4743 158 4795 matur
173 4740 364 4812 exstinguere
382 4738 546 4794 Pharaonis
557 4738 727 4795 crudelitas.
819 4739 918 4793 visum
945 4736 1093 4792 delectant
1114 4735 1301 4808 magisteria
1324 4733 1471 4800 dicuntur,
1502 4732 1580 4787 sicut
1608 4730 1659 4787 illa

76 4828 216 4883 omnihus
230 4829 480 4884 contradictiones
495 4830 574 4882 sunt.
588 4828 661 4882 Sunt
676 4827 767 4900 igitur
819 4844 885 4898 ques
902 4827 1045 4895 cruciant,
1061 4825 1147 4880 mala.

64 4931 118 4972 rma
131 4917 220 4983 hona,
238 4921 393 4987 utrumque
409 4916 439 4970 in
453 4932 509 4971 suo
526 4916 638 4972 ordine.
653 4917 686 4971 ln
700 4917 764 4988 spi·
853 4915 994 4973 Similiter
1008 4915 1038 4969 io
1053 4914 1139 4970 sonis
1154 4916 1183 4968 et
1197 4911 1323 4968 canticis
1339 4927 1406 4983 quea
1421 4910 1552 4966 auditum
1573 4911 1656 4967 dala-

64 5021 85 5061 rs
95 5004 184 5060 bonis
196 5006 430 5060 Deussummum
440 5005 552 5060 bonum
560 5007 615 5072 θεῖ,
625 5007 765 5076 quoniam
818 5007 906 5073 etant,
920 5004 999 5060 bona
1013 5003 1152 5058 dicuntur
1168 5017 1175 5056 :
1191 5003 1221 5056 et
1248 5017 1315 5072 quaa
1345 5000 1479 5055 cruciant
1505 4999 1597 5069 mala;
1628 5002 1656 5055 et

64 5092 203 5165 spirituale
218 5093 328 5149 honum
344 5098 398 5149 est.
414 5094 445 5148 ln
461 5092 666 5165 corporalibus
675 5093 763 5149 honis
817 5110 883 5165 qum
899 5092 997 5165 magis
1012 5091 1158 5148 delectant
1172 5089 1220 5144 vel
1235 5088 1378 5158 cruciant,
1395 5089 1492 5162 magis
1510 5089 1591 5145 bona
1605 5088 1653 5145 vel

64 5198 179 5237 immam
194 5183 305 5238 bonum
320 5187 375 5249 est,
389 5184 567 5254 inquantum
578 5182 643 5252 ipse
654 5198 763 5252 corpus
816 5182 902 5237 mala.
919 5181 966 5237 Δεῖ
985 5179 1064 5236 hunc
1079 5177 1199 5235 modum
1221 5177 1252 5233 in
1275 5177 1420 5234 odoribus
1444 5193 1563 5250 quoque
1587 5194 1654 5250 ques

64 5287 121 5343 ipra
140 5272 305 5341 corporalia
321 5273 419 5326 omnia
435 5271 571 5327 conditus
590 5274 645 5335 est,
664 5275 692 5328 et
706 5286 765 5326 om·
816 5270 943 5341 amplias
956 5268 1097 5326 olfactum
1110 5267 1259 5325 delectant
1272 5268 1369 5341 magis
1391 5268 1470 5325 bona
1494 5268 1651 5335 dicuntur;

64 5359 155 5417 oralia
169 5376 237 5431 quae
251 5360 327 5415 iacta
343 5364 412 5415 eunt
428 5362 548 5431 propter
561 5359 660 5430 ipsum
685 5358 760 5413 iacta
816 5375 882 5430 quai
897 5358 1000 5415 dolore
1014 5357 1149 5415 afficiunt
1162 5358 1191 5413 et
1205 5356 1348 5428 cruciant,
1365 5356 1441 5412 mala
1451 5356 1650 5413 nominantur.

64 5451 106 5507 aa
118 5464 193 5520 ergo
217 5450 381 5520 spiritualia
405 5450 482 5504 hona
508 5451 607 5505 omnia
629 5448 667 5502 ad
691 5448 763 5503 illud
815 5447 956 5503 Similiter
970 5447 1000 5503 in
1016 5451 1107 5518 gustu
1121 5449 1152 5503 et
1164 5449 1243 5502 tactu
1257 5446 1415 5502 invenitur.
1427 5445 1478 5501 Sic
1485 5461 1560 5517 ergo
1574 5459 1653 5514 qam-

64 5535 308 5609 alei-nuturquod
320 5539 350 5593 iu
361 5554 537 5611 sucgerere
548 5553 696 5593 surrimum
717 5544 765 5596 ost
815 5551 932 5608 cunque
951 5536 1145 5607 corporaliter
1158 5536 1237 5593 bona
1252 5536 1391 5593 dicuntur
1404 5536 1527 5604 propter
1542 5546 1652 5601 corpus

64 5627 766 5697 recorpomliabonaomniaadilludretsruotur
814 5625 955 5695 hominia,
971 5624 1199 5681 benedicuntur
1212 5622 1425 5695 propterquod
1437 5621 1514 5676 iactr
1536 5622 1606 5675 sunt
1621 5623 1654 5673 ut

64 5715 131 5793 prod
145 5715 396 5799 intercarpentis
410 5716 509 5780 omnia
524 5730 697 5798 supremum
705 5714 764 5772 col·-
813 5713 854 5777 illi
869 5713 949 5779 hope
963 5715 1069 5779 θεεθθῖ,
1081 5713 1196 5773 mia.
1206 5706 1681 5783 &mmmmmxl-
