3796 6022
68 303 131 370 597
450 288 458 299 “’
672 292 986 364 MISGELLANEA.
1005 243 1138 364 -·LlB.
1156 303 1196 366 ll.
1740 305 1801 373 598

70 505 151 562 Deus
160 503 234 559 dixit
247 519 281 560 se
291 501 448 576 privilagio
465 502 673 558 dominationis
688 502 843 574 utriusque
853 516 905 572 po·
919 476 949 543 Ᾱ
966 506 1085 556 erectus
1099 508 1146 557 est
1161 502 1300 559 inimicus
1314 522 1396 559 meus
1410 505 1578 576 (Timent).
1595 507 1637 562 De
1648 505 1703 562 bne
1714 508 1800 563 etiam

68 598 206 649 testatem
222 592 388 660 vindicare,
404 592 541 647 diabolus
557 592 630 646 dixit
645 607 679 646 se
692 591 760 662 quia
773 591 835 663 jam
850 607 908 645 am·
964 590 1086 645 sinistra
1097 592 1127 646 in
1139 593 1300 665 Evangelio
1312 594 1437 648 dieitur:
1456 594 1492 647 Si
1503 596 1568 666 quis
1578 601 1606 649 tc
1612 597 1801 667 percusserit

68 683 149 753 plius
164 697 224 737 non
235 684 348 752 posset,
366 680 439 735 nihil
451 680 579 752 exiere,
596 680 649 735 sed
661 696 698 735 ex
710 680 907 750 permissione
963 679 1322 750 iusinistrammaxillnm,
1328 683 1468 752 prurireei
1475 684 1799 757 etalterathattlrm).

68 771 231 843 postulare.
257 771 336 825 Dens
362 769 436 825 dixit
453 785 487 824 se
506 773 617 824 tantum
632 770 659 824 ei
674 770 907 839 permissurum,
963 768 1120 824 Sinistrum
1142 770 1250 841 quippe
1275 771 1424 824 maxillam
1447 773 1574 841 percutit
1598 773 1647 843 qui
1668 775 1799 830 exterius

68 864 212 932 quantum
227 860 313 915 etiam
328 859 409 913 avari
425 858 533 913 famem
549 859 657 912 satiare
671 858 781 929 possit;
803 856 908 912 diabe·
961 862 1057 913 nocet.
1083 858 1136 913 tlui
1160 875 1214 912 nos
1237 860 1388 913 dexteram
1405 861 1552 914 maxillam
1569 862 1755 932 praebemus,
1772 865 1800 919 si

69 950 117 1004 lus
133 949 208 1004 dixit
222 965 255 1004 se
271 964 330 1004 non
344 951 456 1003 tantum
472 951 676 1019 accepturum,
693 946 764 1018 quin
779 947 907 1017 amplius
962 947 1218 1002 eontraexteriora
1229 949 1344 1016 damna,
1358 950 1463 1003 animae
1474 950 1600 1005 virtutes
1610 951 1796 1024 opponimus,

69 1038 177 1109 cupiat,
194 1039 221 1092 si
235 1038 298 1092 lieri
314 1038 420 1108 possit.
442 1038 495 1092 llis
511 1037 609 1107 dictis,
623 1036 718 1108 jussit
732 1037 812 1091 Deus
827 1036 905 1091 tendi
961 1037 993 1090 ut
1007 1036 1122 1090 scilieet
1137 1040 1216 1091 tanto
1232 1038 1330 1090 minus
1348 1037 1421 1090 toris
1437 1038 1601 1106 periculum
1626 1040 1797 1110 timeamus,

67 1127 220 1182 funiculos
234 1128 265 1181 in
276 1127 479 1197 partitionem,
496 1130 524 1181 ct
538 1127 651 1181 invenit
664 1126 803 1196 virentia,
821 1129 849 1180 et
864 1125 906 1179 ir·
960 1129 1069 1196 quanto
1083 1126 1194 1180 certius
1210 1125 1382 1195 praesidium
1398 1126 1477 1180 intus
1493 1131 1539 1181 est
1554 1128 1583 1181 in
1599 1143 1657 1199 quo
1672 1129 1797 1185 contidi-

67 1215 154 1288 rigua
170 1217 200 1270 in
216 1216 344 1271 vallibus
361 1216 439 1285 imis,
455 1216 569 1271 minora
585 1215 691 1286 spatio,
708 1214 821 1287 majora
836 1230 906 1285 pre·
960 1230 1038 1268 mus.

67 1305 124 1372 ti03
151 1309 180 1360 et
203 1304 268 1360 boee
292 1304 434 1376 praecepit
455 1305 560 1375 seponi
583 1304 620 1359 ad
638 1308 751 1376 partem
765 1304 905 1374 alteram3
1076 1303 1145 1358 Cur.
1167 1302 1233 1356 XV.
1249 1302 1368 1357 Laetitia
1384 1303 1503 1375 impleri
1520 1304 1570 1361 ubi
1585 1304 1682 1360 fletur.

67 1394 303 1464 desertaautem,
316 1396 344 1448 et
352 1393 434 1448 arida
444 1394 473 1447 in
482 1393 612 1463 ruribus,
630 1392 904 1463 etmontibusaltis,
994 1390 1244 1463 Adimplebisme
1260 1390 1443 1446 laetitiarum
1461 1393 1542 1447 vultu
1556 1399 1603 1447 tue
1622 1393 1716 1461 (Psal.
1734 1395 1795 1466 xv).

66 1481 133 1550 luta,
147 1485 176 1536 et
186 1486 309 1553 aspectu
320 1484 458 1553 patentia,
475 1498 581 1555 magna
597 1483 702 1553 spatio,
719 1483 788 1537 vilia
799 1482 904 1553 pretio,
960 1480 992 1535 ln
1016 1480 1071 1533 bac
1093 1480 1153 1534 vita
1176 1480 1291 1534 mortali
1315 1481 1473 1552 aliquando
1497 1481 1589 1535 laetari
1613 1471 1795 1552 possumus3

66 1576 96 1626 et
120 1571 186 1625 haec
207 1571 298 1642 jussit
322 1573 358 1626 ad
386 1572 507 1626 alteram
533 1575 644 1642 partem
671 1571 795 1627 dicerni.
822 1571 905 1626 Tunc
959 1567 1075 1640 impleri
1092 1567 1193 1623 laetitia
1208 1584 1268 1623 non
1283 1585 1459 1641 possumus,
1487 1570 1555 1641 quia
1576 1573 1605 1625 et
1619 1587 1645 1625 si
1661 1573 1797 1642 quaedum

66 1661 217 1714 mandevit
227 1660 377 1716 diabolum
387 1661 510 1729 adesse,
527 1665 555 1714 et
569 1660 723 1714 assistenti
732 1660 824 1714 sicait
837 1675 843 1714 :
860 1660 904 1715 Ne
959 1660 1029 1712 sunt
1043 1673 1111 1728 que
1126 1657 1285 1728 laetificant,
1300 1659 1391 1714 multa
1407 1663 1476 1714 sunt
1490 1676 1557 1732 quae
1574 1660 1759 1715 contristant.

67 1749 143 1804 sorte
158 1751 208 1803 out
221 1748 572 1821 violentiamjudicantis,
582 1752 632 1803 aut
642 1750 794 1803 avaritiam
805 1749 903 1804 dantis
959 1745 1029 1801 Gar.
1045 1745 1125 1801 XVI.
1142 1746 1276 1802 Dextera
1292 1754 1322 1802 et
1337 1748 1462 1802 sinistra
1475 1749 1531 1803 Dei
1539 1765 1602 1820 qum
1615 1749 1685 1815 sint,
1705 1754 1735 1803 et
1747 1749 1798 1804 ubi

67 1838 306 1907 causarivaleas,
319 1837 641 1911 quidquiDoenlustuus
652 1838 742 1903 videt,
753 1837 809 1892 tibi
817 1837 902 1894 dabo.
919 1799 945 1862 B
1164 1835 1324 1892 delectatio
1341 1853 1430 1909 usque
1446 1838 1476 1891 in
1491 1837 1589 1892 tinem.

68 1927 151 1981 Tune
175 1926 327 1996 diabolus,
354 1927 402 1998 qui
423 1927 849 1992 emnesublimeconsiderat,
877 1931 906 1982 et
994 1925 1217 1982 Delectationes
1239 1926 1271 1979 in
1298 1926 1425 1980 dextera
1453 1933 1501 1982 tua
1534 1942 1623 1999 usque
1651 1927 1683 1980 in
1707 1928 1795 1983 daem

68 2015 191 2070 humilia
211 2032 269 2071 non
293 2015 371 2070 valet
393 2016 518 2086 intueri,
540 2016 642 2071 levans
662 2015 766 2071 oeulos
789 2017 906 2086 aspexit
957 2015 1052 2084 (Paul.
1069 2015 1130 2085 xv).
1147 2014 1273 2070 Sinistra
1290 2015 1342 2068 Dei
1355 2014 1432 2069 bona
1443 2016 1711 2087 suuttemporalia3
1728 2018 1797 2072 dex-

68 2107 185 2159 montes
200 2105 287 2172 altos,
297 2107 325 2159 et
337 2120 409 2159 saxa
420 2105 616 2176 prominentia
628 2105 658 2159 in
669 2104 793 2176 rupidus
802 2120 836 2160 ac
851 2105 905 2158 de·
956 2108 1020 2158 tera
1035 2104 1086 2158 Dei
1102 2103 1179 2159 bona
1195 2107 1314 2158 aeternu.
1328 2104 1361 2157 ln
1374 2105 1587 2175 temporalibus
1598 2107 1695 2160 autern
1705 2105 1794 2161 bonis

67 2193 301 2263 sertapatientia,
315 2193 903 2266 etquusitotumsibicessisseglorians.
957 2192 1168 2248 delectationes
1197 2193 1332 2264 quaedam
1356 2197 1439 2262 sunt,
1462 2195 1634 2265 sedesque
1657 2194 1687 2249 in
1706 2195 1795 2249 linem

66 2281 288 2353 ‹lespexitquod
302 2283 380 2336 Deus
391 2282 531 2354 elegerat.
544 2283 618 2337 Tum
632 2283 711 2337 Deus
723 2282 904 2353 increpitans
956 2297 1016 2337 non
1031 2285 1110 2352 sunt,
1127 2281 1195 2353 quia
1213 2282 1244 2335 in
1264 2282 1319 2337 hac
1341 2282 1400 2335 vita
1423 2299 1541 2352 semper
1554 2283 1694 2356 gaudium
1710 2282 1795 2338 dolor

66 2386 100 2422 ae
116 2370 278 2425 eaecitatem
294 2370 361 2424 elati
376 2371 515 2427 deridens
532 2373 590 2426 ait:
616 2371 715 2426 Fures
730 2372 904 2426 ceciderunt
958 2370 1103 2441 sequitur,
1120 2373 1149 2424 et
1163 2370 1259 2424 omnis
1271 2371 1534 2426 delectatioamaro
1544 2372 1601 2426 fine
1609 2371 1792 2426 terminatur.

65 2457 141 2512 nribi
156 2459 187 2512 in
198 2459 358 2530 preclaris
372 2459 467 2530 (Psal.
480 2463 540 2532 xv).
554 2461 709 2515 Tuluudus
720 2461 797 2532 quod
808 2461 902 2529 vides,
957 2459 990 2514 ln
1004 2459 1125 2514 dextera
1140 2461 1236 2514 autem
1253 2459 1306 2513 Dei
1322 2460 1533 2515 delectationes
1549 2459 1794 2530 usqueinflnem
1878 2462 1882 2468 ’

65 2550 94 2600 et
110 2562 167 2619 ego
182 2549 209 2602 te
225 2547 312 2602 laude
323 2549 402 2620 quod
411 2548 507 2604 video.
520 2549 563 2604 Tu
573 2549 602 2604 in
614 2549 672 2604 imo
681 2565 725 2620 es,
735 2553 763 2604 et
772 2551 904 2620 propter·
956 2551 1036 2618 sunt,
1053 2547 1122 2618 quia
1137 2548 1167 2601 in
1182 2548 1368 2604 vitareterna
1386 2564 1442 2602 nee
1456 2548 1563 2619 gaudia
1579 2548 1609 2601 in
1624 2563 1792 2618 moerorem,

65 2652 101 2691 ea
117 2637 213 2691 oeulis
230 2638 288 2692 tuis
305 2638 364 2693 nisi
380 2639 410 2693 in
425 2640 492 2709 alta,
518 2642 546 2694 et
560 2639 705 2694 exstantia
720 2655 778 2694 non
794 2642 901 2710 putent.
956 2654 1011 2693 nee
1027 2637 1239 2693 delectationes
1256 2639 1286 2693 in
1302 2638 1435 2693 dolorem
1450 2637 1553 2691 mutari
1570 2640 1708 2708 possunt.

66 2725 131 2798 Ego
147 2726 276 2796 desuper
292 2727 483 2798 contemplor,
501 2744 588 2800 quom
604 2727 731 2783 habeant
749 2726 904 2782 amoenita—
1019 2726 1089 2783 Car.
1108 2727 1202 2782 XVll.
1219 2727 1264 2781 De
1280 2726 1379 2780 tribus
1395 2726 1541 2781 orantium
1555 2725 1730 2797 peceribus.

65 2816 124 2869 tem
142 2814 273 2869 humilia.
290 2815 411 2870 Etenim
426 2817 589 2872 baereditas
606 2834 668 2872 mee
687 2816 835 2889 praeclara
856 2824 903 2871 cst
993 2815 1129 2871 Auribus
1140 2816 1264 2887 percipe
1279 2815 1442 2870 orationem
1457 2831 1568 2884 meam,
1586 2831 1642 2870 nen
1658 2815 1689 2870 in
1703 2815 1796 2870 labiis

63 2904 141 2958 milri
150 2903 250 2976 (ibid.)
959 2905 1071 2961 delusis
1086 2904 1181 2972 (Psal.
1197 2906 1269 2974 xvi).
1283 2904 1352 2958 Iuleo
1361 2904 1495 2959 exaudiri
1505 2905 1644 2975 postulat,
1657 2905 1726 2976 quia
1735 2919 1795 2963 non

63 2993 135 3048 (iar.
149 2992 227 3048 Xlll.
242 2991 902 3067 QuidsitprovidereDemiuuminconspectu
959 2995 1056 3049 solum
1080 2993 1183 3061 labiis,
1215 2993 1269 3046 sed
1293 2992 1382 3046 corde
1407 2994 1479 3047 orat.
1506 2993 1573 3046 'l'ria
1595 2996 1665 3049 sunt
1684 3009 1795 3066 genera

386 3098 438 3137 suo
453 3099 580 3155 semper.
919 3082 1122 3183 Corantium:
1145 3081 1195 3137 alii
1210 3080 1261 3151 qui
1276 3080 1351 3135 solis
1367 3080 1463 3148 labiis,
1480 3080 1530 3134 ulii
1546 3081 1595 3151 qui
1612 3080 1677 3135 solo
1693 3081 1792 3151 eorde,

100 3171 304 3229 Providebnm
320 3172 476 3227 Dominum
491 3173 521 3226 iu
538 3181 696 3245 conspectu
709 3189 774 3229 mee
784 3190 903 3247 semper
958 3171 1008 3226 alii
1029 3170 1079 3243 qui
1103 3173 1133 3226 et
1155 3170 1243 3225 labiis
1268 3173 1297 3224 et
1322 3169 1411 3224 corde
1433 3172 1526 3223 erant.
1547 3169 1603 3234 Qui
1617 3168 1692 3224 selis
1707 3168 1793 3224 labiis

61 3260 159 3330 (Psal.
176 3262 217 3330 v).
235 3261 390 3315 Dominum
412 3261 561 3332 providet,
588 3262 639 3334 qui
661 3262 690 3316 in
714 3262 903 3318 tribulatione
957 3266 1045 3318 erunt
1058 3263 1155 3318 dolosi
1171 3266 1250 3331 sunt,
1266 3263 1335 3333 quia
1351 3279 1410 3317 non
1425 3262 1534 3317 babent
1549 3262 1579 3316 in
1603 3263 1691 3318 eorde
1715 3263 1794 3334 quod

63 3350 191 3421 positus,
208 3350 337 3420 spemin
354 3351 478 3406 Domino
494 3351 590 3407 babet.
607 3351 698 3418 Quasi
711 3352 788 3407 enim
805 3352 903 3423 provi·
956 3352 1571 3423 oreproseruntQuieordeetlabiisorant,
1582 3354 1791 3422 veracessuut,

63 3439 135 3494 dere
151 3443 197 3496 est
212 3439 248 3493 de
263 3440 405 3509 praesenti
420 3440 609 3496 tribulatione
619 3441 749 3496 futurum
760 3441 902 3497 auxilium
955 3441 1024 3513 quia
1038 3441 1116 3497 sicut
1130 3441 1301 3513 loquuntur,
1318 3442 1357 3495 ita
1373 3443 1513 3496 sentiunt.
1539 3441 1595 3508 Qui
1618 3440 1682 3497 solo
1703 3441 1792 3497 eorde

63 3530 250 3600 exspectare.
275 3528 333 3583 Sed
350 3528 509 3600 siquando
528 3530 665 3586 diuturna
680 3531 902 3602 exspectatione
955 3533 1049 3601 erant,
1066 3530 1164 3585 devoti
1175 3534 1254 3601 sunt,
1272 3530 1341 3602 quia
1358 3532 1520 3586 orationem
1531 3548 1646 3587 suama
1663 3532 1794 3587 Deotnn·

64 3616 206 3689 fatigatus
222 3617 338 3672 animus
353 3634 437 3689 spem
453 3622 578 3690 emptam
591 3620 712 3690 deserit,
728 3621 815 3692 quasi
830 3636 903 3675 con·
955 3622 1017 3674 tum
1032 3617 1126 3674 audiri
1142 3620 1254 3676 velunt.
1279 3619 1403 3686 Quando
1422 3637 1495 3693 ergo
1510 3622 1539 3676 in
1555 3621 1687 3677 oratioue
1701 3621 1793 3677 verba

66 3709 202 3776 spectum
218 3722 234 3760 a
251 3706 375 3762 Domino
390 3708 505 3762 avertit.
522 3708 645 3780 Semper
657 3712 754 3764 autem
778 3710 808 3763 in
829 3725 902 3764 con·
955 3707 1145 3781 proterimus,
1163 3709 1189 3763 si
1205 3709 1372 3781 cogitamus
1393 3712 1472 3782 qued
1489 3710 1646 3781 loquimur,
1667 3708 1793 3765 iacimus

64 3799 170 3866 speetu
182 3811 237 3850 suo
250 3796 404 3850 Dominum
414 3797 548 3867 providet
558 3798 619 3868 qui,
636 3797 665 3851 in
679 3814 821 3867 pressura
833 3814 902 3852 eon·
955 3799 1033 3870 quod
1049 3799 1203 3854 debemus.
1220 3799 1251 3855 Si
1267 3805 1364 3855 autem
1375 3800 1466 3854 verba
1475 3799 1616 3853 erationis
1628 3798 1791 3867 fundimus,

66 3883 197 3953 stitutus,
214 3887 242 3939 et
257 3885 388 3939 divinum
403 3886 544 3941 auxilinm
561 3887 737 3958 quandoque
753 3886 812 3941 sibi
822 3887 903 3941 adfu·
954 3888 1033 3942 aliud
1048 3888 1247 3960 quodeunque
1258 3890 1288 3943 in
1306 3889 1394 3944 corde
1405 3903 1572 3956 versamus,
1584 3887 1669 3950 etiam
1681 3887 1708 3942 si
1719 3886 1793 3941 illud

65 3977 162 4031 turum
177 3974 307 4043 conlidit,
323 3977 351 4029 et
367 3991 450 4045 spem
466 3979 590 4046 eoeptam
602 3976 735 4047 usquein
745 3976 901 4030 fiuemnon
953 3978 1064 4032 benum
1080 3978 1128 4046 sit,
1146 3978 1214 4049 quia
1229 3982 1327 4032 tamen
1342 3976 1508 4032 ordinatum
1522 3979 1650 4046 nonest,
1665 3992 1792 4048 prorsus

63 4062 185 4121 deserit.
954 4066 1070 4137 aculpa
1086 4065 1172 4122 liberi
1191 4082 1249 4121 non
1265 4082 1381 4134 sumus,
1397 4066 1435 4119 ita
1449 4066 1547 4120 tumen
1561 4066 1587 4120 si
1605 4065 1635 4120 id
1647 4068 1728 4138 quod
1748 4069 1793 4123 di·

61 4153 133 4209 rur.
150 4152 229 4208 XIV.
248 4152 361 4219 Quibus
377 4159 407 4209 et
424 4155 537 4227 quande
552 4154 694 4209 Dominus
714 4157 743 4208 et
764 4151 901 4207 diabolus
954 4154 1050 4210 cimus
1061 4154 1227 4228 intelligere
1242 4155 1387 4211 valemus.
1405 4154 1436 4211 Si
1451 4155 1519 4226 quis
1529 4159 1694 4212 autemnon
1708 4157 1793 4213 intel·

247 4258 263 4297 a
278 4242 398 4298 dextris
413 4248 472 4298 eta
487 4243 625 4298 sinistris
640 4243 712 4297 sint.
955 4242 1054 4315 ligans
1069 4244 1161 4299 verbe
1176 4244 1319 4300 orationis
1330 4239 1469 4315 proferat,
1487 4245 1549 4300 etsi
1559 4244 1792 4318 nonintelligere

99 4329 240 4396 Quoniam
251 4331 396 4386 adextris
407 4337 452 4386 est
463 4333 545 4397 milri,
558 4349 594 4386 ne
605 4346 791 4387 eommovear
800 4330 895 4402 (Paul.
957 4331 1036 4387 valet
1045 4334 1126 4404 quod
1136 4333 1215 4404 dicit,
1232 4333 1259 4388 si
1269 4337 1365 4389 tamen
1376 4334 1453 4389 bona
1464 4334 1625 4389 intentione
1636 4334 1715 4403 dicit,
1727 4335 1793 4389 sine

59 4433 123 4490 xv).
141 4419 284 4475 Dominus
299 4420 457 4475 asinistris
473 4424 529 4490 est,
545 4421 663 4491 quando
674 4420 806 4476 exterius
822 4419 897 4474 salu·
912 4432 942 4496 Ι)
957 4420 1056 4478 fructu
1071 4438 1131 4479 non
1147 4423 1211 4479 erit.
1227 4421 1258 4478 Si
1272 4426 1369 4478 autem
1391 4425 1509 4478 orantes
1523 4438 1598 4477 vana
1614 4423 1788 4493 cogitamus,

58 4513 119 4564 tem
138 4508 329 4579 temporalem
351 4509 463 4564 tribuit.
492 4509 635 4565 Dominus
660 4525 676 4563 u
701 4509 815 4564 dextris
834 4513 894 4578 est,
956 4511 1055 4582 etiam,
1075 4512 1103 4568 si
1115 4512 1268 4568 veritatem
1282 4511 1441 4582 loquimur,
1463 4512 1619 4582 cogitando
1635 4511 1792 4565 vanitatem

59 4597 179 4668 quande
189 4597 312 4652 interius
324 4598 448 4653 virtutes
458 4598 563 4652 animae
576 4599 714 4654 custodit.
727 4598 898 4655 Diabolusa
955 4601 1024 4657 vani
1040 4601 1196 4658 allicimur.
1213 4600 1244 4655 Si
1258 4604 1355 4656 autem
1369 4600 1438 4654 dum
1450 4615 1484 4653 os
1495 4600 1647 4654 veritatem
1662 4597 1792 4668 loquitur

60 4685 193 4744 sinistris
209 4691 265 4756 est,
282 4682 398 4757 quando
414 4686 489 4741 foris
509 4703 562 4758 per
584 4688 710 4743 adversa
733 4689 897 4761 impugnat.
954 4689 985 4745 in
1000 4690 1089 4746 corde
1103 4690 1252 4761 turpitudo
1268 4691 1415 4757 versatur,
1438 4687 1500 4759 jam
1522 4702 1581 4742 non
1597 4687 1695 4741 solum
1710 4687 1789 4758 vani,

60 4775 204 4841 Diabolus
231 4793 248 4831 a
278 4775 391 4830 dextris
416 4779 479 4845 est,
506 4777 622 4847 quando
647 4777 727 4832 intus
753 4793 806 4848 per
828 4778 899 4832 vitia
954 4780 1008 4834 sed
1023 4779 1111 4834 etiam
1126 4779 1339 4834 abominabiles
1360 4777 1390 4831 in
1412 4780 1574 4846 conspectu
1599 4776 1651 4831 Dei
1670 4779 1791 4847 reputa-

58 4867 160 4919 tentat.
179 4864 255 4919 Hinc
271 4865 410 4935 estquod
425 4864 461 4919 de
477 4865 605 4936 reprobo
629 4866 781 4936 Scriptura
801 4867 899 4938 loqui·
953 4883 1028 4922 mur.
1051 4867 1139 4922 uliud
1159 4870 1255 4921 tamen
1278 4870 1338 4935 est,
1362 4865 1480 4938 quando
1496 4865 1584 4919 hemo
1598 4864 1664 4919 baec
1678 4865 1790 4920 invitus

57 4956 116 5022 tur,
128 4953 247 5009 dicens:
260 4952 897 5026 DiabolusstctadextrisejustPsalmvm).
953 4957 1063 5027 patitur
1077 4960 1164 5028 atque
1179 4953 1270 5023 aliud,
1294 4954 1412 5024 quando
1429 4953 1457 5009 in
1473 4953 1517 5009 eis
1530 4970 1584 5024 per
1599 4953 1790 5010 deliberatio-

59 5041 202 5098 Diabolus
212 5041 321 5112 quippe
335 5043 546 5113 interpretatur
555 5043 695 5099 deorsum
706 5044 811 5112 lluens,
828 5044 898 5117 quia
954 5060 1022 5101 nem
1036 5044 1208 5100 delectatur.

57 5131 94 5185 de
110 5129 160 5185 illa
174 5130 277 5200 primae
294 5132 474 5186 conditionis
486 5148 548 5186 suae
560 5132 717 5204 gloriaper
727 5134 898 5205 superbiam
952 5134 1022 5191 Car.
1039 5133 1145 5189 XVlll.
1162 5132 1206 5188 De
1222 5131 1359 5188 examine
1373 5131 1514 5188 benorum
1526 5140 1555 5188 et
1566 5133 1718 5204 titulorum,
1734 5133 1790 5190 sed

57 5219 175 5275 recidit.
200 5220 283 5274 Tunc
306 5237 379 5294 ergo
402 5220 539 5276 diabolus
559 5222 647 5277 nobis
667 5222 813 5278 adextris
828 5225 897 5293 stat,
1232 5237 1289 5277 nen
1304 5220 1506 5277 mediocrium.

58 5308 176 5380 quande
191 5308 240 5363 ille
256 5309 307 5380 qui
322 5309 358 5365 de
374 5310 450 5364 celo
466 5310 585 5382 cecidit,
612 5326 668 5365 nos
685 5312 742 5367 sibi
756 5328 808 5382 per
823 5328 897 5366 eon·
986 5311 1057 5385 lpne
1072 5327 1118 5366 me
1133 5311 1322 5377 examinasti,
1340 5315 1489 5367 etnenest
1499 5311 1663 5367 iuventuin
1673 5324 1719 5364 me
1729 5309 1787 5363 ini-

58 5397 895 5469 seusumpeeeetisubjieiens,innobisascenditQuando
951 5401 1048 5474 quites
1058 5399 1153 5471 (Psal.
1166 5401 1238 5473 xvi).
1251 5400 1381 5456 Examen
1392 5399 1423 5454 in
1433 5398 1506 5454 libra
1518 5402 1564 5452 est
1576 5398 1646 5451 illud
1657 5397 1786 5464 desuper

57 5488 136 5540 enim
152 5502 207 5540 nos
223 5487 367 5558 cadimus,
389 5487 526 5542 diabolus
541 5489 681 5559 erigitur3
707 5489 823 5560 quande
838 5505 895 5545 nos
949 5484 1288 5561 inquoperpenditurad
1301 5505 1387 5558 qumn
1400 5492 1510 5557 purtem
1520 5485 1636 5557 pondus
1648 5499 1785 5538 seorsum

57 5576 224 5648 surgimus,
236 5575 302 5647 ipse
312 5576 521 5647 prosternitur.
532 5577 608 5632 Hinc
617 5577 761 5633 ieremias
770 5577 893 5650 plangit,
949 5578 1080 5634 inclinet.
1097 5579 1169 5652 lgna
1185 5593 1257 5650 ergo
1269 5576 1467 5631 tribulationis
1476 5575 1577 5646 justus
1589 5571 1783 5644 examinatur,

57 5665 181 5726 diceus:
198 5664 280 5738 Vide,
293 5665 427 5739 Domitio,
441 5665 633 5725 afflictionem
646 5683 743 5733 ercam,
761 5666 894 5738 quereiam
949 5661 1792 5747 quiaperieetevirtusiuadversitatecognescitur.llalde
1816 5713 1822 5727 ,
