3796 6022
557 240 613 310 aa
635 239 779 310 unaeo
802 238 1059 313 ruclauuro.
1614 262 1673 324 aas
1699 199 1702 203 ’

66 463 130 517 rus,
147 451 216 517 etc„
232 463 269 501 an
285 447 566 519 substautiadivina,
583 465 619 504 uu
635 449 780 519 bumana3
797 431 827 493 Α
842 449 897 502 dor
911 449 1072 505 divinitatis
1084 467 1117 505 se
1134 450 1239 507 infudit
1255 453 1384 510 luceium·
1401 456 1599 525 immunitatis,
1622 463 1673 514 ini·

66 553 126 593 urae
142 537 250 591 divinae
266 538 306 591 nil
322 538 421 593 datum
436 542 534 592 estex
549 541 690 609 tempore,
708 554 781 610 ergo
842 553 899 592 nus
922 539 1021 593 lumen
1038 541 1114 595 cedit
1135 542 1250 614 majori,
1271 543 1300 597 id
1323 549 1369 598 cst
1391 545 1477 602 horno
1502 554 1673 618 assumptus

66 626 134 685 &Et
147 627 193 681 sic.
204 626 371 682 substantia
381 627 509 681 bumana
524 626 613 682 habet
623 628 783 698 potentiam
841 627 930 683 trahit
945 643 1029 682 suam
1045 632 1263 698 personantium
1281 648 1318 686 ex
1342 633 1449 701 Verbo,
1467 640 1493 690 ct
1510 637 1625 701 dicitur,
1648 644 1675 692 ct

66 714 301 773 ltinsuetmbet
315 715 714 789 pernatarem30rgohomo
729 717 784 771 hu·
841 718 887 770 est
908 731 1036 786 persona
1057 733 1114 771 una
1135 735 1201 773 cum
1222 720 1271 773 illo
1296 737 1332 774 ox
1355 723 1457 777 eadem
1486 728 1674 795 personantia

65 803 228 879 tipeatiam,
243 805 325 861 etsie
335 807 382 859 eat
391 804 588 875 omnipotens,
601 808 630 861 et
644 805 689 860 sic
704 805 784 861 Deus
841 820 930 876 quum
944 803 1048 861 habuit
1061 805 1190 861 Verbum
1206 809 1242 861 ab
1259 812 1379 864 ieter-no.
1391 811 1583 884 Unaquaeque
1595 833 1675 869 crcu-

65 893 384 966 teeprotitetur,dicoas
395 893 486 951 :Data
495 901 542 949 est
551 894 627 951 milri
633 896 729 951 omnis
738 911 787 967 po-
841 896 908 947 tura
928 892 1081 949 rationalis
1096 909 1134 948 ex
1158 894 1215 951 hoe
1230 896 1337 952 dicitnr
1349 915 1476 969 persona
1493 904 1571 973 quod
1589 905 1676 958 hatrat

65 983 340 1041 ncreloetinterra
351 982 655 1053 (circummunit
666 983 787 1039 dataest
842 981 1048 1053 excellentius,
1065 984 1135 1053 quia
1149 998 1222 1055 orgo
1238 986 1378 1055 splendor
1392 989 1553 1045 divinitatis
1569 992 1677 1046 imani-

65 1072 788 1144 totestas.Audiexpositoremsuper-eumdemla·
843 1070 1013 1142 parabiliter
1042 1072 1234 1127 excellentior
1258 1078 1303 1129 cst
1331 1076 1450 1131 lucerna
1476 1079 1674 1149 humanitatis,

65 1161 113 1218 loc
125 1177 187 1218 non
200 1161 237 1217 de
253 1164 401 1218 coeterna
416 1161 497 1223 Patri
507 1162 668 1232 divinitate,
685 1162 786 1217 sedda
843 1160 948 1215 merita
963 1175 1001 1215 ex
1016 1176 1051 1216 eo
1066 1161 1154 1217 homo
1169 1166 1215 1217 est
1229 1179 1366 1233 persona.
1383 1166 1466 1221 Unda
1478 1171 1620 1240 scriptum
1632 1176 1678 1225 est

65 1251 309 1306 »inhumanitate
332 1249 481 1323 Quidquid
501 1250 586 1309 dieas
604 1250 640 1306 de
655 1250 785 1322 Christo,
844 1248 961 1305 Natura
978 1255 1114 1305 naturam
1132 1253 1352 1319 narrcousumit,
1366 1256 1561 1326 scalperentur
1574 1276 1677 1329 priso-

65 1339 712 1411 liueeredoChristodasequamtibi.Nonne
722 1355 789 1396 con-
845 1354 921 1403 nam,
939 1339 1005 1410 quia
1021 1354 1126 1397 namen
1135 1339 1219 1410 juris
1230 1341 1367 1396 osthr-
1383 1343 1539 1416 diligenter
1554 1347 1677 1418 intuere,

65 1428 204 1489 scansio
220 1428 480 1502 dumnegasquod
495 1428 543 1483 ille
557 1428 704 1486 affirmat?
715 1429 788 1485 Vide
818 1472 825 1482 .
845 1427 949 1497 lector,
963 1429 993 1482 et
1011 1427 1161 1499 intelliges
1177 1444 1267 1498 quare
1282 1428 1369 1485 homo
1386 1432 1500 1487 dicatur
1522 1435 1552 1488 in
1574 1452 1679 1505 parso-

65 1515 792 1588 iodtuaexpositiocontrariaestsshriatoetortha·
846 1532 924 1586 nam,
936 1532 996 1581 nan
1007 1516 1037 1571 in
1051 1522 1186 1573 naturam
1200 1524 1383 1590 assumptus,
1401 1526 1429 1575 et
1444 1538 1534 1592 quara
1551 1525 1681 1581 Verbum

65 1606 206 1663 Patribus.
217 1606 536 1678 Tudieisquudbamo
547 1610 719 1678 assumptus
731 1624 789 1664 non
846 1605 962 1661 dicatur
975 1607 1180 1678 assumpsisse
1197 1612 1339 1678 naturam,
1362 1626 1419 1665 non
1440 1628 1598 1680 personam
1614 1615 1681 1669 ldco

65 1695 310 1766 omnipotentiam.
330 1695 367 1750 Et
380 1695 446 1767 ipse
460 1695 532 1751 dicit
546 1711 552 1751 ε
564 1696 641 1751 Data
656 1703 702 1752 est
716 1695 791 1752 initii
805 1740 833 1805 B
848 1694 927 1750 enim
946 1694 1034 1750 honio
1057 1700 1230 1766 assumptus
1244 1702 1291 1753 est
1310 1699 1340 1752 in
1364 1716 1522 1769 personam
1543 1703 1681 1771 divinam,

65 1791 208 1858 potestas.
220 1784 305 1840 Unde
321 1785 482 1856 Apostolus
499 1800 505 1840 :
523 1784 557 1840 ln
572 1800 627 1858 qao
642 1786 790 1841 intrauitat
849 1784 918 1856 quia
933 1783 1029 1839 iaetus
1044 1788 1090 1838 est
1104 1786 1252 1854 particeps
1268 1786 1359 1841 «livini
1377 1788 1505 1857 luminis,
1528 1796 1558 1844 ut
1578 1808 1631 1861 per
1647 1794 1686 1862 ip-

65 1872 396 1946 plenitadodiriuitatis
406 1860 790 1945 corporalitert'Golussmt.
850 1889 917 1929 snm
931 1873 968 1931 ab
984 1873 1123 1929 omnibns
1138 1874 1358 1931 discerneretur
1368 1877 1444 1931 sicut
1460 1878 1600 1935 Verbum.
1618 1882 1684 1936 Non

65 1977 88 2031 ε,
104 1961 246 2034 dijudica.
261 1962 337 2028 Quid
352 1966 400 2017 est
412 1962 485 2019 illud
501 1979 509 2031 3
527 1963 559 2017 lu
574 1979 629 2036 qno
644 1963 794 2019 intrabitat
850 1962 880 2017 in
895 1964 1044 2029 naturam,
1060 1961 1128 2016 licet
1143 1978 1270 2031 persona
1286 1964 1383 2019 divina
1399 1966 1438 2019 sit
1453 1967 1550 2021 divina
1571 1974 1683 2039 natura,

66 2050 223 2125 plenitudo
237 2036 429 2109 diuinitatis?
442 2052 583 2123 Nunquid
595 2053 725 2108 Verbum
740 2053 794 2108 Del
851 2051 919 2121 quia
935 2049 992 2105 hoe
1006 2053 1088 2105 esset
1103 2051 1207 2105 mutari
1223 2054 1251 2106 et
1267 2055 1399 2107 converti
1414 2054 1443 2108 in
1460 2071 1533 2111 eam.
1555 2059 1686 2114 Verbum

65 2156 113 2215 rga
133 2141 215 2197 addit
236 2140 459 2212 corporaliter?
479 2141 614 2197 Hilarius
632 2141 662 2199 in
691 2145 795 2197 octava
851 2155 922 2193 vera
936 2139 1004 2193 ideo
1018 2141 1152 2193 naturam
1169 2138 1297 2196 hominis
1316 2158 1375 2195 non
1392 2159 1551 2213 personam
1565 2164 1686 2203 ussum-

67 2228 158 2285 ·Vara
181 2229 258 2285 dues
277 2235 324 2285 est
338 2244 432 2301 aeque
450 2229 545 2285 Deum
558 2229 701 2302 ignorare
722 2231 797 2303 qnod
851 2228 921 2298 psit,
938 2226 1048 2282 licelid
1060 2227 1138 2298 quod
1154 2234 1200 2283 eet
1214 2235 1399 2300 assumptum
1414 2234 1601 2306 sitpeisonu,
1619 2240 1687 2308 quia

64 2319 110 2386 rit,
124 2334 219 2392 neque
234 2334 354 2377 carnem
363 2318 506 2391 ignorare
514 2319 590 2391 quad
607 2319 733 2375 Verbum
743 2319 795 2374 sit.
852 2333 911 2372 non
930 2316 1017 2371 trahit
1033 2317 1283 2387 personalitatem,
1300 2319 1347 2372 vel
1362 2325 1583 2389 personantium
1599 2343 1636 2379 ex
1652 2344 1686 2382 uo

64 2409 159 2481 aquid
177 2409 296 2463 nomine
311 2408 410 2463 earnis
427 2408 623 2480 signilieetur.
645 2409 721 2463 Audi
737 2413 798 2463 Au·
852 2405 931 2478 quod
945 2408 992 2463 est
1002 2410 1197 2475 assumptum,
1210 2405 1324 2461 habeas
1340 2408 1430 2463 multa
1446 2410 1611 2483 digniorem
1627 2432 1689 2485 pcr-

65 2513 126 2557 um.
143 2496 523 2562 Verbumearatactumest,
534 2497 628 2563 idest,
636 2497 800 2569 tronropars
853 2493 1019 2559 senentiam
1044 2509 1082 2549 ex
1096 2496 1200 2550 natura
1223 2495 1394 2552 divinitatis.
1416 2500 1498 2554 sicut
1521 2501 1633 2573 lampas
1660 2506 1689 2559 iu

64 2587 228 2661 taponitnr.
241 2585 296 2643 Cui
311 2589 455 2643 consonat
465 2586 537 2641 illud
545 2586 574 2642 in
589 2585 703 2645 tonnae
720 2602 727 2643 :
743 2587 800 2642 Po-
853 2587 940 2639 noete
956 2583 1064 2641 dieitur
1078 2584 1187 2639 lumem
1199 2584 1352 2656 Ecclesiae,
1363 2587 1393 2642 in
1404 2589 1450 2643 die
1460 2606 1533 2645 vera
1544 2594 1618 2647 solis
1631 2612 1689 2648 inu-

64 2675 203 2741 mffdcdit
220 2674 526 2747 eiiudiciumtacero,
543 2676 610 2749 quia
622 2674 702 2731 dlias
712 2676 802 2732 domi·
852 2672 920 2746 jare
934 2673 1093 2744 splendore
1104 2675 1342 2745 superveniente,
1353 2677 1415 2748 jam
1424 2678 1537 2750 lampas
1548 2698 1607 2737 nou
1619 2684 1690 2737 dici·

64 2765 238 2838 itteram).
256 2765 289 2819 ln
304 2763 476 2836 huiuamodi
491 2780 559 2837 quae
567 2764 801 2821 Deoconvenire
854 2766 903 2818 tur
922 2762 1022 2819 lumen
1044 2762 1199 2832 Ecclesia,
1217 2765 1271 2819 sed
1295 2767 1392 2835 patius
1417 2767 1515 2823 lumen
1539 2772 1623 2826 solis.
1642 2775 1690 2827 Sia

64 2855 281 2924 mantuelem
291 2854 336 2909 sic
352 2868 512 2924 exponere.
528 2853 592 2911 Hae
607 2855 722 2924 aceepit
735 2870 802 2926 par·
855 2852 946 2909 trumo
959 2867 1088 2922 persona
1102 2852 1221 2923 quidem
1232 2858 1313 2908 esset
1328 2870 1365 2909 ox
1380 2872 1434 2910 sua
1446 2858 1647 2930 rationalitate,
1664 2864 1691 2916 si

64 2944 225 3005 leuandum
239 2947 374 3005 naturam
389 2943 556 2999 humanam.
573 2943 718 3015 lntetligis
734 2960 801 3016 qum
857 2957 915 2997 non
931 2944 1012 2995 esset
1022 2945 1205 3011 assumptus.
1218 2942 1304 2998 Nunc
1319 2945 1420 3015 utjain
1431 2947 1540 3001 diaumi
1552 2955 1596 3002 est
1608 2968 1645 3004 cx
1657 2968 1691 3006 eo

64 3033 105 3091 *st
121 3048 250 3106 persam
265 3048 324 3089 non
338 3035 385 3089 est
398 3032 508 3103 aliquid
520 3033 684 3089 secundum
700 3034 802 3088 liuma-
816 3063 843 3129 c
857 3031 936 3102 qnod
950 3030 982 3084 in
997 3045 1031 3085 ea
1048 3030 1169 3102 dignius
1184 3035 1240 3100 est,
1257 3030 1285 3084 id
1301 3037 1345 3086 cst
1364 3034 1513 3089 inlumina
1531 3038 1631 3093 (lirino
1647 3045 1692 3094 cst

64 3126 129 3183 not
142 3124 173 3179 tu
195 3122 319 3191 asseris,
332 3121 480 3194 quomodo
490 3137 619 3192 persona
629 3126 744 3193 accepit
753 3124 802 3178 ali·
858 3134 996 3190 persona.
1014 3118 1069 3183 Qui
1084 3135 1145 3173 nou
1159 3119 1238 3173 videt
1253 3119 1308 3174 boo
1321 3126 1434 3191 qaioerat
1449 3139 1464 3176 n
1477 3125 1600 3181 ltoinino
1612 3128 1693 3182 intel-

64 3212 217 3269 iocundam
238 3213 327 3267 eam?
352 3212 424 3265 ltem
437 3211 545 3267 dicitur
559 3212 621 3268 tihi.
644 3212 676 3267 Si
697 3216 801 3268 natura
858 3208 977 3263 lectum.
994 3207 1093 3279 Huius
1108 3209 1151 3263 rai
1163 3209 1193 3262 in
1204 3211 1530 3281 creaturisexpressam
1541 3231 1599 3269 uon
1611 3217 1692 3270 irrra-

64 3316 95 3357 na
108 3301 166 3357 boc
180 3316 240 3355 aon
254 3300 378 3370 accepit,
394 3315 467 3373 ergo
483 3315 538 3355 nee
548 3316 675 3371 persona
691 3317 802 3356 secun·
859 3298 907 3351 uio
923 3296 1156 3352 similitudinem.
1167 3297 1248 3352 Nihil
1264 3300 1341 3353 enim
1358 3316 1481 3355 manens
1492 3305 1571 3373 ‹puud
1587 3311 1632 3359 est
1642 3322 1692 3376 po-

64 3406 129 3460 nm,
145 3390 223 3444 sieut
242 3405 354 3459 corpus
371 3392 454 3445 tuum
468 3405 528 3445 aon
543 3392 590 3445 est
604 3390 714 3460 album,
729 3406 803 3463 ergo
857 3389 916 3440 test
929 3385 1008 3440 aliud
1025 3386 1104 3453 llcri;
1121 3387 1200 3458 quod
1215 3389 1270 3441 soli
1288 3388 1348 3442 lleo
1363 3394 1409 3443 est
1422 3394 1582 3462 proprium,
1601 3400 1631 3448 ut
1647 3396 1692 3449 di-

73 3494 109 3537 ει
119 3478 379 3543 albusseeundum
389 3494 509 3548 corpus.
524 3478 586 3549 Vel,
599 3479 626 3535 si
636 3481 733 3537 anima
744 3496 803 3535 non
859 3477 898 3530 cit
913 3474 1055 3529 Hilarius.
1072 3474 1202 3540 Qualiter
1225 3481 1320 3532 tamen
1335 3479 1477 3548 splendor
1493 3482 1582 3537 Verbi
1597 3501 1630 3538 sc
1646 3486 1693 3538 in-

64 3568 194 3637 lionalis,
210 3583 265 3623 nee
280 3570 312 3623 tu
326 3583 360 3622 es
375 3568 528 3625 rabonalis
545 3569 709 3625 seeundum
728 3585 802 3625 eam.
859 3564 962 3619 fundat
976 3564 1098 3636 bomini,
1115 3569 1147 3619 ut
1161 3581 1228 3620 eum
1242 3566 1396 3638 illuminet,
1411 3569 1480 3624 licet
1495 3587 1511 3624 a
1527 3572 1624 3627 Verba
1636 3591 1694 3628 nou

63 3657 198 3715 nendum
212 3657 804 3730 quidemestquodpereonuaceepitpo-
859 3653 987 3723 recedat,
1011 3657 1109 3722 potest
1131 3654 1339 3726 qualicumque
1360 3658 1550 3715 similitudine
1568 3665 1693 3719 ostcudi.

63 3763 103 3818 m,
117 3761 206 3819 quam
222 3746 310 3802 habet
328 3747 500 3803 naturaliter
515 3747 679 3802 seeundum
699 3747 804 3802 huma·
859 3742 1007 3812 Splendor
1017 3743 1164 3813 siqnidem
1175 3745 1265 3816 ignis,
1277 3746 1324 3800 vel
1334 3747 1423 3817 calor,
1437 3750 1622 3805 aalidelacicl
1633 3770 1696 3806 car-

64 3852 103 3905 m,
111 3840 140 3899 ει
154 3837 219 3906 ipsa
230 3835 318 3890 homo
329 3835 442 3906 accepit
451 3850 526 3904 eam,
536 3839 565 3890 et
573 3836 618 3890 siu
630 3836 731 3906 inipso
741 3836 807 3906 ipsu
859 3832 932 3888 boni
945 3833 1070 3903 aceedit,
1085 3850 1140 3889 aec
1156 3833 1193 3888 ab
1210 3835 1279 3906 igne
1295 3837 1407 3891 recedit
1421 3838 1474 3892 sed
1484 3839 1572 3894 simul
1583 3841 1612 3894 iu
1628 3842 1697 3913 igue

63 3940 110 3983 na.
127 3925 163 3981 ut
184 3924 264 3997 quod
278 3924 324 3983 sie
345 3924 384 3979 sit
399 3924 633 3996 intelligendum,
657 3925 808 3981 declarant
861 3926 890 3976 et
905 3921 935 3977 in
950 3921 1073 3976 candela
1088 3926 1143 3977 est.
1160 3924 1217 3977 Sed
1235 3925 1265 3978 in
1279 3925 1349 3996 igue
1358 3943 1411 3995 per
1426 3931 1569 3998 naturam,
1585 3931 1614 3983 in
1627 3948 1697 3984 cau-

64 4016 247 4071 uetoritates.
260 4013 344 4069 Unde
356 4013 487 4069 Hilarius
496 4014 583 4070 dicit:
595 4014 663 4070 lVon
675 4016 810 4087 estigno
862 4011 928 4065 dela
938 4026 977 4067 ex
992 4011 1248 4084 accidentiltlajor
1263 4016 1359 4067 tamen
1374 4020 1420 4068 est
1434 4016 1503 4071 unio
1514 4019 1592 4072 inter
1607 4020 1699 4075 baum

63 4120 98 4161 uu
119 4119 239 4158 caruem
255 4118 323 4158 usse
344 4101 479 4169 Verbum,
498 4108 528 4159 et
542 4103 719 4159 amiantum
740 4104 809 4158 data
863 4103 892 4154 et
902 4099 1149 4161 bominem.Unde
1162 4101 1292 4156 Verbum
1303 4103 1416 4158 confert
1427 4104 1577 4161 hariiiuiut
1588 4110 1699 4164 sitrum

63 4193 133 4251 anie
143 4198 278 4265 potestas
293 4192 324 4246 in
343 4191 416 4247 eoela
431 4198 461 4247 ει
474 4192 506 4247 in
522 4198 616 4248 terra.
632 4192 807 4264 designent,
863 4189 913 4243 illo
929 4204 989 4245 non
1003 4206 1060 4244 uua
1075 4190 1252 4261 substantia,
1268 4192 1323 4246 sed
1341 4210 1398 4247 uua
1413 4210 1552 4263 persona.
1570 4197 1639 4252 lude
1655 4205 1700 4254 est

63 4285 147 4353 munt,
162 4282 233 4354 quid
248 4280 808 4352 sitilludquidataestomnispotestas
864 4278 944 4348 quod
961 4278 1041 4345 aliud
1065 4283 1112 4335 est
1135 4280 1225 4350 lteus,
1249 4281 1327 4336 aliud
1349 4282 1447 4354 haum,
1471 4285 1524 4339 sed
1541 4303 1599 4341 non
1624 4289 1700 4342 ullus

63 4371 125 4429 indi
140 4371 219 4443 qnod
232 4375 356 4426 vocatur
370 4369 462 4425 Filias
474 4370 630 4441 ultissimi3
642 4372 721 4444 quad
732 4377 807 4427 tem·
820 4369 850 4435 Ι)
865 4368 955 4437 Dens,
972 4367 1048 4423 alius
1064 4368 1163 4437 hamo,
1180 4370 1234 4424 sad
1251 4386 1328 4425 unus
1343 4376 1371 4426 et
1387 4373 1463 4427 idem
1479 4376 1557 4429 licus
1574 4377 1700 4431 ethome

63 4461 215 4518 tralatione
222 4460 391 4516 reterturad
398 4460 807 4519 matremNanauimoeterua
866 4458 944 4512 sieut
957 4457 1055 4513 multae
1078 4459 1268 4514 auctoritates
1284 4461 1439 4516 manifeste
1455 4464 1622 4520 ostendunt.
1643 4466 1700 4519 Ve-

63 4565 115 4607 one
131 4549 211 4606 illius
227 4549 334 4604 dieitur
358 4548 470 4604 matris.
486 4547 639 4612 Quomodo
654 4550 733 4605 tlliua
749 4567 808 4606 ma·
866 4546 920 4601 luti
941 4562 1049 4618 eorpus
1075 4552 1104 4602 et
1127 4548 1224 4602 aalma
1244 4565 1322 4604 unas
1345 4551 1433 4605 lioriro
1453 4558 1481 4606 ct
1500 4570 1557 4607 una
1572 4571 1700 4623 persona

63 4639 170 4697 tinihil
186 4639 274 4695 habet
288 4653 358 4692 esse
374 4653 412 4692 ex
427 4639 544 4693 matre?
559 4638 698 4710 Nunquid
714 4639 810 4695 dicun·
867 4642 947 4706 sunt,
958 4636 1026 4693 lieet
1040 4637 1120 4692 aliud
1134 4639 1174 4691 sit
1189 4654 1309 4709 corpus,
1325 4641 1440 4695 etaliud
1454 4644 1701 4699 animattluistus

63 4732 95 4785 ει
108 4728 217 4800 aliquis
238 4727 346 4783 ducere
361 4727 507 4798 originem
522 4742 561 4782 ex
576 4743 641 4798 ove,
658 4729 727 4799 quia
742 4728 809 4799 ejus
867 4727 966 4796 itaque
978 4726 1096 4797 gemina
1110 4732 1156 4781 est
1171 4727 1347 4798 substantia,
1366 4730 1478 4785 seilicet
1495 4733 1592 4787 divina
1604 4738 1631 4788 ct
1647 4735 1704 4789 liu-

63 4818 153 4875 tinde
169 4819 236 4873 eet?
250 4816 281 4871 Si
295 4832 368 4888 ergo
376 4816 514 4872 Christus
528 4833 588 4872 non
599 4816 763 4888 estaliquid
773 4833 811 4872 ex
869 4832 966 4885 manu,
982 4819 1078 4870 tamea
1093 4831 1153 4870 non
1172 4818 1231 4870 nisi
1256 4833 1313 4872 unu
1338 4836 1466 4888 persona
1488 4823 1557 4893 quia
1581 4829 1705 4895 utraque

63 4922 111 4980 ne,
127 4906 182 4962 sed
196 4906 264 4978 ejus
275 4906 369 4961 vestis
380 4906 669 4979 indeest,quomoda
678 4906 811 4962 estillius
869 4905 1035 4961 substantia
1050 4921 1108 4960 una
1122 4921 1262 4976 persona.

63 4997 132 5057 nis?
146 4996 229 5053 Siout
243 5011 316 5068 erga
330 4995 454 5051 verbum
465 4995 540 5051 lueis
551 4998 599 5051 eet
611 5011 665 5067 per
679 4995 811 5051 sabama
905 4995 979 5051 Cum
998 4995 1089 5066 igitur
1103 4994 1223 5050 tilii-ista
1235 4998 1273 5051 sit
1288 4998 1456 5055 substantia
1472 5002 1609 5073 liuuiana,
1627 5022 1704 5060 nun-

63 5088 150 5159 uptus
165 5101 203 5140 ex
220 5084 327 5155 Verbo,
349 5084 393 5139 sic
409 5084 539 5140 Verbum
564 5100 617 5156 per
630 5101 664 5140 se
685 5100 812 5157 persona
869 5085 940 5157 quid
955 5087 1002 5141 est
1016 5085 1239 5139 concedendum
1254 5088 1333 5157 quod
1349 5090 1387 5144 sit
1403 5096 1546 5162 creatura,
1564 5111 1630 5148 eum
1646 5113 1707 5149 our-

63 5174 152 5233 bomo
167 5189 239 5230 varo
254 5173 474 5246 personantium
489 5175 520 5229 ut
540 5174 584 5229 sic
599 5174 704 5246 loquar
725 5175 814 5230 habet
870 5176 918 5230 nis
934 5174 1022 5229 huma
1033 5174 1237 5230 altercatura?
1251 5178 1375 5233 Salutio.
1391 5179 1456 5234 Nou
1473 5184 1518 5236 est
1532 5185 1708 5254 simpliciter

62 5264 136 5321 who,
871 5263 1093 5319 eoncedendum
1116 5264 1194 5335 qaod
1210 5265 1347 5322 Christus
1364 5270 1402 5322 sit
1418 5273 1561 5342 creatura,
1578 5275 1638 5328 uisi
1653 5277 1706 5329 ad-

62 5370 166 5429 ldicet
180 5370 288 5444 aliquis
308 5387 315 5427 :
332 5370 438 5426 Nonne
452 5369 541 5426 bomo
556 5376 728 5444 assumptus
744 5387 813 5443 pei·-
870 5354 958 5410 datur
971 5354 1136 5409 meandum
1145 5356 1305 5413 nominem.
1318 5357 1423 5414 Nonne
1435 5363 1625 5418 concedimus
1637 5364 1707 5417 sim·

62 5464 111 5524 .-u
123 5465 216 5533 oser,
232 5461 259 5517 st
274 5477 334 5517 non
348 5461 540 5518 asseramus
556 5460 674 5518 varam
689 5461 812 5519 seturna
871 5443 989 5516 pliciter
1002 5443 1082 5516 quoa
1096 5441 1234 5502 curetas
1254 5449 1300 5502 est
1314 5445 1425 5504 homo?
1439 5448 1535 5515 Quare
1555 5466 1627 5523 ereo
1648 5467 1707 5507 ¹1011

62 5551 815 5629 lquidempersumetliaberetsuamperaonaatiam
872 5534 1010 5595 similini?
1030 5537 1205 5595 ⁰⁰¹¹⁰0tlilur
1231 5540 1311 5614 quud
1340 5542 1379 5597 sit
1400 5547 1555 5600 creatura?
1583 5541 1706 5599 Solatia.

62 5650 89 5705 n
102 5641 308 5704 rationalitate.
320 5641 407 5701 Nunc
415 5657 488 5702 vero
498 5657 538 5702 ex
551 5658 610 5723 qao
625 5646 705 5703 totus
719 5651 816 5726 splen.
874 5632 944 5690 Ideo
959 5632 1026 5691 eine
1033 5633 1275 5693 determinatione
1287 5654 1362 5695 usus
1371 5646 1482 5696 sanctae
1494 5642 1641 5698 Ecclesia
1651 5655 1717 5695 auu
