<?xml version="1.0" encoding="UTF-8"?>
<!DOCTYPE html PUBLIC "-//W3C//DTD XHTML 1.0 Transitional//EN"
    "http://www.w3.org/TR/xhtml1/DTD/xhtml1-transitional.dtd">
<html xmlns="http://www.w3.org/1999/xhtml" xml:lang="en" lang="en">
 <head>
  <title>
</title>
<meta http-equiv="Content-Type" content="text/html;charset=utf-8" />
  <meta name='ocr-system' content='tesseract 3.04.00' />
  <meta name='ocr-capabilities' content='ocr_page ocr_carea ocr_par ocr_line ocrx_word'/>
</head>
<body>
  <div class='ocr_page' id='page_1' title='image "./patrologiaecurs28unkngoog_0489.png"; bbox 0 0 3796 6022; ppageno 0'>
   <div class='ocr_carea' id='block_1_1' title="bbox 125 225 1855 320">
    <p class='ocr_par' dir='ltr' id='par_1_1' title="bbox 125 225 1855 320">
     <span class='ocr_line' id='line_1_1' title="bbox 125 225 1855 320; baseline -0.001 -1"><span class='ocrx_word' id='word_1_1' title='bbox 125 254 185 320; x_wconf 83' lang='lat' dir='ltr'><strong>aar</strong></span> <span class='ocrx_word' id='word_1_2' title='bbox 545 225 839 316; x_wconf 79' lang='lat' dir='ltr'><strong>arranorx&#39;an</strong></span> <span class='ocrx_word' id='word_1_3' title='bbox 854 245 1047 315; x_wconf 83' lang='lat' dir='ltr'><strong>nucoms</strong></span> <span class='ocrx_word' id='word_1_4' title='bbox 1062 247 1206 315; x_wconf 77' lang='lat' dir='ltr'><strong>ornan</strong></span> <span class='ocrx_word' id='word_1_5' title='bbox 1230 249 1425 317; x_wconf 79' lang='lat' dir='ltr'><strong>ursmari.</strong></span> <span class='ocrx_word' id='word_1_6' title='bbox 1792 246 1855 317; x_wconf 84' lang='lat' dir='ltr'><strong>aaa</strong></span> 
     </span>
    </p>
   </div>
   <div class='ocr_carea' id='block_1_2' title="bbox 126 431 1853 526">
    <p class='ocr_par' dir='ltr' id='par_1_2' title="bbox 126 431 1853 526">
     <span class='ocr_line' id='line_1_2' title="bbox 126 431 1853 526; baseline -0.002 -14"><span class='ocrx_word' id='word_1_7' title='bbox 126 472 184 513; x_wconf 90' lang='lat' dir='ltr'><strong>nus</strong></span> <span class='ocrx_word' id='word_1_8' title='bbox 203 456 234 510; x_wconf 94' lang='lat' dir='ltr'><strong>in</strong></span> <span class='ocrx_word' id='word_1_9' title='bbox 252 454 437 511; x_wconf 73' lang='lat' dir='ltr'><strong>damnatione</strong></span> <span class='ocrx_word' id='word_1_10' title='bbox 452 469 507 509; x_wconf 90' lang='lat' dir='ltr'><strong>nec</strong></span> <span class='ocrx_word' id='word_1_11' title='bbox 522 469 629 509; x_wconf 90' lang='lat' dir='ltr'><strong>nomen</strong></span> <span class='ocrx_word' id='word_1_12' title='bbox 645 452 874 508; x_wconf 75' lang='lat' dir='ltr'><strong>Christianitatis</strong></span> <span class='ocrx_word' id='word_1_13' title='bbox 888 467 957 524; x_wconf 91' lang='lat' dir='ltr'><strong>per·</strong></span> <span class='ocrx_word' id='word_1_14' title='bbox 971 431 1002 496; x_wconf 78' lang='grc' dir='ltr'><strong>Α</strong></span> <span class='ocrx_word' id='word_1_15' title='bbox 1015 453 1111 510; x_wconf 92' lang='lat' dir='ltr'><strong>modis</strong></span> <span class='ocrx_word' id='word_1_16' title='bbox 1122 453 1233 525; x_wconf 91' lang='lat' dir='ltr'><strong>quibus</strong></span> <span class='ocrx_word' id='word_1_17' title='bbox 1244 470 1408 526; x_wconf 90' lang='lat' dir='ltr'><strong>possumus</strong></span> <span class='ocrx_word' id='word_1_18' title='bbox 1418 453 1620 525; x_wconf 85' lang='lat' dir='ltr'><strong>nosmetipsos</strong></span> <span class='ocrx_word' id='word_1_19' title='bbox 1632 453 1793 510; x_wconf 86' lang='lat' dir='ltr'><strong>emendare</strong></span> <span class='ocrx_word' id='word_1_20' title='bbox 1804 455 1853 512; x_wconf 89' lang='lat' dir='ltr'><strong>vel</strong></span> 
     </span>
    </p>
   </div>
   <div class='ocr_carea' id='block_1_3' title="bbox 57 542 1854 4992">
    <p class='ocr_par' dir='ltr' id='par_1_3' title="bbox 57 542 1854 4992">
     <span class='ocr_line' id='line_1_3' title="bbox 125 542 1853 616; baseline -0.001 -14"><span class='ocrx_word' id='word_1_21' title='bbox 125 544 396 602; x_wconf 88' lang='lat' dir='ltr'><strong>mittetur&#39;habere:</strong></span> <span class='ocrx_word' id='word_1_22' title='bbox 414 546 442 598; x_wconf 91' lang='lat' dir='ltr'><strong>et</strong></span> <span class='ocrx_word' id='word_1_23' title='bbox 464 543 541 598; x_wconf 91' lang='lat' dir='ltr'><strong>sieut</strong></span> <span class='ocrx_word' id='word_1_24' title='bbox 560 559 639 599; x_wconf 91' lang='lat' dir='ltr'><strong>nunc</strong></span> <span class='ocrx_word' id='word_1_25' title='bbox 654 544 751 598; x_wconf 89' lang='lat' dir='ltr'><strong>nudas</strong></span> <span class='ocrx_word' id='word_1_26' title='bbox 767 546 813 597; x_wconf 86' lang='lat' dir='ltr'><strong>est</strong></span> <span class='ocrx_word' id='word_1_27' title='bbox 828 560 843 598; x_wconf 91' lang='lat' dir='ltr'><strong>a</strong></span> <span class='ocrx_word' id='word_1_28' title='bbox 860 559 958 597; x_wconf 87' lang='lat' dir='ltr'><strong>sacra·</strong></span> <span class='ocrx_word' id='word_1_29' title='bbox 1015 544 1071 598; x_wconf 91' lang='lat' dir='ltr'><strong>alio</strong></span> <span class='ocrx_word' id='word_1_30' title='bbox 1090 542 1232 616; x_wconf 78' lang='lat' dir='ltr'><strong>adjuvare</strong></span> <span class='ocrx_word' id='word_1_31' title='bbox 1252 544 1406 613; x_wconf 90' lang='lat' dir='ltr'><strong>debemus,</strong></span> <span class='ocrx_word' id='word_1_32' title='bbox 1422 544 1562 599; x_wconf 89' lang='lat' dir='ltr'><strong>talentum</strong></span> <span class='ocrx_word' id='word_1_33' title='bbox 1577 543 1768 598; x_wconf 85' lang='lat' dir='ltr'><strong>ltominicum</strong></span> <span class='ocrx_word' id='word_1_34' title='bbox 1783 559 1853 601; x_wconf 84' lang='lat' dir='ltr'><strong>ero-</strong></span> 
     </span>
     <span class='ocr_line' id='line_1_4' title="bbox 125 632 1853 706; baseline -0.002 -14"><span class='ocrx_word' id='word_1_35' title='bbox 125 639 291 692; x_wconf 87' lang='lat' dir='ltr'><strong>mentorum</strong></span> <span class='ocrx_word' id='word_1_36' title='bbox 306 632 437 688; x_wconf 88' lang='lat' dir='ltr'><strong>interiori</strong></span> <span class='ocrx_word' id='word_1_37' title='bbox 449 634 581 703; x_wconf 83' lang='lat' dir='ltr'><strong>veritate,</strong></span> <span class='ocrx_word' id='word_1_38' title='bbox 602 634 646 688; x_wconf 89' lang='lat' dir='ltr'><strong>sie</strong></span> <span class='ocrx_word' id='word_1_39' title='bbox 657 636 726 687; x_wconf 92' lang='lat' dir='ltr'><strong>tunc</strong></span> <span class='ocrx_word' id='word_1_40' title='bbox 742 632 816 687; x_wconf 87' lang='lat' dir='ltr'><strong>foris</strong></span> <span class='ocrx_word' id='word_1_41' title='bbox 832 632 959 687; x_wconf 90' lang='lat' dir='ltr'><strong>nudabi-</strong></span> <span class='ocrx_word' id='word_1_42' title='bbox 1013 649 1097 705; x_wconf 80' lang='lat' dir='ltr'><strong>gare,</strong></span> <span class='ocrx_word' id='word_1_43' title='bbox 1114 636 1143 689; x_wconf 89' lang='lat' dir='ltr'><strong>ct</strong></span> <span class='ocrx_word' id='word_1_44' title='bbox 1157 635 1308 706; x_wconf 89' lang='lat' dir='ltr'><strong>erogando</strong></span> <span class='ocrx_word' id='word_1_45' title='bbox 1330 634 1534 705; x_wconf 89' lang='lat' dir='ltr'><strong>multiplicare,</strong></span> <span class='ocrx_word' id='word_1_46' title='bbox 1558 635 1658 704; x_wconf 78' lang='lat' dir='ltr'><strong>utpote</strong></span> <span class='ocrx_word' id='word_1_47' title='bbox 1683 632 1720 688; x_wconf 91' lang='lat' dir='ltr'><strong>de</strong></span> <span class='ocrx_word' id='word_1_48' title='bbox 1746 649 1807 705; x_wconf 94' lang='lat' dir='ltr'><strong>quo</strong></span> <span class='ocrx_word' id='word_1_49' title='bbox 1824 635 1853 688; x_wconf 91' lang='lat' dir='ltr'><strong>in</strong></span> 
     </span>
     <span class='ocr_line' id='line_1_5' title="bbox 126 721 1854 796; baseline -0.001 -16"><span class='ocrx_word' id='word_1_50' title='bbox 126 729 174 780; x_wconf 93' lang='lat' dir='ltr'><strong>tur</strong></span> <span class='ocrx_word' id='word_1_51' title='bbox 188 723 328 779; x_wconf 85' lang='lat' dir='ltr'><strong>exteriori</strong></span> <span class='ocrx_word' id='word_1_52' title='bbox 350 721 584 778; x_wconf 80' lang='lat' dir='ltr'><strong>obumbratione.</strong></span> <span class='ocrx_word' id='word_1_53' title='bbox 606 722 763 777; x_wconf 88' lang='lat' dir='ltr'><strong>Provideat</strong></span> <span class='ocrx_word' id='word_1_54' title='bbox 779 722 878 793; x_wconf 88' lang='lat' dir='ltr'><strong>itaque</strong></span> <span class='ocrx_word' id='word_1_55' title='bbox 901 721 959 776; x_wconf 90' lang='lat' dir='ltr'><strong>sibi</strong></span> <span class='ocrx_word' id='word_1_56' title='bbox 1014 723 1148 779; x_wconf 89' lang='lat' dir='ltr'><strong>districto</strong></span> <span class='ocrx_word' id='word_1_57' title='bbox 1157 724 1271 796; x_wconf 68' lang='lat' dir='ltr'><strong>iudicio</strong></span> <span class='ocrx_word' id='word_1_58' title='bbox 1282 723 1425 779; x_wconf 90' lang='lat' dir='ltr'><strong>reddituri</strong></span> <span class='ocrx_word' id='word_1_59' title='bbox 1433 739 1538 778; x_wconf 90' lang='lat' dir='ltr'><strong>sumus</strong></span> <span class='ocrx_word' id='word_1_60' title='bbox 1551 724 1706 778; x_wconf 91' lang='lat' dir='ltr'><strong>rationem.</strong></span> <span class='ocrx_word' id='word_1_61' title='bbox 1719 721 1782 790; x_wconf 84' lang='lat' dir='ltr'><strong>Sic,</strong></span> <span class='ocrx_word' id='word_1_62' title='bbox 1795 722 1854 778; x_wconf 87' lang='lat' dir='ltr'><strong>fra·</strong></span> 
     </span>
     <span class='ocr_line' id='line_1_6' title="bbox 126 811 1850 885; baseline -0.002 -15"><span class='ocrx_word' id='word_1_63' title='bbox 126 814 253 870; x_wconf 90' lang='lat' dir='ltr'><strong>bumana</strong></span> <span class='ocrx_word' id='word_1_64' title='bbox 262 812 443 869; x_wconf 89' lang='lat' dir='ltr'><strong>conscientia</strong></span> <span class='ocrx_word' id='word_1_65' title='bbox 455 827 533 866; x_wconf 91' lang='lat' dir='ltr'><strong>nunc</strong></span> <span class='ocrx_word' id='word_1_66' title='bbox 542 813 720 882; x_wconf 90' lang='lat' dir='ltr'><strong>intempore,</strong></span> <span class='ocrx_word' id='word_1_67' title='bbox 732 813 763 866; x_wconf 92' lang='lat' dir='ltr'><strong>ut</strong></span> <span class='ocrx_word' id='word_1_68' title='bbox 772 811 960 881; x_wconf 87' lang='lat' dir='ltr'><strong>postmodum</strong></span> <span class='ocrx_word' id='word_1_69' title='bbox 1013 814 1085 882; x_wconf 91' lang='lat' dir='ltr'><strong>tres,</strong></span> <span class='ocrx_word' id='word_1_70' title='bbox 1098 813 1238 869; x_wconf 89' lang='lat' dir='ltr'><strong>talentum</strong></span> <span class='ocrx_word' id='word_1_71' title='bbox 1255 813 1457 884; x_wconf 84' lang='lat' dir='ltr'><strong>expendamus</strong></span> <span class='ocrx_word' id='word_1_72' title='bbox 1469 813 1499 866; x_wconf 89' lang='lat' dir='ltr'><strong>in</strong></span> <span class='ocrx_word' id='word_1_73' title='bbox 1510 812 1630 881; x_wconf 92' lang='lat' dir='ltr'><strong>mundo,</strong></span> <span class='ocrx_word' id='word_1_74' title='bbox 1648 814 1680 867; x_wconf 89' lang='lat' dir='ltr'><strong>ut</strong></span> <span class='ocrx_word' id='word_1_75' title='bbox 1691 811 1721 867; x_wconf 93' lang='lat' dir='ltr'><strong>in</strong></span> <span class='ocrx_word' id='word_1_76' title='bbox 1738 812 1850 885; x_wconf 81' lang='lat' dir='ltr'><strong>gaudio</strong></span> 
     </span>
     <span class='ocr_line' id='line_1_7' title="bbox 127 900 1854 974; baseline -0.001 -14"><span class='ocrx_word' id='word_1_77' title='bbox 127 905 163 960; x_wconf 91' lang='lat' dir='ltr'><strong>de</strong></span> <span class='ocrx_word' id='word_1_78' title='bbox 177 903 299 974; x_wconf 85' lang='lat' dir='ltr'><strong>proemio</strong></span> <span class='ocrx_word' id='word_1_79' title='bbox 319 901 489 974; x_wconf 82' lang='lat' dir='ltr'><strong>gaudentia</strong></span> <span class='ocrx_word' id='word_1_80' title='bbox 508 901 679 956; x_wconf 74' lang='lat' dir='ltr'><strong>aeternitate.</strong></span> <span class='ocrx_word' id='word_1_81' title='bbox 705 901 754 956; x_wconf 90' lang='lat' dir='ltr'><strong>Sic</strong></span> <span class='ocrx_word' id='word_1_82' title='bbox 771 904 799 955; x_wconf 90' lang='lat' dir='ltr'><strong>et</strong></span> <span class='ocrx_word' id='word_1_83' title='bbox 819 900 960 954; x_wconf 85' lang='lat' dir='ltr'><strong>talentum</strong></span> <span class='ocrx_word' id='word_1_84' title='bbox 1015 901 1854 974; x_wconf 81' lang='lat' dir='ltr'><strong>Dominigloriarimereamurineoclo.Quodnobisproes·</strong></span> 
     </span>
     <span class='ocr_line' id='line_1_8' title="bbox 127 989 1853 1064; baseline -0.002 -15"><span class='ocrx_word' id='word_1_85' title='bbox 127 991 532 1062; x_wconf 87' lang='lat' dir='ltr'><strong>donicaalestisexpendat,ut</strong></span> <span class='ocrx_word' id='word_1_86' title='bbox 543 989 960 1059; x_wconf 90' lang='lat' dir='ltr'><strong>nondamnationem,sedsal-</strong></span> <span class='ocrx_word' id='word_1_87' title='bbox 1014 992 1076 1045; x_wconf 89' lang='lat' dir='ltr'><strong>tare</strong></span> <span class='ocrx_word' id='word_1_88' title='bbox 1097 991 1237 1064; x_wconf 83' lang='lat' dir='ltr'><strong>dignetur</strong></span> <span class='ocrx_word' id='word_1_89' title='bbox 1253 992 1345 1047; x_wconf 83' lang='lat' dir='ltr'><strong>lesus</strong></span> <span class='ocrx_word' id='word_1_90' title='bbox 1356 991 1493 1048; x_wconf 82' lang='lat' dir='ltr'><strong>Christus</strong></span> <span class='ocrx_word' id='word_1_91' title='bbox 1505 991 1647 1047; x_wconf 88' lang='lat' dir='ltr'><strong>Dominus</strong></span> <span class='ocrx_word' id='word_1_92' title='bbox 1668 994 1785 1062; x_wconf 85' lang='lat' dir='ltr'><strong>noster,</strong></span> <span class='ocrx_word' id='word_1_93' title='bbox 1803 991 1853 1064; x_wconf 90' lang='lat' dir='ltr'><strong>qui</strong></span> 
     </span>
     <span class='ocr_line' id='line_1_9' title="bbox 127 1077 1627 1150; baseline -0.002 -13"><span class='ocrx_word' id='word_1_94' title='bbox 127 1081 314 1138; x_wconf 79' lang='lat' dir='ltr'><strong>rationemin</strong></span> <span class='ocrx_word' id='word_1_95' title='bbox 325 1080 382 1135; x_wconf 83' lang='lat' dir='ltr'><strong>fine</strong></span> <span class='ocrx_word' id='word_1_96' title='bbox 391 1080 522 1150; x_wconf 88' lang='lat' dir='ltr'><strong>recipiat.</strong></span> <span class='ocrx_word' id='word_1_97' title='bbox 532 1080 627 1134; x_wconf 90' lang='lat' dir='ltr'><strong>Nemo</strong></span> <span class='ocrx_word' id='word_1_98' title='bbox 639 1080 732 1135; x_wconf 92' lang='lat' dir='ltr'><strong>dicat:</strong></span> <span class='ocrx_word' id='word_1_99' title='bbox 747 1078 864 1134; x_wconf 86' lang='lat' dir='ltr'><strong>Sufficit</strong></span> <span class='ocrx_word' id='word_1_100' title='bbox 874 1077 959 1132; x_wconf 89' lang='lat' dir='ltr'><strong>mihi-</strong></span> <span class='ocrx_word' id='word_1_101' title='bbox 1016 1083 1061 1135; x_wconf 91' lang='lat' dir='ltr'><strong>est</strong></span> <span class='ocrx_word' id='word_1_102' title='bbox 1073 1080 1153 1135; x_wconf 89' lang='lat' dir='ltr'><strong>Deus</strong></span> <span class='ocrx_word' id='word_1_103' title='bbox 1164 1080 1339 1136; x_wconf 89' lang='lat' dir='ltr'><strong>benedictus</strong></span> <span class='ocrx_word' id='word_1_104' title='bbox 1349 1081 1378 1135; x_wconf 92' lang='lat' dir='ltr'><strong>in</strong></span> <span class='ocrx_word' id='word_1_105' title='bbox 1390 1080 1510 1135; x_wconf 83' lang='lat' dir='ltr'><strong>saecula.</strong></span> <span class='ocrx_word' id='word_1_106' title='bbox 1523 1081 1627 1135; x_wconf 84' lang='lat' dir='ltr'><strong>Amen.</strong></span> 
     </span>
     <span class='ocr_line' id='line_1_10' title="bbox 127 1168 1561 1244; baseline -0.001 -18"><span class='ocrx_word' id='word_1_107' title='bbox 127 1169 778 1244; x_wconf 85' lang='lat' dir='ltr'><strong>ipsiintendere,mihisoliprovidere.Deme</strong></span> <span class='ocrx_word' id='word_1_108' title='bbox 790 1168 959 1223; x_wconf 89' lang='lat' dir='ltr'><strong>redditurus</strong></span> <span class='ocrx_word' id='word_1_109' title='bbox 1301 1169 1429 1225; x_wconf 81' lang='lat' dir='ltr'><strong>SERMO</strong></span> <span class='ocrx_word' id='word_1_110' title='bbox 1449 1170 1561 1232; x_wconf 60' lang='lat' dir='ltr'><strong>xxxi.</strong></span> 
     </span>
     <span class='ocr_line' id='line_1_11' title="bbox 127 1257 1686 1330; baseline -0.003 -13"><span class='ocrx_word' id='word_1_111' title='bbox 127 1277 194 1317; x_wconf 89' lang='lat' dir='ltr'><strong>sum</strong></span> <span class='ocrx_word' id='word_1_112' title='bbox 204 1261 358 1329; x_wconf 89' lang='lat' dir='ltr'><strong>rationem,</strong></span> <span class='ocrx_word' id='word_1_113' title='bbox 374 1259 442 1314; x_wconf 95' lang='lat' dir='ltr'><strong>nolo</strong></span> <span class='ocrx_word' id='word_1_114' title='bbox 458 1259 584 1313; x_wconf 91' lang='lat' dir='ltr'><strong>salutem</strong></span> <span class='ocrx_word' id='word_1_115' title='bbox 600 1258 871 1330; x_wconf 85' lang='lat' dir='ltr'><strong>alteriusquoerens</strong></span> <span class='ocrx_word' id='word_1_116' title='bbox 883 1257 961 1328; x_wconf 91' lang='lat' dir='ltr'><strong>peri·</strong></span> <span class='ocrx_word' id='word_1_117' title='bbox 1158 1260 1203 1315; x_wconf 88' lang='lat' dir='ltr'><strong>De</strong></span> <span class='ocrx_word' id='word_1_118' title='bbox 1216 1259 1418 1315; x_wconf 87' lang='lat' dir='ltr'><strong>tabernaculis</strong></span> <span class='ocrx_word' id='word_1_119' title='bbox 1432 1259 1560 1315; x_wconf 86' lang='lat' dir='ltr'><strong>filiorum</strong></span> <span class='ocrx_word' id='word_1_120' title='bbox 1579 1257 1686 1314; x_wconf 85' lang='lat' dir='ltr'><strong>Israel.</strong></span> 
     </span>
     <span class='ocr_line' id='line_1_12' title="bbox 128 1347 1848 1423; baseline -0.001 -17"><span class='ocrx_word' id='word_1_121' title='bbox 128 1351 233 1406; x_wconf 88' lang='lat' dir='ltr'><strong>clitari.</strong></span> <span class='ocrx_word' id='word_1_122' title='bbox 250 1350 316 1404; x_wconf 92' lang='lat' dir='ltr'><strong>Non</strong></span> <span class='ocrx_word' id='word_1_123' title='bbox 331 1364 398 1403; x_wconf 88' lang='lat' dir='ltr'><strong>sum</strong></span> <span class='ocrx_word' id='word_1_124' title='bbox 413 1348 546 1403; x_wconf 91' lang='lat' dir='ltr'><strong>eruditus</strong></span> <span class='ocrx_word' id='word_1_125' title='bbox 562 1348 592 1402; x_wconf 92' lang='lat' dir='ltr'><strong>in</strong></span> <span class='ocrx_word' id='word_1_126' title='bbox 608 1347 780 1418; x_wconf 88' lang='lat' dir='ltr'><strong>Scripturis,</strong></span> <span class='ocrx_word' id='word_1_127' title='bbox 793 1363 848 1401; x_wconf 93' lang='lat' dir='ltr'><strong>nec</strong></span> <span class='ocrx_word' id='word_1_128' title='bbox 859 1347 961 1401; x_wconf 86' lang='lat' dir='ltr'><strong>facua·</strong></span> <span class='ocrx_word' id='word_1_129' title='bbox 1052 1349 1195 1422; x_wconf 83' lang='lat' dir='ltr'><strong>Legimus</strong></span> <span class='ocrx_word' id='word_1_130' title='bbox 1211 1350 1241 1404; x_wconf 91' lang='lat' dir='ltr'><strong>in</strong></span> <span class='ocrx_word' id='word_1_131' title='bbox 1255 1350 1363 1423; x_wconf 86' lang='lat' dir='ltr'><strong>pagina</strong></span> <span class='ocrx_word' id='word_1_132' title='bbox 1388 1349 1505 1405; x_wconf 83' lang='lat' dir='ltr'><strong>Veteris</strong></span> <span class='ocrx_word' id='word_1_133' title='bbox 1530 1348 1712 1404; x_wconf 83' lang='lat' dir='ltr'><strong>Testamenti</strong></span> <span class='ocrx_word' id='word_1_134' title='bbox 1738 1348 1848 1419; x_wconf 76' lang='lat' dir='ltr'><strong>(berit.</strong></span> 
     </span>
     <span class='ocr_line' id='line_1_13' title="bbox 129 1436 1848 1510; baseline -0.002 -14"><span class='ocrx_word' id='word_1_135' title='bbox 129 1442 185 1496; x_wconf 90' lang='lat' dir='ltr'><strong>dus</strong></span> <span class='ocrx_word' id='word_1_136' title='bbox 196 1442 226 1494; x_wconf 92' lang='lat' dir='ltr'><strong>in</strong></span> <span class='ocrx_word' id='word_1_137' title='bbox 243 1437 356 1505; x_wconf 87' lang='lat' dir='ltr'><strong>verbis,</strong></span> <span class='ocrx_word' id='word_1_138' title='bbox 366 1436 520 1491; x_wconf 86' lang='lat' dir='ltr'><strong>modicum.</strong></span> <span class='ocrx_word' id='word_1_139' title='bbox 532 1439 607 1506; x_wconf 90' lang='lat' dir='ltr'><strong>scio,</strong></span> <span class='ocrx_word' id='word_1_140' title='bbox 620 1453 769 1509; x_wconf 91' lang='lat' dir='ltr'><strong>nunquam</strong></span> <span class='ocrx_word' id='word_1_141' title='bbox 784 1453 836 1507; x_wconf 91' lang='lat' dir='ltr'><strong>pro</strong></span> <span class='ocrx_word' id='word_1_142' title='bbox 849 1437 961 1491; x_wconf 93' lang='lat' dir='ltr'><strong>tantillo</strong></span> <span class='ocrx_word' id='word_1_143' title='bbox 1018 1437 1548 1510; x_wconf 77' lang='lat' dir='ltr'><strong>cxxiii)Dominumperbtoysenflliis</strong></span> <span class='ocrx_word' id='word_1_144' title='bbox 1558 1437 1848 1510; x_wconf 77' lang='lat' dir='ltr'><strong>lsrcatpraeepisca,</strong></span> 
     </span>
     <span class='ocr_line' id='line_1_14' title="bbox 129 1526 1847 1599; baseline -0.001 -15"><span class='ocrx_word' id='word_1_145' title='bbox 129 1530 156 1584; x_wconf 86' lang='lat' dir='ltr'><strong>ei</strong></span> <span class='ocrx_word' id='word_1_146' title='bbox 170 1544 229 1584; x_wconf 91' lang='lat' dir='ltr'><strong>non</strong></span> <span class='ocrx_word' id='word_1_147' title='bbox 244 1526 436 1598; x_wconf 79' lang='lat' dir='ltr'><strong>praedicetur,</strong></span> <span class='ocrx_word' id='word_1_148' title='bbox 454 1527 533 1580; x_wconf 90' lang='lat' dir='ltr'><strong>Deus</strong></span> <span class='ocrx_word' id='word_1_149' title='bbox 550 1542 727 1597; x_wconf 85' lang='lat' dir='ltr'><strong>quemquam</strong></span> <span class='ocrx_word' id='word_1_150' title='bbox 742 1526 894 1583; x_wconf 81' lang='lat' dir='ltr'><strong>accusabit</strong></span> <span class='ocrx_word' id='word_1_151' title='bbox 913 1530 963 1581; x_wconf 90' lang='lat' dir='ltr'><strong>aut</strong></span> <span class='ocrx_word' id='word_1_152' title='bbox 1016 1532 1048 1583; x_wconf 92' lang='lat' dir='ltr'><strong>ut</strong></span> <span class='ocrx_word' id='word_1_153' title='bbox 1063 1544 1165 1583; x_wconf 87' lang='lat' dir='ltr'><strong>mense</strong></span> <span class='ocrx_word' id='word_1_154' title='bbox 1177 1528 1302 1599; x_wconf 90' lang='lat' dir='ltr'><strong>septimo</strong></span> <span class='ocrx_word' id='word_1_155' title='bbox 1314 1528 1540 1582; x_wconf 88' lang='lat' dir='ltr'><strong>solemnitatiem</strong></span> <span class='ocrx_word' id='word_1_156' title='bbox 1552 1527 1791 1582; x_wconf 81' lang='lat' dir='ltr'><strong>Tuberculorum</strong></span> <span class='ocrx_word' id='word_1_157' title='bbox 1802 1543 1847 1582; x_wconf 89' lang='lat' dir='ltr'><strong>sc·</strong></span> 
     </span>
     <span class='ocr_line' id='line_1_15' title="bbox 130 1613 1848 1689; baseline -0.001 -17"><span class='ocrx_word' id='word_1_158' title='bbox 130 1616 288 1672; x_wconf 87' lang='lat' dir='ltr'><strong>damnabit.</strong></span> <span class='ocrx_word' id='word_1_159' title='bbox 301 1613 492 1681; x_wconf 84' lang='lat' dir='ltr'><strong>Quotetenim</strong></span> <span class='ocrx_word' id='word_1_160' title='bbox 503 1615 673 1670; x_wconf 91' lang='lat' dir='ltr'><strong>hominihus</strong></span> <span class='ocrx_word' id='word_1_161' title='bbox 685 1617 962 1687; x_wconf 87' lang='lat' dir='ltr'><strong>quisquoquantum</strong></span> <span class='ocrx_word' id='word_1_162' title='bbox 1018 1616 1376 1689; x_wconf 87' lang='lat' dir='ltr'><strong>ptemdiehusdiligenter</strong></span> <span class='ocrx_word' id='word_1_163' title='bbox 1390 1617 1589 1686; x_wconf 88' lang='lat' dir='ltr'><strong>celebrarent,</strong></span> <span class='ocrx_word' id='word_1_164' title='bbox 1608 1620 1738 1688; x_wconf 85' lang='lat' dir='ltr'><strong>qutenus</strong></span> <span class='ocrx_word' id='word_1_165' title='bbox 1756 1618 1848 1687; x_wconf 86' lang='lat' dir='ltr'><strong>poste·</strong></span> 
     </span>
     <span class='ocr_line' id='line_1_16' title="bbox 128 1704 1848 1778; baseline -0.002 -16"><span class='ocrx_word' id='word_1_166' title='bbox 128 1707 163 1762; x_wconf 90' lang='lat' dir='ltr'><strong>ad</strong></span> <span class='ocrx_word' id='word_1_167' title='bbox 180 1721 214 1761; x_wconf 87' lang='lat' dir='ltr'><strong>so</strong></span> <span class='ocrx_word' id='word_1_168' title='bbox 229 1704 355 1777; x_wconf 87' lang='lat' dir='ltr'><strong>pertinet</strong></span> <span class='ocrx_word' id='word_1_169' title='bbox 369 1704 514 1774; x_wconf 88' lang='lat' dir='ltr'><strong>prodesse</strong></span> <span class='ocrx_word' id='word_1_170' title='bbox 529 1708 627 1775; x_wconf 92' lang='lat' dir='ltr'><strong>potest</strong></span> <span class='ocrx_word' id='word_1_171' title='bbox 642 1706 750 1775; x_wconf 85' lang='lat' dir='ltr'><strong>verbo,</strong></span> <span class='ocrx_word' id='word_1_172' title='bbox 778 1705 814 1760; x_wconf 91' lang='lat' dir='ltr'><strong>de</strong></span> <span class='ocrx_word' id='word_1_173' title='bbox 837 1708 878 1760; x_wconf 94' lang='lat' dir='ltr'><strong>tot</strong></span> <span class='ocrx_word' id='word_1_174' title='bbox 900 1705 961 1761; x_wconf 88' lang='lat' dir='ltr'><strong>Deo</strong></span> <span class='ocrx_word' id='word_1_175' title='bbox 1019 1707 1045 1761; x_wconf 90' lang='lat' dir='ltr'><strong>ri</strong></span> <span class='ocrx_word' id='word_1_176' title='bbox 1056 1706 1193 1777; x_wconf 87' lang='lat' dir='ltr'><strong>perhanc</strong></span> <span class='ocrx_word' id='word_1_177' title='bbox 1204 1706 1552 1777; x_wconf 88' lang='lat' dir='ltr'><strong>observationempatres</strong></span> <span class='ocrx_word' id='word_1_178' title='bbox 1562 1721 1635 1760; x_wconf 89' lang='lat' dir='ltr'><strong>suos</strong></span> <span class='ocrx_word' id='word_1_179' title='bbox 1645 1705 1683 1760; x_wconf 88' lang='lat' dir='ltr'><strong>dc</strong></span> <span class='ocrx_word' id='word_1_180' title='bbox 1696 1705 1848 1778; x_wconf 71' lang='lat' dir='ltr'><strong>AEgyptia·</strong></span> 
     </span>
     <span class='ocr_line' id='line_1_17' title="bbox 130 1794 1848 1877; baseline -0.001 -26"><span class='ocrx_word' id='word_1_181' title='bbox 130 1797 268 1852; x_wconf 90' lang='lat' dir='ltr'><strong>damnum</strong></span> <span class='ocrx_word' id='word_1_182' title='bbox 290 1794 358 1848; x_wconf 89' lang='lat' dir='ltr'><strong>facit</strong></span> <span class='ocrx_word' id='word_1_183' title='bbox 374 1809 411 1848; x_wconf 89' lang='lat' dir='ltr'><strong>ex</strong></span> <span class='ocrx_word' id='word_1_184' title='bbox 436 1794 570 1863; x_wconf 90' lang='lat' dir='ltr'><strong>silentio,</strong></span> <span class='ocrx_word' id='word_1_185' title='bbox 597 1798 625 1849; x_wconf 91' lang='lat' dir='ltr'><strong>et</strong></span> <span class='ocrx_word' id='word_1_186' title='bbox 649 1794 684 1849; x_wconf 90' lang='lat' dir='ltr'><strong>de</strong></span> <span class='ocrx_word' id='word_1_187' title='bbox 709 1796 750 1849; x_wconf 94' lang='lat' dir='ltr'><strong>tot</strong></span> <span class='ocrx_word' id='word_1_188' title='bbox 772 1811 831 1850; x_wconf 91' lang='lat' dir='ltr'><strong>nou</strong></span> <span class='ocrx_word' id='word_1_189' title='bbox 851 1794 962 1867; x_wconf 84' lang='lat' dir='ltr'><strong>injuste</strong></span> <span class='ocrx_word' id='word_1_190' title='bbox 978 1813 1005 1877; x_wconf 75' lang='lat' dir='ltr'>B</span> <span class='ocrx_word' id='word_1_191' title='bbox 1021 1794 1848 1866; x_wconf 84' lang='lat' dir='ltr'><strong>oaservituteliberatosindesertoqnadragintaannisin</strong></span> 
     </span>
     <span class='ocr_line' id='line_1_18' title="bbox 130 1883 1849 1955; baseline -0.002 -14"><span class='ocrx_word' id='word_1_192' title='bbox 130 1886 300 1941; x_wconf 89' lang='lat' dir='ltr'><strong>redditurus</strong></span> <span class='ocrx_word' id='word_1_193' title='bbox 317 1899 350 1938; x_wconf 87' lang='lat' dir='ltr'><strong>es</strong></span> <span class='ocrx_word' id='word_1_194' title='bbox 366 1884 508 1938; x_wconf 88' lang='lat' dir='ltr'><strong>rationem</strong></span> <span class='ocrx_word' id='word_1_195' title='bbox 523 1883 553 1937; x_wconf 93' lang='lat' dir='ltr'><strong>in</strong></span> <span class='ocrx_word' id='word_1_196' title='bbox 566 1883 690 1953; x_wconf 64' lang='lat' dir='ltr'><strong>iudicio.</strong></span> <span class='ocrx_word' id='word_1_197' title='bbox 1019 1884 1218 1940; x_wconf 87' lang='lat' dir='ltr'><strong>tabernaculis</strong></span> <span class='ocrx_word' id='word_1_198' title='bbox 1228 1885 1662 1955; x_wconf 87' lang='lat' dir='ltr'><strong>habitassereminiscerentur,</strong></span> <span class='ocrx_word' id='word_1_199' title='bbox 1675 1887 1704 1940; x_wconf 91' lang='lat' dir='ltr'><strong>et</strong></span> <span class='ocrx_word' id='word_1_200' title='bbox 1713 1885 1777 1939; x_wconf 87' lang='lat' dir='ltr'><strong>Dee</strong></span> <span class='ocrx_word' id='word_1_201' title='bbox 1787 1883 1849 1938; x_wconf 89' lang='lat' dir='ltr'><strong>tibe-</strong></span> 
     </span>
     <span class='ocr_line' id='line_1_19' title="bbox 166 1972 1848 2046; baseline -0.001 -16"><span class='ocrx_word' id='word_1_202' title='bbox 166 1974 222 2040; x_wconf 79' lang='lat' dir='ltr'><strong>Qui</strong></span> <span class='ocrx_word' id='word_1_203' title='bbox 233 1975 323 2046; x_wconf 85' lang='lat' dir='ltr'><strong>igitur</strong></span> <span class='ocrx_word' id='word_1_204' title='bbox 333 1972 422 2027; x_wconf 92' lang='lat' dir='ltr'><strong>multa</strong></span> <span class='ocrx_word' id='word_1_205' title='bbox 434 1974 524 2043; x_wconf 85' lang='lat' dir='ltr'><strong>novit,</strong></span> <span class='ocrx_word' id='word_1_206' title='bbox 537 1974 628 2027; x_wconf 89' lang='lat' dir='ltr'><strong>multa</strong></span> <span class='ocrx_word' id='word_1_207' title='bbox 639 1973 730 2042; x_wconf 81' lang='lat' dir='ltr'><strong>dieat3</strong></span> <span class='ocrx_word' id='word_1_208' title='bbox 744 1973 793 2044; x_wconf 88' lang='lat' dir='ltr'><strong>qui</strong></span> <span class='ocrx_word' id='word_1_209' title='bbox 806 1990 899 2044; x_wconf 88' lang='lat' dir='ltr'><strong>pauca</strong></span> <span class='ocrx_word' id='word_1_210' title='bbox 911 1990 966 2029; x_wconf 91' lang='lat' dir='ltr'><strong>no·</strong></span> <span class='ocrx_word' id='word_1_211' title='bbox 1017 1975 1108 2029; x_wconf 89' lang='lat' dir='ltr'><strong>ratori</strong></span> <span class='ocrx_word' id='word_1_212' title='bbox 1119 1990 1174 2029; x_wconf 92' lang='lat' dir='ltr'><strong>suo</strong></span> <span class='ocrx_word' id='word_1_213' title='bbox 1184 1990 1238 2045; x_wconf 90' lang='lat' dir='ltr'><strong>per</strong></span> <span class='ocrx_word' id='word_1_214' title='bbox 1255 1974 1330 2028; x_wconf 92' lang='lat' dir='ltr'><strong>hanc</strong></span> <span class='ocrx_word' id='word_1_215' title='bbox 1341 1973 1574 2028; x_wconf 86' lang='lat' dir='ltr'><strong>recordationem</strong></span> <span class='ocrx_word' id='word_1_216' title='bbox 1585 1973 1771 2044; x_wconf 79' lang='lat' dir='ltr'><strong>propensius</strong></span> <span class='ocrx_word' id='word_1_217' title='bbox 1788 1987 1848 2046; x_wconf 85' lang='lat' dir='ltr'><strong>gra·</strong></span> 
     </span>
     <span class='ocr_line' id='line_1_20' title="bbox 132 2062 1849 2135; baseline -0.001 -17"><span class='ocrx_word' id='word_1_218' title='bbox 132 2064 183 2134; x_wconf 84' lang='lat' dir='ltr'><strong>vit,</strong></span> <span class='ocrx_word' id='word_1_219' title='bbox 196 2080 289 2135; x_wconf 90' lang='lat' dir='ltr'><strong>pauca</strong></span> <span class='ocrx_word' id='word_1_220' title='bbox 300 2063 387 2132; x_wconf 82' lang='lat' dir='ltr'><strong>dicat,</strong></span> <span class='ocrx_word' id='word_1_221' title='bbox 406 2066 434 2117; x_wconf 89' lang='lat' dir='ltr'><strong>et</strong></span> <span class='ocrx_word' id='word_1_222' title='bbox 449 2065 591 2134; x_wconf 90' lang='lat' dir='ltr'><strong>quantum</strong></span> <span class='ocrx_word' id='word_1_223' title='bbox 609 2064 735 2134; x_wconf 85' lang='lat' dir='ltr'><strong>quisquc</strong></span> <span class='ocrx_word' id='word_1_224' title='bbox 747 2065 838 2134; x_wconf 90' lang='lat' dir='ltr'><strong>novit,</strong></span> <span class='ocrx_word' id='word_1_225' title='bbox 855 2067 986 2118; x_wconf 91' lang='lat' dir='ltr'><strong>tantum·</strong></span> <span class='ocrx_word' id='word_1_226' title='bbox 1017 2065 1074 2118; x_wconf 89' lang='lat' dir='ltr'><strong>tias</strong></span> <span class='ocrx_word' id='word_1_227' title='bbox 1089 2063 1245 2119; x_wconf 83' lang='lat' dir='ltr'><strong>referrent.</strong></span> <span class='ocrx_word' id='word_1_228' title='bbox 1270 2063 1364 2128; x_wconf 89' lang='lat' dir='ltr'><strong>Quem</strong></span> <span class='ocrx_word' id='word_1_229' title='bbox 1379 2063 1516 2118; x_wconf 84' lang='lat' dir='ltr'><strong>uidelicet</strong></span> <span class='ocrx_word' id='word_1_230' title='bbox 1540 2079 1635 2118; x_wconf 87' lang='lat' dir='ltr'><strong>sacrae</strong></span> <span class='ocrx_word' id='word_1_231' title='bbox 1656 2062 1849 2119; x_wconf 80' lang='lat' dir='ltr'><strong>solemnitatis</strong></span> 
     </span>
     <span class='ocr_line' id='line_1_21' title="bbox 132 2146 1849 2224; baseline -0.002 -15"><span class='ocrx_word' id='word_1_232' title='bbox 132 2154 219 2209; x_wconf 90' lang='lat' dir='ltr'><strong>dicat.</strong></span> <span class='ocrx_word' id='word_1_233' title='bbox 230 2152 285 2219; x_wconf 86' lang='lat' dir='ltr'><strong>Qui</strong></span> <span class='ocrx_word' id='word_1_234' title='bbox 296 2154 353 2207; x_wconf 92' lang='lat' dir='ltr'><strong>scit</strong></span> <span class='ocrx_word' id='word_1_235' title='bbox 366 2152 413 2206; x_wconf 87' lang='lat' dir='ltr'><strong>vel</strong></span> <span class='ocrx_word' id='word_1_236' title='bbox 426 2168 517 2206; x_wconf 92' lang='lat' dir='ltr'><strong>unum</strong></span> <span class='ocrx_word' id='word_1_237' title='bbox 529 2146 723 2224; x_wconf 82' lang='lat' dir='ltr'><strong>Evangelium</strong></span> <span class='ocrx_word' id='word_1_238' title='bbox 735 2153 781 2206; x_wconf 89' lang='lat' dir='ltr'><strong>vel</strong></span> <span class='ocrx_word' id='word_1_239' title='bbox 797 2169 889 2208; x_wconf 92' lang='lat' dir='ltr'><strong>unum</strong></span> <span class='ocrx_word' id='word_1_240' title='bbox 903 2154 966 2207; x_wconf 87' lang='lat' dir='ltr'><strong>vir·</strong></span> <span class='ocrx_word' id='word_1_241' title='bbox 1017 2154 1105 2208; x_wconf 91' lang='lat' dir='ltr'><strong>ritum</strong></span> <span class='ocrx_word' id='word_1_242' title='bbox 1116 2153 1304 2224; x_wconf 92' lang='lat' dir='ltr'><strong>postmodum</strong></span> <span class='ocrx_word' id='word_1_243' title='bbox 1316 2153 1523 2223; x_wconf 61' lang='lat' dir='ltr'><strong>observantes</strong></span> <span class='ocrx_word' id='word_1_244' title='bbox 1540 2152 1577 2207; x_wconf 90' lang='lat' dir='ltr'><strong>ob</strong></span> <span class='ocrx_word' id='word_1_245' title='bbox 1589 2153 1669 2206; x_wconf 91' lang='lat' dir='ltr'><strong>omni</strong></span> <span class='ocrx_word' id='word_1_246' title='bbox 1686 2167 1779 2223; x_wconf 90' lang='lat' dir='ltr'><strong>opere</strong></span> <span class='ocrx_word' id='word_1_247' title='bbox 1793 2166 1849 2206; x_wconf 84' lang='lat' dir='ltr'><strong>ser·</strong></span> 
     </span>
     <span class='ocr_line' id='line_1_22' title="bbox 131 2240 1849 2314; baseline -0.002 -15"><span class='ocrx_word' id='word_1_248' title='bbox 131 2244 204 2299; x_wconf 88' lang='lat' dir='ltr'><strong>tutis</strong></span> <span class='ocrx_word' id='word_1_249' title='bbox 220 2243 396 2312; x_wconf 87' lang='lat' dir='ltr'><strong>exemplum,</strong></span> <span class='ocrx_word' id='word_1_250' title='bbox 415 2241 557 2312; x_wconf 86' lang='lat' dir='ltr'><strong>quidquid</strong></span> <span class='ocrx_word' id='word_1_251' title='bbox 581 2241 669 2296; x_wconf 91' lang='lat' dir='ltr'><strong>habet</strong></span> <span class='ocrx_word' id='word_1_252' title='bbox 689 2257 742 2312; x_wconf 90' lang='lat' dir='ltr'><strong>per</strong></span> <span class='ocrx_word' id='word_1_253' title='bbox 766 2244 967 2314; x_wconf 87' lang='lat' dir='ltr'><strong>cognitionem</strong></span> <span class='ocrx_word' id='word_1_254' title='bbox 1016 2243 1068 2296; x_wconf 82' lang='lat' dir='ltr'><strong>uili</strong></span> <span class='ocrx_word' id='word_1_255' title='bbox 1086 2243 1255 2309; x_wconf 85' lang='lat' dir='ltr'><strong>cessabant,</strong></span> <span class='ocrx_word' id='word_1_256' title='bbox 1282 2242 1311 2296; x_wconf 93' lang='lat' dir='ltr'><strong>in</strong></span> <span class='ocrx_word' id='word_1_257' title='bbox 1327 2247 1455 2297; x_wconf 90' lang='lat' dir='ltr'><strong>montem</strong></span> <span class='ocrx_word' id='word_1_258' title='bbox 1471 2240 1734 2312; x_wconf 84' lang='lat' dir='ltr'><strong>conscendebant,</strong></span> <span class='ocrx_word' id='word_1_259' title='bbox 1753 2255 1849 2296; x_wconf 83' lang='lat' dir='ltr'><strong>ramos</strong></span> 
     </span>
     <span class='ocr_line' id='line_1_23' title="bbox 132 2330 1852 2403; baseline -0.002 -15"><span class='ocrx_word' id='word_1_260' title='bbox 132 2334 199 2389; x_wconf 88' lang='lat' dir='ltr'><strong>aliis</strong></span> <span class='ocrx_word' id='word_1_261' title='bbox 209 2332 318 2387; x_wconf 91' lang='lat' dir='ltr'><strong>tribuat</strong></span> <span class='ocrx_word' id='word_1_262' title='bbox 331 2347 384 2402; x_wconf 89' lang='lat' dir='ltr'><strong>per</strong></span> <span class='ocrx_word' id='word_1_263' title='bbox 393 2331 644 2401; x_wconf 82' lang='lat' dir='ltr'><strong>praedicationem.</strong></span> <span class='ocrx_word' id='word_1_264' title='bbox 656 2331 723 2385; x_wconf 92' lang='lat' dir='ltr'><strong>Non</strong></span> <span class='ocrx_word' id='word_1_265' title='bbox 735 2332 903 2386; x_wconf 89' lang='lat' dir='ltr'><strong>consideret</strong></span> <span class='ocrx_word' id='word_1_266' title='bbox 915 2349 965 2387; x_wconf 91' lang='lat' dir='ltr'><strong>se·</strong></span> <span class='ocrx_word' id='word_1_267' title='bbox 1018 2332 1135 2387; x_wconf 87' lang='lat' dir='ltr'><strong>arboris</strong></span> <span class='ocrx_word' id='word_1_268' title='bbox 1151 2332 1358 2403; x_wconf 77' lang='lat' dir='ltr'><strong>pulcherrimae</strong></span> <span class='ocrx_word' id='word_1_269' title='bbox 1373 2332 1468 2401; x_wconf 82' lang='lat' dir='ltr'><strong>olivae,</strong></span> <span class='ocrx_word' id='word_1_270' title='bbox 1481 2331 1577 2402; x_wconf 77' lang='lat' dir='ltr'><strong>myrti,</strong></span> <span class='ocrx_word' id='word_1_271' title='bbox 1590 2330 1725 2401; x_wconf 86' lang='lat' dir='ltr'><strong>spatulas</strong></span> <span class='ocrx_word' id='word_1_272' title='bbox 1744 2330 1852 2401; x_wconf 84' lang='lat' dir='ltr'><strong>palma·</strong></span> 
     </span>
     <span class='ocr_line' id='line_1_24' title="bbox 132 2419 1852 2493; baseline -0.003 -15"><span class='ocrx_word' id='word_1_273' title='bbox 132 2439 213 2493; x_wconf 87' lang='lat' dir='ltr'><strong>xum,</strong></span> <span class='ocrx_word' id='word_1_274' title='bbox 226 2424 351 2489; x_wconf 88' lang='lat' dir='ltr'><strong>aetatem,</strong></span> <span class='ocrx_word' id='word_1_275' title='bbox 370 2434 539 2489; x_wconf 88' lang='lat' dir='ltr'><strong>personam,</strong></span> <span class='ocrx_word' id='word_1_276' title='bbox 551 2422 677 2490; x_wconf 78' lang='lat' dir='ltr'><strong>lempna,</strong></span> <span class='ocrx_word' id='word_1_277' title='bbox 690 2420 798 2490; x_wconf 89' lang='lat' dir='ltr'><strong>locum,</strong></span> <span class='ocrx_word' id='word_1_278' title='bbox 816 2422 870 2476; x_wconf 90' lang='lat' dir='ltr'><strong>sed</strong></span> <span class='ocrx_word' id='word_1_279' title='bbox 887 2438 966 2492; x_wconf 90' lang='lat' dir='ltr'><strong>prae·</strong></span> <span class='ocrx_word' id='word_1_280' title='bbox 1020 2439 1095 2492; x_wconf 90' lang='lat' dir='ltr'><strong>rum,</strong></span> <span class='ocrx_word' id='word_1_281' title='bbox 1117 2422 1226 2476; x_wconf 86' lang='lat' dir='ltr'><strong>salices</strong></span> <span class='ocrx_word' id='word_1_282' title='bbox 1247 2421 1282 2475; x_wconf 91' lang='lat' dir='ltr'><strong>de</strong></span> <span class='ocrx_word' id='word_1_283' title='bbox 1297 2424 1438 2490; x_wconf 87' lang='lat' dir='ltr'><strong>torrente,</strong></span> <span class='ocrx_word' id='word_1_284' title='bbox 1453 2423 1482 2474; x_wconf 89' lang='lat' dir='ltr'><strong>et</strong></span> <span class='ocrx_word' id='word_1_285' title='bbox 1497 2435 1596 2475; x_wconf 82' lang='lat' dir='ltr'><strong>ramos</strong></span> <span class='ocrx_word' id='word_1_286' title='bbox 1612 2419 1688 2492; x_wconf 86' lang='lat' dir='ltr'><strong>tigni</strong></span> <span class='ocrx_word' id='word_1_287' title='bbox 1703 2419 1852 2475; x_wconf 82' lang='lat' dir='ltr'><strong>numerosi</strong></span> 
     </span>
     <span class='ocr_line' id='line_1_25' title="bbox 134 2508 1849 2581; baseline -0.002 -16"><span class='ocrx_word' id='word_1_288' title='bbox 134 2512 211 2565; x_wconf 90' lang='lat' dir='ltr'><strong>dicet</strong></span> <span class='ocrx_word' id='word_1_289' title='bbox 229 2510 377 2578; x_wconf 71' lang='lat' dir='ltr'><strong>omnibus</strong></span> <span class='ocrx_word' id='word_1_290' title='bbox 399 2524 518 2578; x_wconf 89' lang='lat' dir='ltr'><strong>semper</strong></span> <span class='ocrx_word' id='word_1_291' title='bbox 534 2508 654 2579; x_wconf 90' lang='lat' dir='ltr'><strong>ubique,</strong></span> <span class='ocrx_word' id='word_1_292' title='bbox 667 2509 820 2578; x_wconf 90' lang='lat' dir='ltr'><strong>masculis,</strong></span> <span class='ocrx_word' id='word_1_293' title='bbox 835 2510 964 2581; x_wconf 79' lang='lat' dir='ltr'><strong>fominiS,</strong></span> <span class='ocrx_word' id='word_1_294' title='bbox 1019 2528 1054 2566; x_wconf 89' lang='lat' dir='ltr'><strong>ao</strong></span> <span class='ocrx_word' id='word_1_295' title='bbox 1074 2512 1232 2566; x_wconf 88' lang='lat' dir='ltr'><strong>densarum</strong></span> <span class='ocrx_word' id='word_1_296' title='bbox 1248 2511 1397 2564; x_wconf 87' lang='lat' dir='ltr'><strong>frondium</strong></span> <span class='ocrx_word' id='word_1_297' title='bbox 1413 2510 1574 2577; x_wconf 84' lang='lat' dir='ltr'><strong>caedebant,</strong></span> <span class='ocrx_word' id='word_1_298' title='bbox 1591 2513 1619 2564; x_wconf 92' lang='lat' dir='ltr'><strong>et</strong></span> <span class='ocrx_word' id='word_1_299' title='bbox 1634 2509 1666 2563; x_wconf 92' lang='lat' dir='ltr'><strong>in</strong></span> <span class='ocrx_word' id='word_1_300' title='bbox 1681 2508 1849 2565; x_wconf 87' lang='lat' dir='ltr'><strong>domatibus</strong></span> 
     </span>
     <span class='ocr_line' id='line_1_26' title="bbox 134 2597 1853 2670; baseline -0.001 -16"><span class='ocrx_word' id='word_1_301' title='bbox 134 2597 793 2669; x_wconf 74' lang='lat' dir='ltr'><strong>senibus,juvenibus,diritibuspauperibus,</strong></span> <span class='ocrx_word' id='word_1_302' title='bbox 805 2599 833 2653; x_wconf 92' lang='lat' dir='ltr'><strong>in</strong></span> <span class='ocrx_word' id='word_1_303' title='bbox 842 2616 966 2670; x_wconf 86' lang='lat' dir='ltr'><strong>prospe·</strong></span> <span class='ocrx_word' id='word_1_304' title='bbox 1020 2601 1094 2669; x_wconf 90' lang='lat' dir='ltr'><strong>suis,</strong></span> <span class='ocrx_word' id='word_1_305' title='bbox 1106 2601 1135 2654; x_wconf 94' lang='lat' dir='ltr'><strong>id</strong></span> <span class='ocrx_word' id='word_1_306' title='bbox 1146 2604 1192 2655; x_wconf 90' lang='lat' dir='ltr'><strong>est</strong></span> <span class='ocrx_word' id='word_1_307' title='bbox 1201 2600 1287 2655; x_wconf 89' lang='lat' dir='ltr'><strong>tactis</strong></span> <span class='ocrx_word' id='word_1_308' title='bbox 1298 2600 1462 2669; x_wconf 88' lang='lat' dir='ltr'><strong>domorum,</strong></span> <span class='ocrx_word' id='word_1_309' title='bbox 1480 2615 1546 2670; x_wconf 78' lang='lat' dir='ltr'><strong>quaa</strong></span> <span class='ocrx_word' id='word_1_310' title='bbox 1557 2597 1696 2654; x_wconf 87' lang='lat' dir='ltr'><strong>videlieet</strong></span> <span class='ocrx_word' id='word_1_311' title='bbox 1706 2600 1786 2653; x_wconf 87' lang='lat' dir='ltr'><strong>tecta</strong></span> <span class='ocrx_word' id='word_1_312' title='bbox 1802 2597 1853 2653; x_wconf 87' lang='lat' dir='ltr'><strong>Pa-</strong></span> 
     </span>
     <span class='ocr_line' id='line_1_27' title="bbox 131 2685 1853 2760; baseline -0.001 -17"><span class='ocrx_word' id='word_1_313' title='bbox 131 2685 966 2760; x_wconf 86' lang='lat' dir='ltr'><strong>ritate,iuadversitate,die,noete,mane,mcridic,vcspe-</strong></span> <span class='ocrx_word' id='word_1_314' title='bbox 1018 2688 1119 2745; x_wconf 88' lang='lat' dir='ltr'><strong>lestini</strong></span> <span class='ocrx_word' id='word_1_315' title='bbox 1129 2690 1252 2760; x_wconf 88' lang='lat' dir='ltr'><strong>aequalia</strong></span> <span class='ocrx_word' id='word_1_316' title='bbox 1274 2689 1371 2744; x_wconf 88' lang='lat' dir='ltr'><strong>facere</strong></span> <span class='ocrx_word' id='word_1_317' title='bbox 1391 2689 1535 2756; x_wconf 89' lang='lat' dir='ltr'><strong>solebant,</strong></span> <span class='ocrx_word' id='word_1_318' title='bbox 1548 2687 1712 2743; x_wconf 81' lang='lat' dir='ltr'><strong>sirectiam</strong></span> <span class='ocrx_word' id='word_1_319' title='bbox 1726 2687 1760 2742; x_wconf 91' lang='lat' dir='ltr'><strong>in</strong></span> <span class='ocrx_word' id='word_1_320' title='bbox 1772 2688 1853 2742; x_wconf 87' lang='lat' dir='ltr'><strong>atriis</strong></span> 
     </span>
     <span class='ocr_line' id='line_1_28' title="bbox 132 2774 1852 2854; baseline -0.001 -22"><span class='ocrx_word' id='word_1_321' title='bbox 132 2793 180 2846; x_wconf 79' lang='lat' dir='ltr'><strong>re3</strong></span> <span class='ocrx_word' id='word_1_322' title='bbox 193 2777 223 2830; x_wconf 94' lang='lat' dir='ltr'><strong>in</strong></span> <span class='ocrx_word' id='word_1_323' title='bbox 234 2774 378 2843; x_wconf 83' lang='lat' dir='ltr'><strong>Ecclesia,</strong></span> <span class='ocrx_word' id='word_1_324' title='bbox 391 2774 532 2845; x_wconf 83' lang='lat' dir='ltr'><strong>inpletea,</strong></span> <span class='ocrx_word' id='word_1_325' title='bbox 547 2775 577 2828; x_wconf 91' lang='lat' dir='ltr'><strong>in</strong></span> <span class='ocrx_word' id='word_1_326' title='bbox 587 2775 645 2846; x_wconf 82' lang='lat' dir='ltr'><strong>ria,</strong></span> <span class='ocrx_word' id='word_1_327' title='bbox 656 2776 686 2830; x_wconf 93' lang='lat' dir='ltr'><strong>in</strong></span> <span class='ocrx_word' id='word_1_328' title='bbox 697 2792 780 2849; x_wconf 89' lang='lat' dir='ltr'><strong>agro,</strong></span> <span class='ocrx_word' id='word_1_329' title='bbox 796 2778 921 2845; x_wconf 86' lang='lat' dir='ltr'><strong>interra,</strong></span> <span class='ocrx_word' id='word_1_330' title='bbox 935 2781 965 2834; x_wconf 91' lang='lat' dir='ltr'><strong>in</strong></span> <span class='ocrx_word' id='word_1_331' title='bbox 1018 2779 1206 2833; x_wconf 89' lang='lat' dir='ltr'><strong>mansionum</strong></span> <span class='ocrx_word' id='word_1_332' title='bbox 1217 2778 1535 2834; x_wconf 89' lang='lat' dir='ltr'><strong>suarumtaberuaoula</strong></span> <span class='ocrx_word' id='word_1_333' title='bbox 1545 2777 1710 2854; x_wconf 82' lang='lat' dir='ltr'><strong>erigebant,</strong></span> <span class='ocrx_word' id='word_1_334' title='bbox 1717 2777 1852 2832; x_wconf 86' lang='lat' dir='ltr'><strong>victimas</strong></span> 
     </span>
     <span class='ocr_line' id='line_1_29' title="bbox 133 2863 1852 2939; baseline -0.001 -18"><span class='ocrx_word' id='word_1_335' title='bbox 133 2866 217 2936; x_wconf 91' lang='lat' dir='ltr'><strong>mari,</strong></span> <span class='ocrx_word' id='word_1_336' title='bbox 228 2863 965 2936; x_wconf 87' lang='lat' dir='ltr'><strong>omnibussemper,ubiquebonumquodnovitdi-</strong></span> <span class='ocrx_word' id='word_1_337' title='bbox 1019 2868 1143 2923; x_wconf 88' lang='lat' dir='ltr'><strong>Domino</strong></span> <span class='ocrx_word' id='word_1_338' title='bbox 1163 2867 1370 2938; x_wconf 88' lang='lat' dir='ltr'><strong>immolabant,</strong></span> <span class='ocrx_word' id='word_1_339' title='bbox 1386 2868 1468 2923; x_wconf 88' lang='lat' dir='ltr'><strong>tubis</strong></span> <span class='ocrx_word' id='word_1_340' title='bbox 1484 2867 1679 2939; x_wconf 79' lang='lat' dir='ltr'><strong>clangebant,</strong></span> <span class='ocrx_word' id='word_1_341' title='bbox 1696 2881 1808 2939; x_wconf 85' lang='lat' dir='ltr'><strong>magno</strong></span> <span class='ocrx_word' id='word_1_342' title='bbox 1820 2880 1852 2920; x_wconf 88' lang='lat' dir='ltr'><strong>ao</strong></span> 
     </span>
     <span class='ocr_line' id='line_1_30' title="bbox 134 2953 1854 3029; baseline -0.001 -18"><span class='ocrx_word' id='word_1_343' title='bbox 134 2960 189 3024; x_wconf 84' lang='lat' dir='ltr'><strong>cat,</strong></span> <span class='ocrx_word' id='word_1_344' title='bbox 200 2953 586 3025; x_wconf 87' lang='lat' dir='ltr'><strong>siadsitquiaudiropossit.</strong></span> <span class='ocrx_word' id='word_1_345' title='bbox 599 2953 965 3029; x_wconf 85' lang='lat' dir='ltr'><strong>Suntnamquomulti,qui</strong></span> <span class='ocrx_word' id='word_1_346' title='bbox 1020 2959 1140 3012; x_wconf 82' lang='lat' dir='ltr'><strong>diverso</strong></span> <span class='ocrx_word' id='word_1_347' title='bbox 1157 2957 1309 3026; x_wconf 91' lang='lat' dir='ltr'><strong>epularum</strong></span> <span class='ocrx_word' id='word_1_348' title='bbox 1325 2959 1465 3027; x_wconf 89' lang='lat' dir='ltr'><strong>apparatu</strong></span> <span class='ocrx_word' id='word_1_349' title='bbox 1476 2955 1695 3026; x_wconf 80' lang='lat' dir='ltr'><strong>reficiebantur,</strong></span> <span class='ocrx_word' id='word_1_350' title='bbox 1711 2957 1742 3011; x_wconf 91' lang='lat' dir='ltr'><strong>et</strong></span> <span class='ocrx_word' id='word_1_351' title='bbox 1758 2970 1854 3011; x_wconf 86' lang='lat' dir='ltr'><strong>eoram</strong></span> 
     </span>
     <span class='ocr_line' id='line_1_31' title="bbox 132 3043 1853 3117; baseline -0.001 -16"><span class='ocrx_word' id='word_1_352' title='bbox 132 3045 217 3101; x_wconf 89' lang='lat' dir='ltr'><strong>iubis</strong></span> <span class='ocrx_word' id='word_1_353' title='bbox 228 3043 366 3099; x_wconf 90' lang='lat' dir='ltr'><strong>omnihus</strong></span> <span class='ocrx_word' id='word_1_354' title='bbox 379 3043 587 3114; x_wconf 88' lang='lat' dir='ltr'><strong>spectabiliora</strong></span> <span class='ocrx_word' id='word_1_355' title='bbox 598 3046 924 3117; x_wconf 88' lang='lat' dir='ltr'><strong>sempereonsidcrant,</strong></span> <span class='ocrx_word' id='word_1_356' title='bbox 938 3051 966 3103; x_wconf 90' lang='lat' dir='ltr'><strong>ct</strong></span> <span class='ocrx_word' id='word_1_357' title='bbox 1020 3047 1145 3101; x_wconf 92' lang='lat' dir='ltr'><strong>Domino</strong></span> <span class='ocrx_word' id='word_1_358' title='bbox 1163 3046 1224 3101; x_wconf 90' lang='lat' dir='ltr'><strong>Deo</strong></span> <span class='ocrx_word' id='word_1_359' title='bbox 1246 3061 1301 3101; x_wconf 89' lang='lat' dir='ltr'><strong>suo</strong></span> <span class='ocrx_word' id='word_1_360' title='bbox 1321 3045 1505 3100; x_wconf 78' lang='lat' dir='ltr'><strong>laetabantur.</strong></span> <span class='ocrx_word' id='word_1_361' title='bbox 1528 3045 1591 3100; x_wconf 92' lang='lat' dir='ltr'><strong>Nos</strong></span> <span class='ocrx_word' id='word_1_362' title='bbox 1613 3047 1713 3100; x_wconf 88' lang='lat' dir='ltr'><strong>autem</strong></span> <span class='ocrx_word' id='word_1_363' title='bbox 1731 3045 1784 3116; x_wconf 91' lang='lat' dir='ltr'><strong>qui</strong></span> <span class='ocrx_word' id='word_1_364' title='bbox 1798 3058 1853 3099; x_wconf 88' lang='lat' dir='ltr'><strong>nou</strong></span> 
     </span>
     <span class='ocr_line' id='line_1_32' title="bbox 132 3133 1853 3208; baseline -0.002 -18"><span class='ocrx_word' id='word_1_365' title='bbox 132 3133 968 3207; x_wconf 85' lang='lat' dir='ltr'><strong>hisoppositispraedioarcrecusant,quasiDeussuperio·</strong></span> <span class='ocrx_word' id='word_1_366' title='bbox 1019 3136 1142 3208; x_wconf 85' lang='lat' dir='ltr'><strong>figuras,</strong></span> <span class='ocrx_word' id='word_1_367' title='bbox 1155 3135 1209 3190; x_wconf 90' lang='lat' dir='ltr'><strong>sed</strong></span> <span class='ocrx_word' id='word_1_368' title='bbox 1220 3136 1372 3202; x_wconf 80' lang='lat' dir='ltr'><strong>veritatem</strong></span> <span class='ocrx_word' id='word_1_369' title='bbox 1381 3138 1482 3189; x_wconf 85' lang='lat' dir='ltr'><strong>tonare</strong></span> <span class='ocrx_word' id='word_1_370' title='bbox 1494 3134 1647 3204; x_wconf 89' lang='lat' dir='ltr'><strong>debemus,</strong></span> <span class='ocrx_word' id='word_1_371' title='bbox 1660 3150 1720 3190; x_wconf 90' lang='lat' dir='ltr'><strong>non</strong></span> <span class='ocrx_word' id='word_1_372' title='bbox 1732 3133 1853 3188; x_wconf 81' lang='lat' dir='ltr'><strong>litteram</strong></span> 
     </span>
     <span class='ocr_line' id='line_1_33' title="bbox 57 3209 1849 3295; baseline -0.001 -16"><span class='ocrx_word' id='word_1_373' title='bbox 57 3209 61 3226; x_wconf 80' lang='lat'>&#39;</span> <span class='ocrx_word' id='word_1_374' title='bbox 132 3221 966 3295; x_wconf 86' lang='lat' dir='ltr'><strong>raprospieeret,etinferioranoncuraret,cumnonnun·</strong></span> <span class='ocrx_word' id='word_1_375' title='bbox 1020 3225 1213 3291; x_wconf 89' lang='lat' dir='ltr'><strong>occidentem,</strong></span> <span class='ocrx_word' id='word_1_376' title='bbox 1225 3225 1278 3278; x_wconf 90' lang='lat' dir='ltr'><strong>sed</strong></span> <span class='ocrx_word' id='word_1_377' title='bbox 1290 3224 1427 3294; x_wconf 90' lang='lat' dir='ltr'><strong>spiritum</strong></span> <span class='ocrx_word' id='word_1_378' title='bbox 1436 3224 1635 3279; x_wconf 79' lang='lat' dir='ltr'><strong>vivificantem</strong></span> <span class='ocrx_word' id='word_1_379' title='bbox 1653 3223 1849 3295; x_wconf 58' lang='lat' dir='ltr'><strong>inquirentem</strong></span> 
     </span>
     <span class='ocr_line' id='line_1_34' title="bbox 132 3311 1850 3386; baseline -0.002 -18"><span class='ocrx_word' id='word_1_380' title='bbox 132 3329 219 3385; x_wconf 90' lang='lat' dir='ltr'><strong>quam</strong></span> <span class='ocrx_word' id='word_1_381' title='bbox 230 3329 296 3383; x_wconf 88' lang='lat' dir='ltr'><strong>quae</strong></span> <span class='ocrx_word' id='word_1_382' title='bbox 314 3312 484 3367; x_wconf 91' lang='lat' dir='ltr'><strong>hominibus</strong></span> <span class='ocrx_word' id='word_1_383' title='bbox 501 3312 637 3367; x_wconf 88' lang='lat' dir='ltr'><strong>videntur</strong></span> <span class='ocrx_word' id='word_1_384' title='bbox 652 3313 760 3384; x_wconf 88' lang='lat' dir='ltr'><strong>intima,</strong></span> <span class='ocrx_word' id='word_1_385' title='bbox 777 3315 854 3385; x_wconf 89' lang='lat' dir='ltr'><strong>apud</strong></span> <span class='ocrx_word' id='word_1_386' title='bbox 871 3316 965 3371; x_wconf 87' lang='lat' dir='ltr'><strong>Deum</strong></span> <span class='ocrx_word' id='word_1_387' title='bbox 1021 3317 1049 3370; x_wconf 88' lang='lat' dir='ltr'><strong>et</strong></span> <span class='ocrx_word' id='word_1_388' title='bbox 1065 3315 1135 3386; x_wconf 87' lang='lat' dir='ltr'><strong>quid</strong></span> <span class='ocrx_word' id='word_1_389' title='bbox 1150 3314 1237 3368; x_wconf 90' lang='lat' dir='ltr'><strong>nobis</strong></span> <span class='ocrx_word' id='word_1_390' title='bbox 1252 3314 1441 3384; x_wconf 88' lang='lat' dir='ltr'><strong>antiquorum</strong></span> <span class='ocrx_word' id='word_1_391' title='bbox 1458 3313 1593 3383; x_wconf 86' lang='lat' dir='ltr'><strong>exemplo</strong></span> <span class='ocrx_word' id='word_1_392' title='bbox 1609 3326 1670 3368; x_wconf 90' lang='lat' dir='ltr'><strong>non</strong></span> <span class='ocrx_word' id='word_1_393' title='bbox 1690 3311 1850 3380; x_wconf 87' lang='lat' dir='ltr'><strong>carnaliter,</strong></span> 
     </span>
     <span class='ocr_line' id='line_1_35' title="bbox 130 3400 1848 3474; baseline -0.001 -17"><span class='ocrx_word' id='word_1_394' title='bbox 130 3401 295 3458; x_wconf 85' lang='lat' dir='ltr'><strong>habeantur</strong></span> <span class='ocrx_word' id='word_1_395' title='bbox 310 3416 435 3455; x_wconf 91' lang='lat' dir='ltr'><strong>summa.</strong></span> <span class='ocrx_word' id='word_1_396' title='bbox 452 3400 526 3455; x_wconf 88' lang='lat' dir='ltr'><strong>Sunt</strong></span> <span class='ocrx_word' id='word_1_397' title='bbox 540 3402 626 3455; x_wconf 90' lang='lat' dir='ltr'><strong>etiam</strong></span> <span class='ocrx_word' id='word_1_398' title='bbox 641 3403 770 3473; x_wconf 80' lang='lat' dir='ltr'><strong>qaudam,</strong></span> <span class='ocrx_word' id='word_1_399' title='bbox 787 3405 838 3474; x_wconf 91' lang='lat' dir='ltr'><strong>qui</strong></span> <span class='ocrx_word' id='word_1_400' title='bbox 858 3420 963 3460; x_wconf 90' lang='lat' dir='ltr'><strong>nume·</strong></span> <span class='ocrx_word' id='word_1_401' title='bbox 1022 3405 1075 3459; x_wconf 90' lang='lat' dir='ltr'><strong>sed</strong></span> <span class='ocrx_word' id='word_1_402' title='bbox 1091 3402 1283 3473; x_wconf 87' lang='lat' dir='ltr'><strong>spiritualiter</strong></span> <span class='ocrx_word' id='word_1_403' title='bbox 1297 3402 1323 3455; x_wconf 88' lang='lat' dir='ltr'><strong>si</strong></span> <span class='ocrx_word' id='word_1_404' title='bbox 1340 3403 1530 3472; x_wconf 89' lang='lat' dir='ltr'><strong>servandum,</strong></span> <span class='ocrx_word' id='word_1_405' title='bbox 1549 3402 1700 3457; x_wconf 85' lang='lat' dir='ltr'><strong>subtiliter</strong></span> <span class='ocrx_word' id='word_1_406' title='bbox 1718 3400 1848 3457; x_wconf 78' lang='lat' dir='ltr'><strong>attende·</strong></span> 
     </span>
     <span class='ocr_line' id='line_1_36' title="bbox 130 3488 1849 3563; baseline -0.001 -18"><span class='ocrx_word' id='word_1_407' title='bbox 130 3490 240 3545; x_wconf 88' lang='lat' dir='ltr'><strong>rosiori</strong></span> <span class='ocrx_word' id='word_1_408' title='bbox 254 3488 362 3560; x_wconf 93' lang='lat' dir='ltr'><strong>populo</strong></span> <span class='ocrx_word' id='word_1_409' title='bbox 386 3490 543 3560; x_wconf 88' lang='lat' dir='ltr'><strong>aliquando</strong></span> <span class='ocrx_word' id='word_1_410' title='bbox 564 3491 743 3561; x_wconf 72' lang='lat' dir='ltr'><strong>praedicant,</strong></span> <span class='ocrx_word' id='word_1_411' title='bbox 767 3494 871 3562; x_wconf 90' lang='lat' dir='ltr'><strong>paucis</strong></span> <span class='ocrx_word' id='word_1_412' title='bbox 890 3511 962 3551; x_wconf 85' lang='lat' dir='ltr'><strong>vero</strong></span> <span class='ocrx_word' id='word_1_413' title='bbox 1022 3509 1099 3548; x_wconf 80' lang='lat' dir='ltr'><strong>naus.</strong></span> <span class='ocrx_word' id='word_1_414' title='bbox 1111 3492 1183 3557; x_wconf 88' lang='lat' dir='ltr'><strong>Quis</strong></span> <span class='ocrx_word' id='word_1_415' title='bbox 1192 3495 1238 3547; x_wconf 90' lang='lat' dir='ltr'><strong>est</strong></span> <span class='ocrx_word' id='word_1_416' title='bbox 1249 3507 1321 3563; x_wconf 91' lang='lat' dir='ltr'><strong>orgo</strong></span> <span class='ocrx_word' id='word_1_417' title='bbox 1340 3491 1395 3546; x_wconf 91' lang='lat' dir='ltr'><strong>isto</strong></span> <span class='ocrx_word' id='word_1_418' title='bbox 1412 3492 1525 3546; x_wconf 88' lang='lat' dir='ltr'><strong>mensis</strong></span> <span class='ocrx_word' id='word_1_419' title='bbox 1536 3491 1695 3562; x_wconf 88' lang='lat' dir='ltr'><strong>septimus,</strong></span> <span class='ocrx_word' id='word_1_420' title='bbox 1711 3491 1743 3546; x_wconf 91' lang='lat' dir='ltr'><strong>in</strong></span> <span class='ocrx_word' id='word_1_421' title='bbox 1754 3506 1812 3563; x_wconf 90' lang='lat' dir='ltr'><strong>qno</strong></span> <span class='ocrx_word' id='word_1_422' title='bbox 1826 3490 1849 3544; x_wconf 86' lang='lat' dir='ltr'><strong>in</strong></span> 
     </span>
     <span class='ocr_line' id='line_1_37' title="bbox 129 3578 1851 3655; baseline -0.001 -21"><span class='ocrx_word' id='word_1_423' title='bbox 129 3578 211 3649; x_wconf 89' lang='lat' dir='ltr'><strong>loqui</strong></span> <span class='ocrx_word' id='word_1_424' title='bbox 227 3594 376 3649; x_wconf 87' lang='lat' dir='ltr'><strong>nunquam</strong></span> <span class='ocrx_word' id='word_1_425' title='bbox 393 3581 504 3632; x_wconf 88' lang='lat' dir='ltr'><strong>curant.</strong></span> <span class='ocrx_word' id='word_1_426' title='bbox 524 3578 558 3632; x_wconf 78' lang='lat' dir='ltr'><strong>Et</strong></span> <span class='ocrx_word' id='word_1_427' title='bbox 574 3580 624 3649; x_wconf 91' lang='lat' dir='ltr'><strong>qui</strong></span> <span class='ocrx_word' id='word_1_428' title='bbox 648 3580 755 3652; x_wconf 84' lang='lat' dir='ltr'><strong>majori</strong></span> <span class='ocrx_word' id='word_1_429' title='bbox 778 3582 862 3654; x_wconf 89' lang='lat' dir='ltr'><strong>culpa</strong></span> <span class='ocrx_word' id='word_1_430' title='bbox 885 3585 964 3655; x_wconf 88' lang='lat' dir='ltr'><strong>apud</strong></span> <span class='ocrx_word' id='word_1_431' title='bbox 1021 3581 1220 3637; x_wconf 90' lang='lat' dir='ltr'><strong>tabernaculis</strong></span> <span class='ocrx_word' id='word_1_432' title='bbox 1235 3581 1426 3651; x_wconf 77' lang='lat' dir='ltr'><strong>praecipimur</strong></span> <span class='ocrx_word' id='word_1_433' title='bbox 1439 3581 1581 3651; x_wconf 88' lang='lat' dir='ltr'><strong>habitare,</strong></span> <span class='ocrx_word' id='word_1_434' title='bbox 1595 3580 1654 3635; x_wconf 91' lang='lat' dir='ltr'><strong>nisi</strong></span> <span class='ocrx_word' id='word_1_435' title='bbox 1665 3583 1851 3652; x_wconf 84' lang='lat' dir='ltr'><strong>tempusgra·</strong></span> 
     </span>
     <span class='ocr_line' id='line_1_38' title="bbox 130 3666 1851 3743; baseline -0.001 -20"><span class='ocrx_word' id='word_1_436' title='bbox 130 3667 224 3723; x_wconf 89' lang='lat' dir='ltr'><strong>Deum</strong></span> <span class='ocrx_word' id='word_1_437' title='bbox 233 3682 265 3721; x_wconf 88' lang='lat' dir='ltr'><strong>se</strong></span> <span class='ocrx_word' id='word_1_438' title='bbox 277 3667 418 3739; x_wconf 87' lang='lat' dir='ltr'><strong>obligant,</strong></span> <span class='ocrx_word' id='word_1_439' title='bbox 431 3666 830 3741; x_wconf 84' lang='lat' dir='ltr'><strong>quiaverbumlleisivcprae</strong></span> <span class='ocrx_word' id='word_1_440' title='bbox 839 3675 962 3743; x_wconf 86' lang='lat' dir='ltr'><strong>pudore,</strong></span> <span class='ocrx_word' id='word_1_441' title='bbox 1019 3673 1078 3742; x_wconf 76' lang='lat' dir='ltr'><strong>tiae,</strong></span> <span class='ocrx_word' id='word_1_442' title='bbox 1091 3673 1121 3726; x_wconf 93' lang='lat' dir='ltr'><strong>iu</strong></span> <span class='ocrx_word' id='word_1_443' title='bbox 1132 3687 1190 3742; x_wconf 83' lang='lat' dir='ltr'><strong>que</strong></span> <span class='ocrx_word' id='word_1_444' title='bbox 1202 3669 1385 3740; x_wconf 88' lang='lat' dir='ltr'><strong>septiformis</strong></span> <span class='ocrx_word' id='word_1_445' title='bbox 1394 3670 1522 3740; x_wconf 89' lang='lat' dir='ltr'><strong>Spiritus</strong></span> <span class='ocrx_word' id='word_1_446' title='bbox 1532 3670 1770 3740; x_wconf 87' lang='lat' dir='ltr'><strong>peruniversum</strong></span> <span class='ocrx_word' id='word_1_447' title='bbox 1780 3681 1851 3724; x_wconf 88' lang='lat' dir='ltr'><strong>muu-</strong></span> 
     </span>
     <span class='ocr_line' id='line_1_39' title="bbox 130 3755 1850 3832; baseline -0.002 -20"><span class='ocrx_word' id='word_1_448' title='bbox 130 3757 195 3812; x_wconf 90' lang='lat' dir='ltr'><strong>sive</strong></span> <span class='ocrx_word' id='word_1_449' title='bbox 205 3773 268 3828; x_wconf 88' lang='lat' dir='ltr'><strong>prae</strong></span> <span class='ocrx_word' id='word_1_450' title='bbox 279 3756 419 3826; x_wconf 88' lang='lat' dir='ltr'><strong>superbia</strong></span> <span class='ocrx_word' id='word_1_451' title='bbox 431 3760 459 3810; x_wconf 91' lang='lat' dir='ltr'><strong>et</strong></span> <span class='ocrx_word' id='word_1_452' title='bbox 468 3773 575 3828; x_wconf 91' lang='lat' dir='ltr'><strong>pompa</strong></span> <span class='ocrx_word' id='word_1_453' title='bbox 591 3757 759 3813; x_wconf 88' lang='lat' dir='ltr'><strong>divitiarum</strong></span> <span class='ocrx_word' id='word_1_454' title='bbox 770 3761 888 3830; x_wconf 90' lang='lat' dir='ltr'><strong>penitus</strong></span> <span class='ocrx_word' id='word_1_455' title='bbox 900 3779 965 3832; x_wconf 93' lang='lat' dir='ltr'><strong>pro·</strong></span> <span class='ocrx_word' id='word_1_456' title='bbox 1021 3762 1091 3816; x_wconf 90' lang='lat' dir='ltr'><strong>dum</strong></span> <span class='ocrx_word' id='word_1_457' title='bbox 1101 3760 1241 3814; x_wconf 90' lang='lat' dir='ltr'><strong>tribuitur</strong></span> <span class='ocrx_word' id='word_1_458' title='bbox 1252 3758 1476 3823; x_wconf 70' lang='lat' dir='ltr'><strong>fidelihusltlui</strong></span> <span class='ocrx_word' id='word_1_459' title='bbox 1492 3762 1561 3814; x_wconf 91' lang='lat' dir='ltr'><strong>sunt</strong></span> <span class='ocrx_word' id='word_1_460' title='bbox 1572 3762 1688 3829; x_wconf 89' lang='lat' dir='ltr'><strong>septem</strong></span> <span class='ocrx_word' id='word_1_461' title='bbox 1706 3758 1784 3830; x_wconf 90' lang='lat' dir='ltr'><strong>dies,</strong></span> <span class='ocrx_word' id='word_1_462' title='bbox 1800 3755 1850 3812; x_wconf 88' lang='lat' dir='ltr'><strong>nisi</strong></span> 
     </span>
     <span class='ocr_line' id='line_1_40' title="bbox 128 3844 1850 3921; baseline 0 -21"><span class='ocrx_word' id='word_1_463' title='bbox 128 3846 208 3902; x_wconf 85' lang='lat' dir='ltr'><strong>ferre</strong></span> <span class='ocrx_word' id='word_1_464' title='bbox 217 3848 367 3901; x_wconf 89' lang='lat' dir='ltr'><strong>recusant.</strong></span> <span class='ocrx_word' id='word_1_465' title='bbox 379 3844 434 3910; x_wconf 89' lang='lat' dir='ltr'><strong>Qui</strong></span> <span class='ocrx_word' id='word_1_466' title='bbox 445 3846 682 3917; x_wconf 90' lang='lat' dir='ltr'><strong>igiturtatentum</strong></span> <span class='ocrx_word' id='word_1_467' title='bbox 693 3850 803 3920; x_wconf 90' lang='lat' dir='ltr'><strong>cogniti</strong></span> <span class='ocrx_word' id='word_1_468' title='bbox 813 3849 965 3921; x_wconf 80' lang='lat' dir='ltr'><strong>boniprae·</strong></span> <span class='ocrx_word' id='word_1_469' title='bbox 1017 3849 1176 3920; x_wconf 75' lang='lat' dir='ltr'><strong>praesentis</strong></span> <span class='ocrx_word' id='word_1_470' title='bbox 1201 3848 1353 3919; x_wconf 90' lang='lat' dir='ltr'><strong>temporis,</strong></span> <span class='ocrx_word' id='word_1_471' title='bbox 1381 3848 1461 3919; x_wconf 90' lang='lat' dir='ltr'><strong>quod</strong></span> <span class='ocrx_word' id='word_1_472' title='bbox 1481 3851 1596 3919; x_wconf 89' lang='lat' dir='ltr'><strong>septem</strong></span> <span class='ocrx_word' id='word_1_473' title='bbox 1612 3848 1730 3903; x_wconf 89' lang='lat' dir='ltr'><strong>dierum</strong></span> <span class='ocrx_word' id='word_1_474' title='bbox 1746 3846 1850 3904; x_wconf 88' lang='lat' dir='ltr'><strong>circulo</strong></span> 
     </span>
     <span class='ocr_line' id='line_1_41' title="bbox 88 3935 1848 4007; baseline -0.001 -16"><span class='ocrx_word' id='word_1_475' title='bbox 88 3992 90 3996; x_wconf 68' lang='grc'><strong>,</strong></span> <span class='ocrx_word' id='word_1_476' title='bbox 129 3935 255 3991; x_wconf 88' lang='lat' dir='ltr'><strong>dicando</strong></span> <span class='ocrx_word' id='word_1_477' title='bbox 270 3935 423 4005; x_wconf 83' lang='lat' dir='ltr'><strong>expendit,</strong></span> <span class='ocrx_word' id='word_1_478' title='bbox 441 3935 574 4007; x_wconf 91' lang='lat' dir='ltr'><strong>largiteri</strong></span> <span class='ocrx_word' id='word_1_479' title='bbox 589 3936 730 3992; x_wconf 87' lang='lat' dir='ltr'><strong>talentum</strong></span> <span class='ocrx_word' id='word_1_480' title='bbox 740 3938 895 4007; x_wconf 85' lang='lat' dir='ltr'><strong>lucrifacit,</strong></span> <span class='ocrx_word' id='word_1_481' title='bbox 906 3942 963 3995; x_wconf 91' lang='lat' dir='ltr'><strong>etsi</strong></span> <span class='ocrx_word' id='word_1_482' title='bbox 1018 3942 1047 3994; x_wconf 90' lang='lat' dir='ltr'><strong>et</strong></span> <span class='ocrx_word' id='word_1_483' title='bbox 1055 3938 1202 3993; x_wconf 88' lang='lat' dir='ltr'><strong>curriculo</strong></span> <span class='ocrx_word' id='word_1_484' title='bbox 1213 3937 1357 4007; x_wconf 86' lang='lat' dir='ltr'><strong>volvitur,</strong></span> <span class='ocrx_word' id='word_1_485' title='bbox 1368 3937 1480 3992; x_wconf 76' lang='lat' dir='ltr'><strong>series?</strong></span> <span class='ocrx_word' id='word_1_486' title='bbox 1491 3936 1562 4002; x_wconf 88' lang='lat' dir='ltr'><strong>Quae</strong></span> <span class='ocrx_word' id='word_1_487' title='bbox 1574 3939 1644 3991; x_wconf 92' lang='lat' dir='ltr'><strong>sunt</strong></span> <span class='ocrx_word' id='word_1_488' title='bbox 1654 3936 1848 4003; x_wconf 82' lang='lat' dir='ltr'><strong>tabernacula,</strong></span> 
     </span>
     <span class='ocr_line' id='line_1_42' title="bbox 128 4024 1850 4100; baseline 0.001 -22"><span class='ocrx_word' id='word_1_489' title='bbox 128 4025 234 4080; x_wconf 91' lang='lat' dir='ltr'><strong>nonin</strong></span> <span class='ocrx_word' id='word_1_490' title='bbox 249 4024 318 4093; x_wconf 94' lang='lat' dir='ltr'><strong>alio,</strong></span> <span class='ocrx_word' id='word_1_491' title='bbox 336 4027 433 4077; x_wconf 90' lang='lat' dir='ltr'><strong>tamen</strong></span> <span class='ocrx_word' id='word_1_492' title='bbox 448 4024 477 4077; x_wconf 93' lang='lat' dir='ltr'><strong>in</strong></span> <span class='ocrx_word' id='word_1_493' title='bbox 493 4027 665 4096; x_wconf 89' lang='lat' dir='ltr'><strong>semetipso,</strong></span> <span class='ocrx_word' id='word_1_494' title='bbox 682 4029 751 4098; x_wconf 89' lang='lat' dir='ltr'><strong>quia</strong></span> <span class='ocrx_word' id='word_1_495' title='bbox 767 4029 902 4100; x_wconf 84' lang='lat' dir='ltr'><strong>quamvis</strong></span> <span class='ocrx_word' id='word_1_496' title='bbox 915 4030 962 4084; x_wconf 93' lang='lat' dir='ltr'><strong>ille</strong></span> <span class='ocrx_word' id='word_1_497' title='bbox 1017 4028 1077 4082; x_wconf 90' lang='lat' dir='ltr'><strong>nisi</strong></span> <span class='ocrx_word' id='word_1_498' title='bbox 1088 4030 1199 4082; x_wconf 88' lang='lat' dir='ltr'><strong>sanetae</strong></span> <span class='ocrx_word' id='word_1_499' title='bbox 1210 4030 1238 4080; x_wconf 91' lang='lat' dir='ltr'><strong>et</strong></span> <span class='ocrx_word' id='word_1_500' title='bbox 1253 4027 1389 4081; x_wconf 89' lang='lat' dir='ltr'><strong>honestae</strong></span> <span class='ocrx_word' id='word_1_501' title='bbox 1402 4027 1642 4082; x_wconf 87' lang='lat' dir='ltr'><strong>conversationis</strong></span> <span class='ocrx_word' id='word_1_502' title='bbox 1657 4025 1798 4097; x_wconf 86' lang='lat' dir='ltr'><strong>exempla</strong></span> <span class='ocrx_word' id='word_1_503' title='bbox 1810 4024 1850 4079; x_wconf 88' lang='lat' dir='ltr'><strong>di·</strong></span> 
     </span>
     <span class='ocr_line' id='line_1_43' title="bbox 131 4110 1850 4188; baseline 0.002 -24"><span class='ocrx_word' id='word_1_504' title='bbox 131 4111 182 4183; x_wconf 88' lang='lat' dir='ltr'><strong>qui</strong></span> <span class='ocrx_word' id='word_1_505' title='bbox 205 4112 304 4181; x_wconf 88' lang='lat' dir='ltr'><strong>audit,</strong></span> <span class='ocrx_word' id='word_1_506' title='bbox 328 4110 437 4165; x_wconf 90' lang='lat' dir='ltr'><strong>malum</strong></span> <span class='ocrx_word' id='word_1_507' title='bbox 461 4128 520 4167; x_wconf 92' lang='lat' dir='ltr'><strong>non</strong></span> <span class='ocrx_word' id='word_1_508' title='bbox 543 4113 741 4186; x_wconf 88' lang='lat' dir='ltr'><strong>derelinquat,</strong></span> <span class='ocrx_word' id='word_1_509' title='bbox 767 4117 879 4172; x_wconf 92' lang='lat' dir='ltr'><strong>honum</strong></span> <span class='ocrx_word' id='word_1_510' title='bbox 902 4136 963 4174; x_wconf 90' lang='lat' dir='ltr'><strong>non</strong></span> <span class='ocrx_word' id='word_1_511' title='bbox 1018 4117 1116 4171; x_wconf 82' lang='lat' dir='ltr'><strong>versis</strong></span> <span class='ocrx_word' id='word_1_512' title='bbox 1131 4116 1290 4171; x_wconf 84' lang='lat' dir='ltr'><strong>virtutibus</strong></span> <span class='ocrx_word' id='word_1_513' title='bbox 1307 4119 1335 4170; x_wconf 89' lang='lat' dir='ltr'><strong>et</strong></span> <span class='ocrx_word' id='word_1_514' title='bbox 1352 4116 1611 4187; x_wconf 88' lang='lat' dir='ltr'><strong>operibusbonis,</strong></span> <span class='ocrx_word' id='word_1_515' title='bbox 1627 4115 1850 4188; x_wconf 79' lang='lat' dir='ltr'><strong>quasidiversis</strong></span> 
     </span>
     <span class='ocr_line' id='line_1_44' title="bbox 128 4200 1699 4279; baseline 0.004 -24"><span class='ocrx_word' id='word_1_516' title='bbox 128 4200 227 4269; x_wconf 87' lang='lat' dir='ltr'><strong>faciat,</strong></span> <span class='ocrx_word' id='word_1_517' title='bbox 245 4200 294 4255; x_wconf 92' lang='lat' dir='ltr'><strong>ille</strong></span> <span class='ocrx_word' id='word_1_518' title='bbox 308 4203 416 4271; x_wconf 87' lang='lat' dir='ltr'><strong>tamen,</strong></span> <span class='ocrx_word' id='word_1_519' title='bbox 433 4201 483 4270; x_wconf 91' lang='lat' dir='ltr'><strong>qui</strong></span> <span class='ocrx_word' id='word_1_520' title='bbox 505 4202 645 4273; x_wconf 89' lang='lat' dir='ltr'><strong>loquitur,</strong></span> <span class='ocrx_word' id='word_1_521' title='bbox 670 4204 699 4258; x_wconf 91' lang='lat' dir='ltr'><strong>in</strong></span> <span class='ocrx_word' id='word_1_522' title='bbox 714 4220 749 4260; x_wconf 89' lang='lat' dir='ltr'><strong>co</strong></span> <span class='ocrx_word' id='word_1_523' title='bbox 765 4207 862 4261; x_wconf 89' lang='lat' dir='ltr'><strong>tamen</strong></span> <span class='ocrx_word' id='word_1_524' title='bbox 884 4210 963 4279; x_wconf 89' lang='lat' dir='ltr'><strong>quod</strong></span> <span class='ocrx_word' id='word_1_525' title='bbox 1018 4206 1109 4260; x_wconf 89' lang='lat' dir='ltr'><strong>ramis</strong></span> <span class='ocrx_word' id='word_1_526' title='bbox 1125 4208 1153 4260; x_wconf 93' lang='lat' dir='ltr'><strong>et</strong></span> <span class='ocrx_word' id='word_1_527' title='bbox 1168 4221 1316 4261; x_wconf 89' lang='lat' dir='ltr'><strong>ramorum</strong></span> <span class='ocrx_word' id='word_1_528' title='bbox 1332 4204 1488 4260; x_wconf 92' lang='lat' dir='ltr'><strong>frondibus</strong></span> <span class='ocrx_word' id='word_1_529' title='bbox 1504 4208 1699 4262; x_wconf 84' lang='lat' dir='ltr'><strong>constructa?</strong></span> 
     </span>
     <span class='ocr_line' id='line_1_45' title="bbox 127 4287 1850 4370; baseline 0.002 -25"><span class='ocrx_word' id='word_1_530' title='bbox 127 4287 267 4361; x_wconf 84' lang='lat' dir='ltr'><strong>loquitur,</strong></span> <span class='ocrx_word' id='word_1_531' title='bbox 277 4291 405 4344; x_wconf 90' lang='lat' dir='ltr'><strong>animam</strong></span> <span class='ocrx_word' id='word_1_532' title='bbox 420 4304 505 4343; x_wconf 88' lang='lat' dir='ltr'><strong>suam</strong></span> <span class='ocrx_word' id='word_1_533' title='bbox 523 4290 637 4360; x_wconf 89' lang='lat' dir='ltr'><strong>liberat,</strong></span> <span class='ocrx_word' id='word_1_534' title='bbox 652 4296 680 4347; x_wconf 89' lang='lat' dir='ltr'><strong>et</strong></span> <span class='ocrx_word' id='word_1_535' title='bbox 694 4295 861 4350; x_wconf 87' lang='lat' dir='ltr'><strong>audientem</strong></span> <span class='ocrx_word' id='word_1_536' title='bbox 877 4297 962 4370; x_wconf 87' lang='lat' dir='ltr'><strong>igno·</strong></span> <span class='ocrx_word' id='word_1_537' title='bbox 1054 4295 1157 4349; x_wconf 83' lang='lat' dir='ltr'><strong>Mense</strong></span> <span class='ocrx_word' id='word_1_538' title='bbox 1172 4295 1270 4365; x_wconf 88' lang='lat' dir='ltr'><strong>itaque</strong></span> <span class='ocrx_word' id='word_1_539' title='bbox 1282 4295 1408 4364; x_wconf 87' lang='lat' dir='ltr'><strong>septimo</strong></span> <span class='ocrx_word' id='word_1_540' title='bbox 1424 4299 1538 4366; x_wconf 88' lang='lat' dir='ltr'><strong>septem</strong></span> <span class='ocrx_word' id='word_1_541' title='bbox 1554 4295 1661 4350; x_wconf 89' lang='lat' dir='ltr'><strong>diebus</strong></span> <span class='ocrx_word' id='word_1_542' title='bbox 1672 4296 1704 4351; x_wconf 92' lang='lat' dir='ltr'><strong>in</strong></span> <span class='ocrx_word' id='word_1_543' title='bbox 1718 4296 1850 4352; x_wconf 80' lang='lat' dir='ltr'><strong>taberna-</strong></span> 
     </span>
     <span class='ocr_line' id='line_1_46' title="bbox 126 4379 1851 4458; baseline 0.002 -24"><span class='ocrx_word' id='word_1_544' title='bbox 126 4380 221 4435; x_wconf 90' lang='lat' dir='ltr'><strong>rantia</strong></span> <span class='ocrx_word' id='word_1_545' title='bbox 234 4395 293 4434; x_wconf 91' lang='lat' dir='ltr'><strong>non</strong></span> <span class='ocrx_word' id='word_1_546' title='bbox 309 4382 442 4447; x_wconf 88' lang='lat' dir='ltr'><strong>excusat,</strong></span> <span class='ocrx_word' id='word_1_547' title='bbox 461 4382 489 4432; x_wconf 89' lang='lat' dir='ltr'><strong>et</strong></span> <span class='ocrx_word' id='word_1_548' title='bbox 509 4379 575 4434; x_wconf 90' lang='lat' dir='ltr'><strong>ideo</strong></span> <span class='ocrx_word' id='word_1_549' title='bbox 590 4381 672 4434; x_wconf 91' lang='lat' dir='ltr'><strong>illum</strong></span> <span class='ocrx_word' id='word_1_550' title='bbox 695 4383 795 4437; x_wconf 81' lang='lat' dir='ltr'><strong>divina</strong></span> <span class='ocrx_word' id='word_1_551' title='bbox 816 4387 962 4441; x_wconf 88' lang='lat' dir='ltr'><strong>sententia</strong></span> <span class='ocrx_word' id='word_1_552' title='bbox 1019 4383 1249 4439; x_wconf 90' lang='lat' dir='ltr'><strong>culisdebemus</strong></span> <span class='ocrx_word' id='word_1_553' title='bbox 1260 4383 1403 4452; x_wconf 89' lang='lat' dir='ltr'><strong>habitare,</strong></span> <span class='ocrx_word' id='word_1_554' title='bbox 1417 4385 1467 4454; x_wconf 91' lang='lat' dir='ltr'><strong>qui</strong></span> <span class='ocrx_word' id='word_1_555' title='bbox 1482 4384 1512 4438; x_wconf 89' lang='lat' dir='ltr'><strong>in</strong></span> <span class='ocrx_word' id='word_1_556' title='bbox 1531 4383 1588 4439; x_wconf 93' lang='lat' dir='ltr'><strong>hoe</strong></span> <span class='ocrx_word' id='word_1_557' title='bbox 1603 4387 1738 4455; x_wconf 85' lang='lat' dir='ltr'><strong>tempore</strong></span> <span class='ocrx_word' id='word_1_558' title='bbox 1755 4385 1851 4458; x_wconf 82' lang='lat' dir='ltr'><strong>gratiae</strong></span> 
     </span>
     <span class='ocr_line' id='line_1_47' title="bbox 124 4467 1852 4543; baseline 0.001 -18"><span class='ocrx_word' id='word_1_559' title='bbox 124 4467 239 4541; x_wconf 78' lang='lat' dir='ltr'><strong>justius</strong></span> <span class='ocrx_word' id='word_1_560' title='bbox 249 4468 583 4524; x_wconf 80' lang='lat' dir='ltr'><strong>damnatNemoautem</strong></span> <span class='ocrx_word' id='word_1_561' title='bbox 594 4472 639 4524; x_wconf 91' lang='lat' dir='ltr'><strong>est</strong></span> <span class='ocrx_word' id='word_1_562' title='bbox 650 4471 699 4541; x_wconf 92' lang='lat' dir='ltr'><strong>qui</strong></span> <span class='ocrx_word' id='word_1_563' title='bbox 709 4473 805 4541; x_wconf 91' lang='lat' dir='ltr'><strong>possit</strong></span> <span class='ocrx_word' id='word_1_564' title='bbox 816 4474 894 4528; x_wconf 89' lang='lat' dir='ltr'><strong>seab</strong></span> <span class='ocrx_word' id='word_1_565' title='bbox 907 4475 961 4529; x_wconf 91' lang='lat' dir='ltr'><strong>hac</strong></span> <span class='ocrx_word' id='word_1_566' title='bbox 1018 4473 1049 4527; x_wconf 90' lang='lat' dir='ltr'><strong>in</strong></span> <span class='ocrx_word' id='word_1_567' title='bbox 1067 4473 1144 4527; x_wconf 90' lang='lat' dir='ltr'><strong>douo</strong></span> <span class='ocrx_word' id='word_1_568' title='bbox 1165 4472 1330 4543; x_wconf 88' lang='lat' dir='ltr'><strong>septiformi</strong></span> <span class='ocrx_word' id='word_1_569' title='bbox 1345 4472 1473 4543; x_wconf 80' lang='lat' dir='ltr'><strong>Spiritus</strong></span> <span class='ocrx_word' id='word_1_570' title='bbox 1494 4474 1600 4543; x_wconf 92' lang='lat' dir='ltr'><strong>saneti,</strong></span> <span class='ocrx_word' id='word_1_571' title='bbox 1613 4477 1641 4527; x_wconf 91' lang='lat' dir='ltr'><strong>ct</strong></span> <span class='ocrx_word' id='word_1_572' title='bbox 1656 4473 1688 4528; x_wconf 90' lang='lat' dir='ltr'><strong>in</strong></span> <span class='ocrx_word' id='word_1_573' title='bbox 1704 4476 1784 4529; x_wconf 90' lang='lat' dir='ltr'><strong>omni</strong></span> <span class='ocrx_word' id='word_1_574' title='bbox 1799 4474 1852 4529; x_wconf 79' lang='lat' dir='ltr'><strong>vita</strong></span> 
     </span>
     <span class='ocr_line' id='line_1_48' title="bbox 125 4557 1852 4635; baseline 0.002 -22"><span class='ocrx_word' id='word_1_575' title='bbox 125 4557 226 4614; x_wconf 87' lang='lat' dir='ltr'><strong>talenti</strong></span> <span class='ocrx_word' id='word_1_576' title='bbox 238 4559 408 4630; x_wconf 78' lang='lat' dir='ltr'><strong>erogatione</strong></span> <span class='ocrx_word' id='word_1_577' title='bbox 424 4573 580 4628; x_wconf 88' lang='lat' dir='ltr'><strong>excusare,</strong></span> <span class='ocrx_word' id='word_1_578' title='bbox 598 4560 666 4630; x_wconf 88' lang='lat' dir='ltr'><strong>quia</strong></span> <span class='ocrx_word' id='word_1_579' title='bbox 681 4576 767 4614; x_wconf 90' lang='lat' dir='ltr'><strong>nemo</strong></span> <span class='ocrx_word' id='word_1_580' title='bbox 784 4564 890 4634; x_wconf 91' lang='lat' dir='ltr'><strong>estqui</strong></span> <span class='ocrx_word' id='word_1_581' title='bbox 902 4581 962 4619; x_wconf 86' lang='lat' dir='ltr'><strong>nen</strong></span> <span class='ocrx_word' id='word_1_582' title='bbox 1020 4565 1131 4631; x_wconf 89' lang='lat' dir='ltr'><strong>nostra,</strong></span> <span class='ocrx_word' id='word_1_583' title='bbox 1145 4578 1212 4633; x_wconf 81' lang='lat' dir='ltr'><strong>quae</strong></span> <span class='ocrx_word' id='word_1_584' title='bbox 1222 4562 1630 4635; x_wconf 88' lang='lat' dir='ltr'><strong>septenariodierumagitur,</strong></span> <span class='ocrx_word' id='word_1_585' title='bbox 1640 4561 1852 4619; x_wconf 81' lang='lat' dir='ltr'><strong>debemusuir·</strong></span> 
     </span>
     <span class='ocr_line' id='line_1_49' title="bbox 125 4646 1848 4721; baseline 0.004 -20"><span class='ocrx_word' id='word_1_586' title='bbox 125 4647 455 4719; x_wconf 78' lang='lat' dir='ltr'><strong>valeataliquemverbo</strong></span> <span class='ocrx_word' id='word_1_587' title='bbox 465 4664 520 4703; x_wconf 89' lang='lat' dir='ltr'><strong>sao</strong></span> <span class='ocrx_word' id='word_1_588' title='bbox 529 4646 961 4720; x_wconf 84' lang='lat' dir='ltr'><strong>admelioraprovocare.Quod</strong></span> <span class='ocrx_word' id='word_1_589' title='bbox 1019 4655 1097 4705; x_wconf 91' lang='lat' dir='ltr'><strong>tutes</strong></span> <span class='ocrx_word' id='word_1_590' title='bbox 1108 4666 1259 4720; x_wconf 87' lang='lat' dir='ltr'><strong>exercere,</strong></span> <span class='ocrx_word' id='word_1_591' title='bbox 1271 4651 1350 4707; x_wconf 91' lang='lat' dir='ltr'><strong>bona</strong></span> <span class='ocrx_word' id='word_1_592' title='bbox 1362 4666 1451 4721; x_wconf 89' lang='lat' dir='ltr'><strong>opera</strong></span> <span class='ocrx_word' id='word_1_593' title='bbox 1466 4651 1619 4707; x_wconf 83' lang='lat' dir='ltr'><strong>exhibere.</strong></span> <span class='ocrx_word' id='word_1_594' title='bbox 1633 4652 1739 4707; x_wconf 86' lang='lat' dir='ltr'><strong>Patres</strong></span> <span class='ocrx_word' id='word_1_595' title='bbox 1747 4650 1848 4719; x_wconf 79' lang='lat' dir='ltr'><strong>nostri,</strong></span> 
     </span>
     <span class='ocr_line' id='line_1_50' title="bbox 127 4732 1852 4814; baseline 0.002 -23"><span class='ocrx_word' id='word_1_596' title='bbox 127 4737 960 4812; x_wconf 79' lang='lat' dir='ltr'><strong>autemmultiqaiadministeriumpr·oedieattonisstgnati</strong></span> <span class='ocrx_word' id='word_1_597' title='bbox 976 4732 1004 4795; x_wconf 93' lang='lat' dir='ltr'>D</span> <span class='ocrx_word' id='word_1_598' title='bbox 1020 4741 1136 4795; x_wconf 88' lang='lat' dir='ltr'><strong>scilicet</strong></span> <span class='ocrx_word' id='word_1_599' title='bbox 1150 4740 1296 4811; x_wconf 83' lang='lat' dir='ltr'><strong>Apostoli,</strong></span> <span class='ocrx_word' id='word_1_600' title='bbox 1314 4756 1440 4811; x_wconf 91' lang='lat' dir='ltr'><strong>quorum</strong></span> <span class='ocrx_word' id='word_1_601' title='bbox 1456 4756 1560 4795; x_wconf 88' lang='lat' dir='ltr'><strong>sumus</strong></span> <span class='ocrx_word' id='word_1_602' title='bbox 1576 4741 1644 4809; x_wconf 82' lang='lat' dir='ltr'><strong>ulit,</strong></span> <span class='ocrx_word' id='word_1_603' title='bbox 1662 4741 1852 4814; x_wconf 77' lang='lat' dir='ltr'><strong>insanguine</strong></span> 
     </span>
     <span class='ocr_line' id='line_1_51' title="bbox 126 4825 1853 4903; baseline 0.005 -25"><span class='ocrx_word' id='word_1_604' title='bbox 126 4828 207 4894; x_wconf 85' lang='lat' dir='ltr'><strong>sunt,</strong></span> <span class='ocrx_word' id='word_1_605' title='bbox 218 4825 959 4899; x_wconf 83' lang='lat' dir='ltr'><strong>atejusdemministeriisumptassumunt,ctdeeis</strong></span> <span class='ocrx_word' id='word_1_606' title='bbox 1019 4830 1088 4901; x_wconf 88' lang='lat' dir='ltr'><strong>agni</strong></span> <span class='ocrx_word' id='word_1_607' title='bbox 1104 4830 1140 4884; x_wconf 90' lang='lat' dir='ltr'><strong>de</strong></span> <span class='ocrx_word' id='word_1_608' title='bbox 1157 4830 1318 4902; x_wconf 73' lang='lat' dir='ltr'><strong>AEgyptiea</strong></span> <span class='ocrx_word' id='word_1_609' title='bbox 1334 4831 1476 4884; x_wconf 84' lang='lat' dir='ltr'><strong>seruitute</strong></span> <span class='ocrx_word' id='word_1_610' title='bbox 1493 4829 1618 4901; x_wconf 86' lang='lat' dir='ltr'><strong>liberati,</strong></span> <span class='ocrx_word' id='word_1_611' title='bbox 1631 4830 1720 4885; x_wconf 89' lang='lat' dir='ltr'><strong>annis</strong></span> <span class='ocrx_word' id='word_1_612' title='bbox 1732 4830 1853 4903; x_wconf 85' lang='lat' dir='ltr'><strong>quadra·</strong></span> 
     </span>
     <span class='ocr_line' id='line_1_52' title="bbox 124 4913 1852 4992; baseline 0.002 -24"><span class='ocrx_word' id='word_1_613' title='bbox 124 4913 251 4969; x_wconf 88' lang='lat' dir='ltr'><strong>delicate</strong></span> <span class='ocrx_word' id='word_1_614' title='bbox 270 4917 299 4968; x_wconf 90' lang='lat' dir='ltr'><strong>et</strong></span> <span class='ocrx_word' id='word_1_615' title='bbox 317 4915 470 4972; x_wconf 85' lang='lat' dir='ltr'><strong>luxuriose</strong></span> <span class='ocrx_word' id='word_1_616' title='bbox 481 4919 593 4987; x_wconf 85' lang='lat' dir='ltr'><strong>vivant,</strong></span> <span class='ocrx_word' id='word_1_617' title='bbox 611 4918 689 4988; x_wconf 87' lang='lat' dir='ltr'><strong>quod</strong></span> <span class='ocrx_word' id='word_1_618' title='bbox 705 4920 824 4991; x_wconf 90' lang='lat' dir='ltr'><strong>inquam</strong></span> <span class='ocrx_word' id='word_1_619' title='bbox 841 4919 958 4973; x_wconf 90' lang='lat' dir='ltr'><strong>divinas</strong></span> <span class='ocrx_word' id='word_1_620' title='bbox 1019 4920 1100 4991; x_wconf 83' lang='lat' dir='ltr'><strong>ginta</strong></span> <span class='ocrx_word' id='word_1_621' title='bbox 1112 4919 1852 4992; x_wconf 80' lang='lat' dir='ltr'><strong>pareremumintabernaculishabitaverunt,qnia</strong></span> 
     </span>
    </p>
   </div>
   <div class='ocr_carea' id='block_1_4' title="bbox 123 5001 960 5713">
    <p class='ocr_par' dir='ltr' id='par_1_4' title="bbox 123 5001 960 5713">
     <span class='ocr_line' id='line_1_53' title="bbox 126 5001 960 5080; baseline 0.006 -23"><span class='ocrx_word' id='word_1_622' title='bbox 126 5001 960 5080; x_wconf 82' lang='lat' dir='ltr'><strong>Sripturasnesciunt,detorporeetignauiasivecontam-</strong></span> 
     </span>
     <span class='ocr_line' id='line_1_54' title="bbox 125 5093 957 5168; baseline 0.006 -22"><span class='ocrx_word' id='word_1_623' title='bbox 125 5093 957 5168; x_wconf 81' lang='lat' dir='ltr'><strong>ptuarguendisunt,quiaEcelesioeubiquebibliothecis,</strong></span> 
     </span>
     <span class='ocr_line' id='line_1_55' title="bbox 125 5181 960 5258; baseline 0.004 -20"><span class='ocrx_word' id='word_1_624' title='bbox 125 5181 570 5255; x_wconf 65' lang='lat' dir='ltr'><strong>homiliariis,expositionibus</strong></span> <span class='ocrx_word' id='word_1_625' title='bbox 581 5187 754 5241; x_wconf 88' lang='lat' dir='ltr'><strong>tractatibus</strong></span> <span class='ocrx_word' id='word_1_626' title='bbox 764 5188 960 5258; x_wconf 72' lang='lat' dir='ltr'><strong>repletaesunt</strong></span> 
     </span>
     <span class='ocr_line' id='line_1_56' title="bbox 125 5270 959 5346; baseline 0.004 -19"><span class='ocrx_word' id='word_1_627' title='bbox 125 5275 154 5327; x_wconf 87' lang='lat' dir='ltr'><strong>et</strong></span> <span class='ocrx_word' id='word_1_628' title='bbox 165 5271 222 5343; x_wconf 90' lang='lat' dir='ltr'><strong>ipsi</strong></span> <span class='ocrx_word' id='word_1_629' title='bbox 238 5270 357 5328; x_wconf 90' lang='lat' dir='ltr'><strong>lectioni</strong></span> <span class='ocrx_word' id='word_1_630' title='bbox 370 5277 399 5327; x_wconf 92' lang='lat' dir='ltr'><strong>et</strong></span> <span class='ocrx_word' id='word_1_631' title='bbox 410 5275 590 5331; x_wconf 91' lang='lat' dir='ltr'><strong>meditationi</strong></span> <span class='ocrx_word' id='word_1_632' title='bbox 600 5275 818 5346; x_wconf 86' lang='lat' dir='ltr'><strong>Scripturarum</strong></span> <span class='ocrx_word' id='word_1_633' title='bbox 829 5277 959 5331; x_wconf 89' lang='lat' dir='ltr'><strong>studium</strong></span> 
     </span>
     <span class='ocr_line' id='line_1_57' title="bbox 124 5357 960 5436; baseline 0.004 -19"><span class='ocrx_word' id='word_1_634' title='bbox 124 5357 900 5436; x_wconf 81' lang='lat' dir='ltr'><strong>nullumimpendunt.Erubescantcrgoquarumdam</strong></span> <span class='ocrx_word' id='word_1_635' title='bbox 908 5365 960 5420; x_wconf 83' lang='lat' dir='ltr'><strong>Ec·</strong></span> 
     </span>
     <span class='ocr_line' id='line_1_58' title="bbox 123 5449 959 5525; baseline 0.005 -20"><span class='ocrx_word' id='word_1_636' title='bbox 123 5449 283 5506; x_wconf 88' lang='lat' dir='ltr'><strong>etesiarum</strong></span> <span class='ocrx_word' id='word_1_637' title='bbox 290 5450 416 5506; x_wconf 89' lang='lat' dir='ltr'><strong>ministri</strong></span> <span class='ocrx_word' id='word_1_638' title='bbox 427 5451 557 5522; x_wconf 89' lang='lat' dir='ltr'><strong>inutiles,</strong></span> <span class='ocrx_word' id='word_1_639' title='bbox 568 5451 654 5506; x_wconf 88' lang='lat' dir='ltr'><strong>inscii</strong></span> <span class='ocrx_word' id='word_1_640' title='bbox 666 5455 694 5506; x_wconf 88' lang='lat' dir='ltr'><strong>et</strong></span> <span class='ocrx_word' id='word_1_641' title='bbox 704 5453 802 5524; x_wconf 84' lang='lat' dir='ltr'><strong>ignavi</strong></span> <span class='ocrx_word' id='word_1_642' title='bbox 809 5458 959 5525; x_wconf 90' lang='lat' dir='ltr'><strong>torporem</strong></span> 
     </span>
     <span class='ocr_line' id='line_1_59' title="bbox 124 5539 957 5615; baseline 0.005 -19"><span class='ocrx_word' id='word_1_643' title='bbox 124 5541 284 5612; x_wconf 86' lang='lat' dir='ltr'><strong>excutiant,</strong></span> <span class='ocrx_word' id='word_1_644' title='bbox 292 5540 386 5596; x_wconf 88' lang='lat' dir='ltr'><strong>libros</strong></span> <span class='ocrx_word' id='word_1_645' title='bbox 395 5539 504 5612; x_wconf 88' lang='lat' dir='ltr'><strong>legant,</strong></span> <span class='ocrx_word' id='word_1_646' title='bbox 515 5539 957 5615; x_wconf 89' lang='lat' dir='ltr'><strong>talentumexpondaut,tempus</strong></span> 
     </span>
     <span class='ocr_line' id='line_1_60' title="bbox 123 5628 958 5713; baseline 0.006 -23"><span class='ocrx_word' id='word_1_647' title='bbox 123 5628 280 5705; x_wconf 75' lang='lat' dir='ltr'><strong>redimant,</strong></span> <span class='ocrx_word' id='word_1_648' title='bbox 292 5629 432 5709; x_wconf 86' lang='lat' dir='ltr'><strong>quoniam</strong></span> <span class='ocrx_word' id='word_1_649' title='bbox 440 5630 504 5689; x_wconf 88' lang='lat' dir='ltr'><strong>dies</strong></span> <span class='ocrx_word' id='word_1_650' title='bbox 514 5629 583 5688; x_wconf 88' lang='lat' dir='ltr'><strong>mali</strong></span> <span class='ocrx_word' id='word_1_651' title='bbox 592 5633 670 5692; x_wconf 86' lang='lat' dir='ltr'><strong>sunt.</strong></span> <span class='ocrx_word' id='word_1_652' title='bbox 681 5630 824 5691; x_wconf 89' lang='lat' dir='ltr'><strong>Omnibus</strong></span> <span class='ocrx_word' id='word_1_653' title='bbox 831 5633 958 5713; x_wconf 85' lang='lat' dir='ltr'><strong>denique</strong></span> 
     </span>
    </p>
   </div>
   <div class='ocr_carea' id='block_1_5' title="bbox 1018 5007 1852 5615">
    <p class='ocr_par' dir='ltr' id='par_1_5' title="bbox 1018 5007 1852 5615">
     <span class='ocr_line' id='line_1_61' title="bbox 1019 5007 1852 5078; baseline 0 -17"><span class='ocrx_word' id='word_1_654' title='bbox 1019 5008 1049 5062; x_wconf 89' lang='lat' dir='ltr'><strong>in</strong></span> <span class='ocrx_word' id='word_1_655' title='bbox 1060 5009 1201 5078; x_wconf 88' lang='lat' dir='ltr'><strong>passione</strong></span> <span class='ocrx_word' id='word_1_656' title='bbox 1212 5008 1323 5063; x_wconf 78' lang='lat' dir='ltr'><strong>Christi</strong></span> <span class='ocrx_word' id='word_1_657' title='bbox 1333 5009 1369 5063; x_wconf 89' lang='lat' dir='ltr'><strong>dc</strong></span> <span class='ocrx_word' id='word_1_658' title='bbox 1376 5009 1536 5064; x_wconf 88' lang='lat' dir='ltr'><strong>tenebrosa</strong></span> <span class='ocrx_word' id='word_1_659' title='bbox 1543 5007 1644 5064; x_wconf 91' lang='lat' dir='ltr'><strong>mundi</strong></span> <span class='ocrx_word' id='word_1_660' title='bbox 1654 5008 1852 5065; x_wconf 84' lang='lat' dir='ltr'><strong>dominatione</strong></span> 
     </span>
     <span class='ocr_line' id='line_1_62' title="bbox 1019 5097 1852 5170; baseline 0.005 -19"><span class='ocrx_word' id='word_1_661' title='bbox 1019 5097 1171 5168; x_wconf 88' lang='lat' dir='ltr'><strong>redempti,</strong></span> <span class='ocrx_word' id='word_1_662' title='bbox 1185 5098 1214 5151; x_wconf 90' lang='lat' dir='ltr'><strong>in</strong></span> <span class='ocrx_word' id='word_1_663' title='bbox 1225 5098 1284 5151; x_wconf 84' lang='lat' dir='ltr'><strong>uita</strong></span> <span class='ocrx_word' id='word_1_664' title='bbox 1302 5097 1457 5169; x_wconf 88' lang='lat' dir='ltr'><strong>spirituali,</strong></span> <span class='ocrx_word' id='word_1_665' title='bbox 1470 5115 1537 5170; x_wconf 79' lang='lat' dir='ltr'><strong>quae</strong></span> <span class='ocrx_word' id='word_1_666' title='bbox 1560 5113 1764 5169; x_wconf 69' lang='lat' dir='ltr'><strong>percreatum</strong></span> <span class='ocrx_word' id='word_1_667' title='bbox 1778 5099 1852 5170; x_wconf 77' lang='lat' dir='ltr'><strong>figu-</strong></span> 
     </span>
     <span class='ocr_line' id='line_1_63' title="bbox 1019 5186 1849 5257; baseline -0.002 -16"><span class='ocrx_word' id='word_1_668' title='bbox 1019 5191 1109 5256; x_wconf 88' lang='lat' dir='ltr'><strong>ratur,</strong></span> <span class='ocrx_word' id='word_1_669' title='bbox 1127 5187 1163 5240; x_wconf 92' lang='lat' dir='ltr'><strong>ab</strong></span> <span class='ocrx_word' id='word_1_670' title='bbox 1179 5188 1258 5242; x_wconf 93' lang='lat' dir='ltr'><strong>omni</strong></span> <span class='ocrx_word' id='word_1_671' title='bbox 1277 5187 1378 5241; x_wconf 91' lang='lat' dir='ltr'><strong>illicita</strong></span> <span class='ocrx_word' id='word_1_672' title='bbox 1398 5186 1592 5243; x_wconf 89' lang='lat' dir='ltr'><strong>delectatione</strong></span> <span class='ocrx_word' id='word_1_673' title='bbox 1610 5187 1800 5257; x_wconf 87' lang='lat' dir='ltr'><strong>abstinendo,</strong></span> <span class='ocrx_word' id='word_1_674' title='bbox 1822 5186 1849 5241; x_wconf 86' lang='lat' dir='ltr'><strong>et</strong></span> 
     </span>
     <span class='ocr_line' id='line_1_64' title="bbox 1019 5275 1851 5348; baseline -0.004 -17"><span class='ocrx_word' id='word_1_675' title='bbox 1019 5276 1200 5347; x_wconf 87' lang='lat' dir='ltr'><strong>Deealogum</strong></span> <span class='ocrx_word' id='word_1_676' title='bbox 1212 5276 1299 5348; x_wconf 77' lang='lat' dir='ltr'><strong>logie,</strong></span> <span class='ocrx_word' id='word_1_677' title='bbox 1316 5278 1344 5330; x_wconf 88' lang='lat' dir='ltr'><strong>et</strong></span> <span class='ocrx_word' id='word_1_678' title='bbox 1354 5277 1571 5347; x_wconf 89' lang='lat' dir='ltr'><strong>quaternariam</strong></span> <span class='ocrx_word' id='word_1_679' title='bbox 1582 5275 1738 5348; x_wconf 81' lang='lat' dir='ltr'><strong>Evangelii</strong></span> <span class='ocrx_word' id='word_1_680' title='bbox 1753 5275 1851 5331; x_wconf 72' lang='lat' dir='ltr'><strong>obser</strong></span> 
     </span>
     <span class='ocr_line' id='line_1_65' title="bbox 1018 5365 1849 5437; baseline -0.001 -19"><span class='ocrx_word' id='word_1_681' title='bbox 1018 5365 1125 5436; x_wconf 90' lang='lat' dir='ltr'><strong>vando,</strong></span> <span class='ocrx_word' id='word_1_682' title='bbox 1143 5366 1229 5436; x_wconf 89' lang='lat' dir='ltr'><strong>quasi</strong></span> <span class='ocrx_word' id='word_1_683' title='bbox 1240 5365 1508 5437; x_wconf 87' lang='lat' dir='ltr'><strong>quadragenarium</strong></span> <span class='ocrx_word' id='word_1_684' title='bbox 1524 5365 1711 5437; x_wconf 86' lang='lat' dir='ltr'><strong>complendo,</strong></span> <span class='ocrx_word' id='word_1_685' title='bbox 1727 5367 1849 5422; x_wconf 73' lang='lat' dir='ltr'><strong>virtutes</strong></span> 
     </span>
     <span class='ocr_line' id='line_1_66' title="bbox 1019 5454 1850 5525; baseline 0.001 -17"><span class='ocrx_word' id='word_1_686' title='bbox 1019 5456 1225 5525; x_wconf 87' lang='lat' dir='ltr'><strong>exercuerunt,</strong></span> <span class='ocrx_word' id='word_1_687' title='bbox 1239 5454 1316 5509; x_wconf 89' lang='lat' dir='ltr'><strong>bona</strong></span> <span class='ocrx_word' id='word_1_688' title='bbox 1332 5469 1421 5524; x_wconf 92' lang='lat' dir='ltr'><strong>opera</strong></span> <span class='ocrx_word' id='word_1_689' title='bbox 1432 5454 1631 5510; x_wconf 84' lang='lat' dir='ltr'><strong>exhibuerunt</strong></span> <span class='ocrx_word' id='word_1_690' title='bbox 1641 5457 1670 5509; x_wconf 90' lang='lat' dir='ltr'><strong>et</strong></span> <span class='ocrx_word' id='word_1_691' title='bbox 1685 5454 1716 5509; x_wconf 92' lang='lat' dir='ltr'><strong>in</strong></span> <span class='ocrx_word' id='word_1_692' title='bbox 1730 5454 1780 5512; x_wconf 84' lang='lat' dir='ltr'><strong>bis</strong></span> <span class='ocrx_word' id='word_1_693' title='bbox 1794 5468 1850 5510; x_wconf 80' lang='lat' dir='ltr'><strong>om·</strong></span> 
     </span>
     <span class='ocr_line' id='line_1_67' title="bbox 1018 5538 1850 5615; baseline 0.006 -19"><span class='ocrx_word' id='word_1_694' title='bbox 1018 5544 1109 5600; x_wconf 91' lang='lat' dir='ltr'><strong>nibus</strong></span> <span class='ocrx_word' id='word_1_695' title='bbox 1126 5559 1159 5599; x_wconf 90' lang='lat' dir='ltr'><strong>se</strong></span> <span class='ocrx_word' id='word_1_696' title='bbox 1174 5559 1233 5600; x_wconf 91' lang='lat' dir='ltr'><strong>non</strong></span> <span class='ocrx_word' id='word_1_697' title='bbox 1249 5543 1297 5598; x_wconf 92' lang='lat' dir='ltr'><strong>hic</strong></span> <span class='ocrx_word' id='word_1_698' title='bbox 1315 5546 1482 5601; x_wconf 89' lang='lat' dir='ltr'><strong>manentem</strong></span> <span class='ocrx_word' id='word_1_699' title='bbox 1499 5544 1648 5599; x_wconf 84' lang='lat' dir='ltr'><strong>civitatem</strong></span> <span class='ocrx_word' id='word_1_700' title='bbox 1662 5542 1787 5615; x_wconf 85' lang='lat' dir='ltr'><strong>habere,</strong></span> <span class='ocrx_word' id='word_1_701' title='bbox 1801 5538 1850 5600; x_wconf 73' lang='lat' dir='ltr'><strong>cett</strong></span> 
     </span>
    </p>
   </div>
   <div class='ocr_carea' id='block_1_6' title="bbox 1019 5632 1849 5733">
    <p class='ocr_par' dir='ltr' id='par_1_6' title="bbox 1019 5632 1849 5733">
     <span class='ocr_line' id='line_1_68' title="bbox 1019 5632 1849 5733; baseline 0.001 -39"><span class='ocrx_word' id='word_1_702' title='bbox 1019 5632 1146 5694; x_wconf 85' lang='lat' dir='ltr'><strong>futuram</strong></span> <span class='ocrx_word' id='word_1_703' title='bbox 1155 5632 1304 5710; x_wconf 85' lang='lat' dir='ltr'><strong>inquirere</strong></span> <span class='ocrx_word' id='word_1_704' title='bbox 1315 5635 1565 5693; x_wconf 74' lang='lat' dir='ltr'><strong>monstraverunt.</strong></span> <span class='ocrx_word' id='word_1_705' title='bbox 1582 5632 1793 5733; x_wconf 25' lang='lat' dir='ltr'><strong>Ipsis-quoquc</strong></span> <span class='ocrx_word' id='word_1_706' title='bbox 1803 5632 1849 5695; x_wconf 72' lang='lat' dir='ltr'><strong>do·</strong></span> 
     </span>
    </p>
   </div>
   <div class='ocr_carea' id='block_1_7' title="bbox 0 0 1902 6022">
    <p class='ocr_par' dir='ltr' id='par_1_7' title="bbox 0 0 1902 6022">
     <span class='ocr_line' id='line_1_69' title="bbox 0 0 1902 6022; baseline 0 0"><span class='ocrx_word' id='word_1_707' title='bbox 0 0 1902 6022; x_wconf 95' lang='lat' dir='ltr'><strong> </strong></span> 
     </span>
    </p>
   </div>
  </div>
 </body>
</html>
