3796 6022
120 310 180 377 ³07

465 312 684 377 aprunum
705 310 762 374 au
785 304 977 409 aucoms
1000 304 1433 383 orananoeuarrca..

1736 398 1745 409 q
1795 310 1855 380 soe

122 532 176 570 nea
194 514 335 571 canoniea
351 516 511 586 Scriptura,
525 517 577 571 sed
594 533 648 571 nec
660 520 828 572 sanctorum
840 517 959 572 Petrum
975 492 1002 555 Ᾱ
1021 513 1130 569 unitur.
1143 513 1219 569 Hinc
1235 514 1362 569 dicimus
1379 513 1457 586 quod
1472 513 1561 570 homo
1576 517 1749 586 assumptus
1764 517 1855 571 estin

123 606 179 660 hoc
196 606 357 675 dicitquod
374 623 410 659 ex
428 606 545 659 duobus
564 607 715 676 praedictis
731 623 790 660 non
806 607 845 661 sit
861 608 958 679 aliqua

123 695 286 764 composita
299 695 475 748 substantia.
493 694 645 759 Quomodo
660 713 733 768 ergo
748 696 841 751 audes
855 697 961 766 praedi·

124 800 191 836 rare
207 783 284 853 quod
302 783 361 835 nuli
396 785 571 839 summitate
587 788 685 855 potest
700 787 817 863 problari
830 789 846 841 ⁶?
859 786 912 841 Dio
928 789 959 841 tu

125 872 204 941 ipsc,
222 872 247 924 si
263 875 359 941 polee,
376 873 443 942 quis
460 877 609 928 sactorum
626 875 663 929 sit
679 891 753 929 usus
770 876 817 930 his
832 875 934 930 verbis
951 892 958 930 :

127 960 264 1014 (linistus
280 960 352 1014 nihil
374 965 420 1015 ost
441 963 469 1015 in
494 964 623 1033 eoquod
645 968 690 1018 est
710 965 808 1034 homo,
824 965 871 1019 val
887 965 959 1018 nihil

127 1053 241 1103 constat
264 1066 301 1102 ex
316 1051 412 1103 anima
433 1052 461 1104 et
480 1067 567 1106 carne
584 1051 704 1121 Christi,
723 1054 769 1107 vel
794 1054 867 1108 nihii
882 1054 961 1124 quod

127 1139 271 1192 esthemo
288 1143 334 1192 cst.
351 1140 440 1206 Deus,
451 1140 497 1194 voi
514 1142 597 1195 tertia
613 1157 741 1211 persona
757 1143 785 1196 in
801 1143 963 1197 Trinitate?

127 1227 247 1281 Fatetur
262 1230 357 1281 tamen
374 1228 531 1282 nobiscnm
556 1230 648 1284 Deum
664 1246 733 1285 esse
759 1233 917 1300 hominem,
935 1233 963 1286 et

128 1316 277 1370 hominem
293 1333 362 1370 esse
378 1317 481 1371 Deum.

163 1405 279 1468 Quuesr.
291 1405 328 1458 X.
345 1405 451 1470 eraero
464 1423 535 1477 ergo
545 1408 613 1478 quid
626 1409 664 1463 sit
672 1424 721 1463 res
733 1410 824 1482 hujus
836 1410 963 1465 nominis

129 1493 237 1547 horno?
247 1494 351 1548 Nonne
361 1510 409 1549 res
422 1500 563 1551 constans
574 1513 611 1552 ex
621 1499 715 1552 anima
728 1503 756 1553 et
767 1503 874 1554 carne?
883 1499 964 1565 Quo·

129 1583 216 1635 modo
233 1583 362 1636 nominis
377 1600 438 1638 rem
453 1591 571 1657 nogant,
583 1591 610 1641 ct
620 1588 718 1657 ipsum
734 1605 840 1643 nomen
852 1590 917 1644 sinc
933 1605 964 1643 re

131 1689 184 1724 sua
196 1672 256 1725 Deo
268 1673 399 1727 trihuunt
408 1677 422 1728 ⁶?
431 1674 497 1728 Non
507 1680 585 1730 enirn
596 1691 705 1748 corpus
717 1694 822 1748 purum
831 1681 859 1732 et
869 1679 965 1732 anima

130 1761 207 1814 mala
227 1764 273 1814 est
296 1761 394 1832 homo,
411 1764 462 1817 sed
487 1781 596 1835 corpus
621 1768 778 1821 animatum
800 1769 847 1822 vel
869 1768 964 1821 anima

1018 603 1286 674 personamVerbi,
1296 603 1488 659 sedilerhum
1498 617 1557 659 non
1573 605 1738 675 assumpsit
1748 619 1854 676 perso-

1019 709 1086 747 nam
1101 693 1247 762 hominis,
1267 693 1335 766 quia
1350 709 1411 748 non
1426 694 1565 764 superius
1581 694 1618 749 ab
1633 693 1784 764 interiori,
1800 694 1855 749 sed

1019 782 1144 836 interius
1164 797 1180 836 a
1198 783 1345 853 superiori
1364 797 1493 853 persona
1515 783 1632 838 dicitnr.
1659 783 1770 839 Hecale
1787 799 1854 856 quae

1020 872 1176 926 dictasunt
1191 872 1227 926 de
1237 880 1366 942 persona
1381 871 1411 925 ia
1426 872 1675 942 praecedentibus.

1054 959 1171 1026 Quare-r.
1184 961 1236 1015 xl.
1253 959 1285 1015 Si
1299 959 1437 1015 Christus
1454 975 1512 1015 uon
1528 963 1574 1016 est
1587 958 1698 1033 aliquid
1712 964 1854 1018 constans

1020 1067 1057 1105 ex
1074 1064 1199 1121 corpore
1214 1052 1243 1105 et
1255 1050 1472 1121 anima,quaero
1483 1050 1554 1121 quid
1566 1049 1695 1105 fueritin
1708 1066 1743 1106 eo
1761 1067 1856 1122 capax

1020 1155 1123 1194 eorum
1147 1155 1214 1211 ques
1239 1140 1269 1193 in
1284 1138 1447 1210 Evangelio
1472 1139 1508 1193 dc
1523 1154 1558 1194 eo
1569 1138 1716 1194 dicuntur.
1734 1140 1858 1213 legitur

1021 1229 1100 1284 enim
1117 1229 1196 1299 quod
1218 1227 1375 1300 jejumavit,
1389 1228 1525 1298 comedit,
1540 1228 1628 1298 sedit,
1641 1229 1732 1299 stetit,
1743 1228 1856 1284 dormi-

1021 1317 1073 1387 vit,
1084 1317 1228 1390 vigilavit,
1243 1317 1365 1389 quievit,
1383 1318 1488 1373 itinere
1504 1317 1606 1372 lessus
1621 1317 1685 1387 luit,
1702 1317 1791 1387 llerit,
1808 1318 1856 1373 in·

1022 1406 1150 1475 tremuit,
1169 1407 1321 1479 ingemuit,
1338 1420 1432 1477 super·
1450 1420 1531 1462 mare
1555 1405 1726 1461 ambulavit.
1742 1405 1857 1461 Talium

1023 1511 1096 1568 ergo
1107 1511 1200 1567 capax
1210 1496 1265 1551 tuit
1279 1496 1445 1551 substantia
1455 1510 1492 1551 aa
1502 1506 1561 1551 non
1573 1495 1748 1564 substantia,
1759 1499 1857 1550 creata

1023 1601 1060 1639 aa
1076 1584 1216 1652 increata,
1228 1585 1354 1640 animata
1364 1598 1401 1639 an
1413 1584 1591 1640 inanimata?
1602 1584 1695 1639 Nemo
1711 1583 1788 1638 dieat
1799 1584 1856 1639 has

1023 1674 1235 1743 appellationes
1250 1674 1346 1729 nudas
1361 1674 1457 1729 luisse
1472 1674 1502 1728 in
1512 1673 1621 1729 Crista.
1633 1673 1672 1728 Ut
1687 1673 1765 1728 enim
1777 1672 1857 1727 Hila-

1024 1763 1086 1817 rius
1096 1763 1168 1818 dicit
1182 1764 1211 1817 in
1228 1765 1324 1833 sexto,
1334 1762 1538 1835 proprietates
1552 1763 1669 1818 nomina
1683 1767 1856 1834 sequnntur.

131 1849 245 1903 hahrns
258 1865 385 1904 earnem.
396 1851 470 1906 Cum
482 1853 676 1925 igituranima
687 1855 796 1910 Christi
806 1873 859 1926 per
868 1856 964 1911 omnia
981 1861 1007 1923 Β
1024 1853 1130 1908 Nonne
1144 1868 1217 1925 ergo
1231 1853 1356 1908 insaniae
1369 1855 1418 1907 est
1437 1851 1619 1923 professioni
1635 1850 1786 1907 nominum
1802 1851 1856 1906 de·

131 1942 249 2009 vegetet
265 1955 373 2008 corpus
391 1956 488 2010 suurn,
506 1946 534 1996 ci
548 1944 649 1998 vivere
663 1944 760 2014 tarint,
778 1946 855 2000 sieut
870 1946 966 2000 anima

131 2043 195 2081 anea
216 2044 325 2096 corpas
350 2045 462 2095 meum,
480 2031 538 2086 imo
558 2032 649 2088 multo
665 2034 873 2104 excellentiuS,
891 2051 966 2107 quo-

131 2117 218 2169 modo
235 2133 272 2170 ex
288 2116 496 2187 conjunctione
511 2123 646 2191 corporis
661 2125 718 2177 mei
730 2127 758 2178 et
772 2125 877 2178 animae
893 2140 967 2179 meae

132 2205 221 2259 hahet
236 2222 304 2260 esse
314 2222 406 2261 verus
423 2208 521 2278 homo,
534 2214 561 2264 et
577 2227 614 2266 ex
629 2213 726 2266 anima
741 2215 768 2267 et
781 2229 905 2284 corpore
917 2212 966 2268 illo

133 2295 324 2349 sanctissimo
345 2312 403 2349 non
420 2298 508 2351 hahet
524 2315 593 2354 esse
609 2316 700 2356 verus
716 2302 824 2356 homo‘?
847 2302 876 2357 Si
894 2317 967 2374 ergo

132 2384 204 2437 nihil
222 2384 310 2438 hahet
325 2400 394 2439 esse
410 2402 447 2439 ex
461 2387 520 2441 illis
537 2389 664 2458 duobus,
674 2393 706 2444 ut
720 2391 840 2462 quidam
854 2390 965 2460 dicunt,

133 2489 190 2526 non
207 2473 260 2526 iuit
275 2475 303 2528 in
315 2473 433 2531 Christo
449 2478 554 2531 aniraae
571 2482 599 2532 et
610 2480 745 2549 corporis
762 2480 869 2534 similis
881 2483 967 2535 crete·

133 2563 175 2616 ris
189 2563 358 2617 hominibus
371 2567 530 2620 concretio.
543 2565 650 2621 Contra
662 2584 738 2638 quos
750 2569 820 2623 dicit
836 2569 967 2624 Hilarius

123 2651 163 2717 'in
173 2668 249 2706 nono
259 2653 349 2708 libro:
362 2654 433 2708 Cum
443 2661 529 2709 natus
537 2656 577 2708 sit
586 2656 726 2711 Christus
733 2657 800 2730 leye
808 2659 965 2724 hominum,

134 2758 190 2795 non
200 2749 297 2796 tnruen
306 2750 471 2814 concaptus,
481 2744 596 2799 hahens
607 2745 678 2800 inse
688 2747 777 2802 etiam
787 2748 970 2803 constitutio·

133 2830 969 2910 uemhumanmeomlilionisinoriqine.iutueamurigitur

134 2935 200 2990 quar
213 2921 251 2973 sit
262 2920 432 2975 constitutio
447 2922 575 2976 hominis
587 2924 616 2976 in
629 2924 727 2993 nohis,
738 2927 765 2979 et
777 2924 852 2980 hanc
867 2927 969 2981 creda·

132 3024 200 3062 mus
216 3025 282 3062 oum
300 3010 410 3063 Hilaria
425 3027 494 3065 osse
511 3011 540 3065 in
555 3010 684 3067 Christo.
703 3012 782 3069 ldem
796 3014 825 3067 iu
843 3016 966 3072 eodem:

135 3098 287 3151 Christum
297 3115 353 3152 non
364 3100 541 3172 arnhiqimus
547 3117 614 3156 esse
621 3102 712 3156 Deam
720 3102 856 3168 Verbum,
865 3104 969 3178 Neque

1023 1942 1140 1997 trahere
1155 1943 1307 1998 veritatem
1321 1943 1553 2013 proprietatum?
1562 1939 1637 2007 Quid
1648 1939 1740 2013 igitur
1754 1940 1859 1995 mortis

1025 2047 1118 2102 capax
1132 2031 1196 2097 luit,
1213 2046 1371 2086 assumens
1387 2047 1424 2084 an
1439 2031 1645 2100 assumptum?
1659 2029 1794 2084 Mortuus
1814 2031 1860 2084 est

1024 2121 1113 2176 horno
1124 2121 1182 2176 ille.
1192 2121 1333 2192 Nunqaid
1344 2135 1426 2175 more
1437 2119 1525 2174 solito
1538 2119 1584 2174 sic
1599 2132 1733 2190 expones
1744 2133 1751 2173 :
1763 2117 1859 2173 Homo

1025 2210 1084 2280 ille,
1097 2210 1126 2265 id
1142 2215 1189 2265 est
1202 2211 1317 2266 hahens
1332 2209 1481 2264 hominem
1494 2211 1630 2263 mortuus
1650 2209 1716 2263 esti
1731 2207 1786 2261 Hie
1800 2223 1859 2262 non

1026 2299 1094 2354 lieet
1104 2299 1276 2369 procedere.
1289 2297 1467 2353 Absitenim
1480 2299 1512 2352 ut
1527 2298 1674 2353 mortuam
1683 2295 1859 2351 sitVerbum

1026 2389 1104 2460 quod
1116 2389 1264 2444 hominem
1276 2388 1449 2458 assumpsit,
1457 2387 1526 2458 quia
1536 2386 1605 2442 tons
1614 2385 1684 2440 vitm
1698 2400 1758 2440 non
1767 2382 1858 2440 anniti

1026 2477 1099 2533 Cum
1115 2478 1193 2532 enim
1210 2477 1338 2550 rogitare
1351 2476 1497 2532 Dumium
1509 2473 1788 2547 qlorheerueiiirrns
1802 2477 1858 2538 est,

1027 2573 1056 2623 et
1080 2568 1139 2621 vita
1164 2567 1195 2621 in
1213 2565 1449 2639 liquornoritar,
1467 2564 1564 2619 solum
1583 2564 1614 2618 id
1637 2563 1717 2635 quod
1739 2578 1861 2618 essum-

1025 2659 1106 2727 ptum
1122 2658 1177 2725 est,
1187 2655 1274 2710 morti
1290 2654 1459 2726 subjectum
1473 2669 1543 2709 esse
1559 2640 1646 2708 debet
1659 2650 1859 2724 intelligi.Sed

1026 2746 1122 2800 anima
1136 2745 1213 2801 mori
1224 2760 1282 2800 non
1297 2746 1404 2816 potest,
1417 2742 1545 2816 ergovel
1562 2756 1681 2813 corpus,
1690 2741 1738 2796 vel
1749 2740 1860 2812 aliquid

1027 2836 1219 2890 constitutum
1233 2850 1271 2890 ex
1286 2835 1383 2888 anima
1395 2836 1425 2889 et
1438 2847 1564 2903 corpore
1578 2835 1728 2887 manuum
1737 2832 1793 2902 est,
1805 2830 1858 2885 sed

1027 2940 1137 2995 corpus
1151 2925 1230 2996 quod
1245 2939 1304 2979 noa
1319 2925 1365 2979 est
1378 2921 1503 2978 rationis
1518 2936 1612 2992 capax
1626 2934 1776 2992 nunquam
1786 2918 1860 2973 vixit

1027 3014 1086 3068 vita
1107 3014 1244 3084 hnmana,
1262 3012 1410 3084 quomodo
1432 3026 1504 3084 ergo
1529 3013 1677 3065 munuum
1700 3023 1736 3065 eo
1751 3023 1860 3081 genere

1026 3102 1130 3157 mortis
1145 3116 1203 3174 qno
1218 3101 1354 3157 homines
1368 3100 1553 3156 moriuntur?
1569 3120 1573 3127 ·

133 3175 1010 3263 rursusdlimahominisenanimaetcorporeronstitisse0
1062 3192 1178 3258 Qunsr.
1191 3192 1257 3246 llll.
1279 3191 1386 3257 Quaero
1401 3191 1472 3262 quid
1493 3190 1524 3244 in
1546 3186 1666 3244 Christo
1688 3185 1858 3258 subiectum

135 3276 316 3345 iquorumas.
339 3278 529 3332 Fiduciaiitor
552 3295 625 3351 ergo
649 3282 805 3336 credamus
830 3283 910 3354 quod
925 3283 969 3338 sic

135 3364 261 3419 alhrmat
283 3365 428 3435 Hilarius,
454 3368 501 3421 cui
523 3371 665 3423 consonat
681 3371 758 3444 quod
783 3371 969 3444 Augustinus

135 3453 217 3522 dixit,
235 3472 388 3525 exponens
404 3456 493 3510 illud:
512 3456 552 3510 Et
569 3448 695 3511 Verhmn
707 3465 776 3514 ea'ro
787 3459 896 3515 iactum
912 3467 968 3516 est.

135 3544 253 3597 asserit
268 3544 345 3598 onim
361 3545 440 3615 quod
453 3561 526 3616 pars
537 3561 594 3616 pro
605 3551 664 3601 toto
672 3548 803 3618 ponitur.
813 3547 885 3613 Quae
900 3565 969 3620 pars

135 3648 189 3702 pro
205 3633 372 3688 totoacaro
387 3649 440 3704 pro
456 3635 584 3688 homine.
599 3634 718 3705 Oportet
733 3651 806 3708 ergo
822 3636 969 3693 hominem

136 3737 205 3776 esse
222 3723 368 3792 quoddam
387 3726 494 3791 lotum,
511 3723 601 3795 cujus
616 3739 685 3793 pars
702 3725 740 3778 sit
760 3742 837 3782 caro.
856 3727 897 3783 De
913 3728 969 3783 hoe

138 3812 240 3865 eodem
248 3811 310 3881 jam
322 3812 461 3881 superius
473 3812 648 3867 dictumest.
661 3812 717 3868 Sed
730 3817 758 3868 et
768 3815 824 3868 alia
834 3816 970 3888 quaejam

138 3900 214 3953 diota
230 3904 376 3965 sunt,non
391 3905 437 3954 est
451 3902 632 3970 superfluum
648 3905 781 3973 repetere
796 3904 827 3958 in
842 3907 971 3961 testimo-

138 3989 218 4042 nium
238 3990 380 4042 veritatis.
401 3989 455 4042 His
474 3990 621 4044 consentit
640 3991 858 4063 Hieronymus:
874 3993 970 4065 Ipsum

136 4076 194 4131 Dei
203 4075 312 4130 Filium
322 4078 447 4131 dirimas
458 4079 488 4130 in
499 4078 558 4134 dne
569 4080 742 4135 senariorum
749 4082 916 4153 perfeetum
926 4084 972 4139 ho

137 4166 245 4219 ruinam
260 4170 371 4220 nostre
384 4171 498 4222 naturae
510 4169 689 4240 suscepisse.
697 4170 729 4224 Si
742 4171 832 4243 igitur
841 4172 913 4226 nihil
926 4176 971 4227 est

138 4270 175 4308 ex
186 4254 281 4308 anima
293 4258 321 4308 et
332 4271 419 4310 carne
431 4255 551 4326 Christi,
559 4259 638 4327 quod
648 4258 811 4329 perlectum
822 4260 892 4315 dirit
903 4278 970 4316 sus·

139 4346 255 4413 captum
279 4344 446 4399 hominem?
464 4346 569 4400 Nonne
585 4348 766 4404 Athanasius
786 4351 815 4404 in
830 4350 969 4422 Symbola

138 4432 969 4507 deChristo:Per-iectusDeaS,perieetushomoenanima
985 4434 990 4445 '

137 4522 279 4577 rationali
288 4528 318 4577 et
327 4523 451 4577 hnmana
460 4540 551 4578 cerne
559 4525 750 4581 subsistens?
756 4527 786 4582 Si
795 4527 892 4582 adhuc
902 4532 970 4599 post

137 4615 216 4666 tanta
225 4612 392 4668 testimonia
402 4614 534 4667 veritatis
546 4613 674 4684 dubitas,
682 4615 749 4669 audi
759 4616 970 4687 Hieronymum

137 4702 300 4757 dicentem:
322 4702 618 4757 Anathematieamns
636 4702 839 4776 Apollinarem
855 4712 884 4761 et
905 4706 970 4778 ejus

138 4791 322 4857 eonshuiles,
345 4792 394 4864 qai
422 4792 524 4846 (licant
546 4792 899 4867 hominern'assumptum
922 4795 971 4850 his

134 4885 258 4950 propter
274 4895 344 4950 quos
360 4887 526 4952 ussrunplus
541 4887 587 4936 est
597 4881 692 4938 inisse
706 4883 892 4940 dissimilem.
905 4885 968 4954 Dic,

136 4984 250 5037 quaeso,
259 4969 329 5038 quid
340 4970 435 5022 anima
447 4974 495 5023 tua
506 4973 573 5041 agat
584 4971 613 5024 in
625 4987 749 5043 corpore
758 4976 818 5042 tuo,
829 4976 969 5045 quantum

136 5057 171 5110 nd
189 5057 341 5124 nataralia,
354 5057 432 5127 quod
447 5059 542 5111 anima
554 5058 662 5113 Christi
678 5077 737 5116 non
752 5062 839 5117 iaciat
854 5062 884 5117 in
899 5078 967 5118 cor·

135 5161 207 5216 pore
224 5148 299 5200 suo?
310 5146 515 5217 Dicitatiquis:
531 5145 575 5199 Ex
586 5148 681 5202 anima
696 5152 724 5205 et
735 5166 859 5221 corpore
875 5151 966 5223 hujus

135 5234 264 5289 hominis
289 5235 425 5289 consistit
444 5235 578 5306 quaedam
595 5251 738 5307 persona,
758 5255 824 5311 quae
847 5244 967 5296 nonest

135 5324 228 5379 Filius
245 5324 306 5377 Dei.
323 5324 427 5378 Nonne
443 5324 585 5395 igiturex
599 5326 694 5380 anima
710 5332 738 5382 ct
753 5344 841 5384 carne
855 5329 965 5384 Christi

134 5414 458 5485 estqrnedampersona
468 5428 534 5482 quae
544 5414 649 5468 nonsit
660 5415 963 5473 FiliusDeitsolutio.

133 5502 360 5557 Concorlendum
372 5505 416 5556 ost
428 5502 505 5572 quod
522 5501 549 5555 iu
567 5504 644 5574 quod
656 5508 701 5559 est
717 5506 912 5576 compositum
928 5523 966 5562 ex

1028 3281 1082 3336 iuit
1098 3280 1307 3336 sensibilitati?
1331 3280 1397 3335 Non
1416 3279 1494 3334 enirn
1513 3277 1608 3332 anima
1624 3276 1679 3332 luit
1693 3275 1859 3345 sensibilis,

1028 3387 1083 3426 nee
1103 3385 1182 3439 earo,
1192 3370 1262 3442 quia
1275 3369 1356 3440 qaod
1370 3384 1429 3424 uon
1444 3370 1491 3423 est
1504 3366 1621 3436 animal,
1633 3381 1693 3421 non
1707 3367 1753 3422 est
1762 3365 1861 3421 sensi·

1028 3461 1097 3516 hile.
1106 3461 1136 3516 Si
1147 3462 1220 3534 erg'o
1229 3458 1386 3515 intinnisto
1397 3472 1456 3512 aon
1469 3456 1525 3512 tuit
1534 3455 1653 3528 aliquod
1664 3444 1862 3525 compositum

1028 3566 1065 3605 ex
1076 3550 1172 3605 anima
1183 3554 1211 3606 et
1222 3564 1320 3618 carne,
1332 3563 1386 3603 neo
1396 3561 1468 3602 vere
1476 3545 1615 3602 Christus
1626 3543 1681 3600 tait
1693 3542 1860 3611 sensibilis,

1027 3654 1082 3695 nec
1094 3637 1237 3708 martelle,
1253 3641 1282 3693 et
1295 3638 1340 3692 sie
1351 3652 1406 3692 nec
1416 3648 1487 3690 vere
1497 3619 1742 3690 mortuus‘ltem:
1756 3633 1862 3688 Nonne

1027 3728 1230 3800 perceptibilis
1251 3729 1314 3782 erat
1332 3725 1512 3796 disciplinae,
1524 3724 1572 3779 vel
1586 3721 1734 3778 visibiliett
1752 3721 1786 3778 Si
1805 3721 1882 3776 ista·

1028 3818 1054 3872 ei
1066 3817 1255 3884 conveniunt,
1265 3814 1413 3888 quomodo
1424 3829 1484 3869 non
1494 3816 1557 3868 erat
1567 3811 1596 3868 id
1604 3811 1684 3886 quad
1694 3814 1741 3868 est
1752 3811 1862 3867 homo?

1029 3907 1082 3961 Vel
1105 3907 1131 3961 si
1152 3905 1217 3960 heo
1237 3905 1354 3975 species
1374 3903 1464 3963 homo
1486 3918 1545 3959 non
1564 3901 1793 3974 predicaturus
1812 3916 1859 3968 eo,

1025 3995 1173 4066 quomodo
1185 3995 1252 4065 ejus
1266 3993 1418 4073 proprium
1427 3994 1526 4062 potest
1540 3991 1566 4047 ei
1582 3991 1763 4046 convenire?
1779 3988 1861 4043 Nun·

1026 4085 1096 4156 quid
1112 4083 1190 4139 dicet
1212 4066 1321 4154 aliqils
1340 4070 1419 4153 quod
1442 4081 1536 4151 potuit
1548 4078 1686 4133 (hristus
1708 4077 1789 4146 here,
1806 4075 1860 4132 sed

1026 4190 1085 4230 uon
1099 4164 1218 4228 rideret
1232 4171 1264 4227 Si
1281 4186 1354 4244 orgo
1369 4185 1405 4226 ea
1423 4168 1562 4224 dicuntur
1585 4164 1772 4234 decbristo,
1792 4181 1859 4236 quoe

1026 4264 1083 4319 soli
1094 4256 1317 4318 substantianex
1327 4261 1424 4314 anima
1435 4261 1464 4314 et
1472 4272 1562 4312 earne
1573 4255 1740 4312 constitutae
1750 4252 1860 4311 habent

1027 4353 1197 4421 convenire,
1214 4351 1282 4423 quis
1297 4351 1386 4406 audet
1399 4362 1510 4420 negare
1524 4344 1622 4417 ipsum
1636 4358 1707 4400 esse
1721 4345 1859 4400 substan·

1001 4438 1005 4445 ’
1025 4442 1095 4497 tiam
1117 4457 1156 4497 ex
1178 4454 1302 4512 corpore
1322 4442 1352 4495 et
1371 4437 1468 4493 anima
1483 4428 1701 4491 'constitutam‘t
1718 4433 1786 4490 Nan
1813 4435 1860 4491 eet

984 4551 1010 4613 Ι)
1026 4530 1158 4588 auditum
1172 4546 1189 4584 a
1205 4527 1318 4584 saeculo
1336 4540 1406 4583 esee
1425 4525 1552 4597 aliquam
1567 4524 1694 4578 animam
1709 4537 1777 4594 quae
1791 4536 1858 4577 eum

1026 4634 1152 4691 corpore
1166 4633 1325 4690 personam
1340 4616 1405 4670 sive
1419 4613 1569 4670 hominem
1582 4628 1641 4667 non
1661 4609 1856 4667 constituerit.

1026 4708 1058 4763 ln
1081 4709 1138 4763 hoc
1153 4708 1231 4763 enim
1245 4705 1352 4761 'differt
1374 4703 1470 4759 anima
1485 4703 1521 4757 ah
1542 4700 1659 4773 angeio.
1674 4699 1749 4755 Cum
1767 4699 1858 4770 igitur

1026 4798 1123 4852 anima
1145 4795 1256 4852 Christi
1278 4796 1318 4849 sit
1332 4793 1466 4864 spiritus,
1483 4802 1538 4847 neo
1559 4790 1695 4863 angelus,
1714 4786 1857 4843 naturalis

1026 4885 1154 4941 conditio
1165 4885 1257 4957 exigit
1267 4888 1298 4938 ut
1309 4896 1374 4937 cum
1389 4894 1513 4953 corpore
1524 4879 1650 4951 aliquam
1662 4876 1857 4934 substantiam

1025 4960 1193 5030 constituat.
1207 4971 1350 5027 Dominus
1365 4971 1436 5026 dicit
1451 4969 1578 5042 loquens
1593 4964 1723 5023 ludaeis:
1741 4964 1857 5020 Solvite

1025 5049 1239 5136 tempiumhoe,
1255 5066 1284 5116 et
1299 5061 1331 5115 in
1343 5052 1442 5115 triduo
1456 5057 1594 5114 excitabo
1612 5056 1686 5111 illud
1700 5055 1797 5124 (doen.
1814 5054 1855 5121 u).

1022 5150 1129 5218 Quaero
1145 5151 1235 5224 igitur
1245 5148 1335 5221 cujus
1348 5149 1393 5205 rei
1410 5149 1499 5204 tuerit
1511 5148 1560 5202 illa
1570 5146 1699 5201 solutio‘.t
1709 5143 1752 5200 De
1767 5150 1856 5198 carae

1022 5241 1101 5297 enim
1110 5240 1253 5310 scripturn
1264 5241 1323 5294 est:
1335 5236 1403 5295 Non
1417 5237 1505 5293 dahis
1519 5240 1651 5291 sanetum
1663 5239 1741 5289 tuam
1752 5232 1856 5286 videre

1023 5324 1242 5401 corruptionem
1253 5326 1348 5397 (Psoi.
1360 5327 1422 5398 xv).
1435 5325 1515 5398 Ergo
1525 5314 1697 5379 necessario
1708 5320 1855 5392 separatio

1025 5419 1073 5473 illa
1096 5418 1151 5473 iuit
1165 5419 1271 5473 animae
1286 5420 1316 5472 et
1333 5415 1442 5471 carnis.
1459 5413 1604 5469 Divinitas
1620 5413 1698 5468 enim
1718 5412 1854 5466 aneulro

1021 5511 1155 5579 separata
1171 5511 1226 5563 est.
1239 5507 1297 5563 Sed
1315 5505 1462 5578 quomodo
1478 5519 1560 5558 mors
1575 5504 1677 5557 secuta
1692 5503 1738 5556 est
1752 5498 1854 5554 divor-

133 5610 275 5663 persona,
298 5608 356 5646 non
379 5595 475 5644 taurea
497 5607 512 5643 a
535 5595 637 5646 natura
660 5599 798 5664 suscepta
821 5596 966 5651 contrahit
1020 5598 1102 5666 tium,
1115 5613 1182 5652 cum
1192 5613 1252 5652 non
1262 5598 1345 5650 erant
1355 5596 1436 5650 unita
1445 5593 1482 5647 ad
1493 5592 1604 5664 aliquid
1618 5591 1724 5647 vivens
1740 5589 1854 5645 consti-

133 5698 217 5736 sumn
232 5680 418 5755 personalem
435 5677 639 5751 differentiam,
651 5683 704 5738 sed
716 5683 837 5739 aVerho
848 5684 902 5739 Dei
917 5685 964 5741 cui
1020 5687 1170 5742 tuendum.
1179 5685 1255 5741 Dicit
1265 5685 1395 5739 loannes
1408 5699 1414 5738 :
1428 5681 1489 5739 Hoc
1500 5687 1597 5741 autem
1605 5680 1725 5740 dicebat
1735 5680 1773 5735 de
1786 5684 1844 5734 tem
