3816 6030
159 276 219 340 395

539 270 757 337 urrunnu(
779 268 836 335 no
859 264 1048 335 nuoorus
1070 254 1219 334 OPERA
1240 269 1505 334 ooounrron.

1827 267 1881 332 396

160 477 233 533 ordo
244 479 273 531 et
288 491 387 530 causa.
397 477 527 539 Quorum
536 475 562 527 si
571 490 662 528 unum
670 476 865 543 pervertatur,
883 473 990 526 dicitur
1008 453 1035 514 Α
1048 470 1128 525 Deus
1145 473 1223 543 quod
1233 475 1377 542 potestate
1388 487 1443 526 sua
1454 471 1583 526 discrete
1593 470 1701 526 utendo
1713 470 1784 526 fecit
1798 470 1879 524 mini-

159 566 282 640 injustn,
298 566 384 619 modo
400 579 437 617 ex
452 563 559 627 animo,
573 563 659 618 modo
671 579 708 617 cx
723 562 836 629 ordine,
855 562 941 615 modo
952 576 990 614 ex

160 671 260 710 causa.
274 655 346 708 Cum
360 656 457 706 autem
472 652 613 722 praedicta
633 652 689 704 tria
716 651 753 704 ad
775 651 929 704 sentcntiae
942 650 990 720 ju-

160 745 269 799 stitiam
285 742 452 812 exigantur,
475 740 612 794 videlicet
637 743 667 793 ut
682 740 780 793 animo
795 738 988 793 correctionis

158 833 245 886 detur
255 846 314 884 non
329 829 398 899 odii,
415 834 444 882 ct
454 830 556 883 ordine
573 830 725 896 canonico,
736 832 764 882 et
775 845 828 898 pro
845 843 934 881 causa
944 830 990 880 tu-

157 919 216 974 lem
225 921 411 988 promerente
428 917 613 983 sententiam,
625 933 714 970 causa
724 934 784 986 prae
795 917 933 971 omnibus
942 914 991 986 ju-

158 1006 268 1060 dicium
278 1006 411 1060 obtinere
419 1005 604 1058 videturutsi
615 1021 704 1058 causa
713 1021 770 1058 non
785 1003 985 1075 praecesserit,

158 1094 423 1149 excommunicatio
440 1109 509 1147 vera
524 1110 583 1148 non
599 1094 647 1160 sit,
666 1109 720 1146 ncc
735 1094 811 1163 apud
829 1094 931 1160 Deum,
951 1095 993 1145 te·

158 1186 264 1238 neatur
279 1183 397 1254 ligatus
416 1184 467 1252 qni
483 1183 547 1235 sine
559 1182 644 1251 culpa
655 1198 709 1236 sua
726 1182 813 1235 luerit
828 1197 995 1236 excommu-

159 1272 285 1326 nicatus.
303 1270 454 1334 Quomodo
471 1271 549 1324 onim
560 1271 624 1323 sinc
637 1270 721 1340 culpa
730 1272 828 1339 potest
837 1271 904 1340 quis
916 1270 992 1340 ligu-

158 1363 208 1416 tus
224 1375 294 1414 csse
310 1360 386 1428 apud
404 1359 506 1426 Deum,
523 1359 848 1428 quimeritacansarum
864 1358 992 1412 sinesnl-

159 1448 235 1502 lacin
251 1448 335 1502 solus
350 1448 517 1501 examinat?
529 1447 602 1500 Nam
618 1451 645 1501 et
659 1448 735 1517 apud
765 1446 900 1500 homines
916 1446 993 1518 inju-

160 1540 238 1590 stum
254 1536 387 1603 habetur,
399 1539 428 1588 ut
439 1535 506 1605 quis
516 1535 692 1589 sinemcrito
704 1535 850 1604 puniatur.
860 1535 992 1604 Denique

160 1625 474 1679 excommunicationis
490 1627 518 1677 ct
533 1623 730 1677 absolutionis
740 1623 817 1677 idem
834 1624 993 1692 cstiqunn-

1049 563 1110 614 ster
1121 559 1199 633 ejus.
1216 560 1251 615 Et
1265 562 1344 616 sicut
1356 561 1472 615 interra
1483 561 1593 632 ligatus
1605 564 1661 629 est,
1678 560 1707 614 id
1716 560 1818 630 est,ab
1829 559 1879 612 Er-

1050 649 1141 704 clesia
1157 649 1299 704 militante
1314 653 1481 720 separatus,
1492 651 1531 703 ita
1542 650 1654 704 cticma
1665 649 1748 704 caria
1759 649 1879 712 caelesti,

1050 742 1080 792 ut
1096 738 1173 792 sicut
1189 738 1287 793 nullus
1302 738 1454 793 hominum
1466 754 1533 792 cum
1548 738 1681 793 achabet
1692 737 1879 809 colloquium,

1050 825 1088 878 ita
1098 826 1379 897 nullusangclorum
1389 827 1414 881 ei
1424 826 1712 896 credaturpraestare
1728 825 1880 880 auxilium.

1052 914 1093 967 lle
1109 931 1144 969 eo
1161 915 1210 986 qui
1228 915 1331 968 ordine
1345 914 1506 985 judiciario
1525 915 1637 986 ligatus
1653 918 1700 969 est
1715 930 1770 985 pro
1795 931 1880 969 causa

1051 1008 1147 1056 tamon
1163 1003 1289 1074 injusta,
1321 1003 1448 1057 dicimus
1463 1004 1541 1074 quod
1553 1019 1611 1058 non
1626 1008 1673 1057 est
1687 1005 1799 1075 ligatus
1809 1004 1881 1073 apud

1052 1092 1156 1159 Deum,
1174 1093 1233 1145 uisi
1245 1095 1403 1146 contumax
1411 1092 1677 1162 inveniatur,salva
1686 1095 1783 1147 tamen
1794 1092 1883 1146 Eran-

1051 1180 1121 1251 gelii
1136 1180 1411 1235 veritatedicentis:
1430 1182 1625 1252 Quodcunque
1633 1182 1781 1252 lipaveris
1796 1198 1883 1252 super

1051 1273 1174 1334 terram,
1188 1269 1248 1323 erit
1262 1268 1384 1340 Iiyatum
1396 1275 1426 1322 et
1435 1270 1465 1322 in
1475 1269 1569 1323 coelis
1583 1268 1732 1324 Coelorum
1744 1270 1823 1323 anim
1835 1286 1882 1323 no·

1051 1356 1129 1411 mine
1143 1373 1278 1426 praesens
1296 1357 1430 1411 Ecclesia
1446 1357 1630 1429 designatur.
1650 1358 1749 1428 lnqun
1765 1374 1883 1412 excom·

1049 1446 1217 1499 manicatus
1234 1444 1358 1499 habetur
1372 1450 1400 1499 et
1416 1447 1542 1500 evitatur
1552 1449 1583 1500 ut
1598 1447 1881 1507 excommunicatus,

1051 1538 1079 1588 et
1093 1535 1119 1586 si
1135 1533 1213 1603 apud
1229 1533 1365 1588 homines
1380 1537 1477 1589 teneat
1500 1536 1656 1602 sententia,
1684 1535 1761 1606 apud
1789 1535 1881 1589 Deum

1051 1638 1110 1676 non
1126 1623 1213 1690 tenet,
1231 1625 1258 1675 et
1274 1622 1340 1675 ideo
1356 1622 1464 1675 irritari
1476 1627 1613 1678 merctur.
1630 1624 1661 1678 Si
1670 1627 1737 1694 post
1752 1623 1882 1694 appelln-

159 1715 222 1767 tum
237 1713 353 1782 adhoc)
366 1711 523 1782 judicium.
538 1712 578 1764 De
590 1711 882 1765 absolutioneautem
898 1711 994 1764 siclo·
1011 1745 1037 1807 B
1052 1695 1213 1764 tionem'ad
1228 1709 1371 1780 majorem
1382 1711 1560 1765 audientiam
1575 1711 1663 1767 fucrit
1679 1713 1882 1767 excommuni-

160 1801 259 1872 quitur
270 1801 374 1855 beatus
390 1801 553 1871 Gregorius
573 1816 578 1853 :
597 1800 679 1854 Tunc
694 1816 763 1854 vera
781 1804 827 1853 cst
842 1800 993 1854 absolutio
1051 1802 1158 1868 catum,
1175 1813 1235 1852 non
1251 1802 1329 1854 tenet
1344 1801 1500 1867 sententia,
1513 1800 1566 1854 sed
1582 1800 1647 1870 ipso
1669 1799 1737 1872 jure
1758 1800 1883 1855 habetur

160 1889 360 1960 praesidentis,
379 1888 558 1942 cuminterni
569 1888 991 1959 arbitriumsequiturjudicis.

160 1977 245 2042 Quod
259 1977 335 2032 hcnc
351 1977 536 2047 quatriduani
554 1975 657 2031 lunari
676 1976 724 2030 illa
743 1977 925 2030 resurrectio
941 1976 993 2030 dc-

161 2066 271 2138 signat,
289 2082 346 2136 quo
363 2069 509 2119 mortuum
526 2065 668 2119 Dominus
683 2066 799 2119 vocavit
815 2069 843 2119 ct
859 2065 993 2118 vivitica-

167 2155 220 2224 vit,
236 2155 358 2209 dicens:
377 2155 501 2223 Lazaro,
522 2155 589 2207 veni
604 2154 687 2208 [oras
698 2154 792 2221 (donn.
803 2166 855 2223 xi),
872 2158 900 2208 ct
914 2157 994 2224 post-

159 2243 279 2297 modum
295 2243 321 2296 is
338 2243 387 2312 qui
403 2243 509 2296 vivens
525 2242 787 2313 fuerategressus,
804 2259 820 2295 a
835 2242 992 2311 discipulis

160 2334 207 2385 est
218 2331 343 2385 solutus.
357 2333 463 2401 Exque
474 2331 710 2385 consideratione
722 2331 809 2384 nohis
820 2331 992 2384 intuendum

161 2418 365 2490 estquodillos
373 2419 579 2472 nosdcbcrnus
590 2435 644 2488 per
651 2419 994 2488 pastoralemauctoritn-

159 2506 994 2577 tcmsolvere,quosauctorcmnostrumintelligimusper

161 2594 355 2648 suscitantem
372 2593 496 2663 gratiam
513 2593 722 2647 vivificaressx
738 2593 895 2647 hisverbis
909 2594 993 2647 vide-

159 2682 608 2737 turnecexcommunicationcm
629 2698 683 2735 nec
703 2681 920 2736 absolutionem
942 2699 993 2736 ve·

160 2786 309 2837 ramesse,
319 2787 385 2841 quac
401 2770 605 2839 nonsequitur
624 2771 730 2824 summi
738 2772 994 2840 pastorissenten·

159 2859 996 2930 tiam,quaeureritucausarumexanimatncouliquemim·

160 2949 296 3003 meritum
310 2948 437 3001 damnat.
455 2948 643 3018 Augustinus
668 2949 698 3000 in
713 2949 859 3017 psalmum
875 2966 968 3004 xxvru
986 2968 992 3007 :

1051 1886 1142 1940 irrita.

1157 1978 1226 2028 tine.
1245 1974 1367 2029 xxvii.
1384 1976 1429 2030 I)c
1445 1976 1582 2031 unctione
1593 1977 1777 2032 intirmorum

1087 2063 1193 2117 Unctio
1222 2063 1405 2117 intirmorum
1428 2063 1465 2117 ab
1493 2065 1637 2134 apostolis
1666 2070 1712 2120 est
1737 2067 1880 2120 instituta.

1051 2151 1135 2205 Unde
1151 2152 1281 2206 lacobus
1298 2167 1305 2220 ς
1322 2151 1495 2205 Inlirmatur
1506 2153 1572 2224 quis
1586 2155 1618 2207 in
1636 2154 1745 2209 vobis?
1759 2155 1880 2208 inducat

1047 2239 1247 2311 presbyteros
1262 2240 1411 2294 Ecclesiae
1430 2245 1458 2294 et
1475 2248 1585 2312 urrpant
1596 2258 1660 2296 eum
1676 2242 1843 2303 oleosarre,
1855 2254 1883 2298 rt

1050 2327 1880 2400 alleviabitDominusindrrnuun·etsiinpeccatisiuerit,

1050 2417 1241 2469 dimittentur
1256 2417 1285 2469 ei
1300 2416 1373 2486 (dac.
1381 2417 1486 2487 v).Hic
1494 2420 1710 2472 sacramentum
1718 2422 1763 2473 est
1771 2421 1880 2487 unctio,

1050 2520 1099 2558 rcs
1111 2505 1287 2558 sacramenti
1295 2506 1882 2575 peccatorumremissiollocsacrumen·

1050 2597 1110 2647 tum
1127 2597 1325 2661 contemnere,
1343 2593 1509 2648 damnabile
1533 2597 1588 2648 est.
1611 2595 1681 2648 Sine
1712 2600 1881 2668 contemptu

1049 2682 1163 2752 absque
1175 2697 1210 2736 eo
1225 2682 1380 2752 decedere,
1398 2682 1565 2737 damnabile
1575 2699 1633 2738 non
1642 2687 1699 2738 est.
1713 2684 1777 2738 Hoc
1785 2700 1883 2740 sacra·

1049 2774 1180 2825 mentum
1196 2771 1308 2840 saepius
1324 2771 1423 2825 iterari
1436 2774 1543 2841 potest,
1562 2773 1676 2827 sicutct
1690 2773 1771 2843 quod
1787 2774 1883 2846 majus

1050 2858 1296 2913 estancharistiae
1322 2863 1549 2914 sacramentum.
1574 2861 1743 2932 Augutinus
1785 2867 1883 2919 tannen

1052 2947 1122 3001 dicit
1137 2952 1354 3002 sacramentnm
1371 2964 1430 3003 non
1446 2963 1515 3003 esse
1526 2948 1702 3005 iterandum.
1713 2950 1771 3006 Sed
1783 2951 1841 3006 hoc
1850 2953 1884 3007 de

160 3036 339 3091 Praevalcbit
354 3038 383 3089 in
400 3040 427 3090 tc
444 3035 552 3089 falsum
568 3036 778 3104 testimonium,
792 3037 846 3091 sed
861 3039 996 3106 apudho-
1012 3060 1037 3121 C
1052 3037 1246 3090 sacramentis
1257 3036 1396 3106 baptismi
1411 3041 1439 3092 et
1454 3038 1698 3108 confirmationis,
1724 3041 1761 3094 de
1776 3041 1883 3111 quibus

160 3126 268 3180 mines.
285 3124 426 3195 Nunquid
455 3125 531 3194 apud
552 3125 644 3178 Deum
670 3125 757 3194 scatet,
774 3126 823 3179 ubi
840 3142 930 3180 causa
946 3131 995 3183 tua

161 3215 287 3270 dicenda
303 3216 349 3267 cst
364 3216 377 3266 ‘l
387 3212 509 3277 Quando
525 3212 606 3267 llcns
631 3214 685 3267 erit
697 3213 801 3284 judex,
818 3216 894 3269 alius
909 3218 994 3271 testis

159 3317 248 3373 quam
263 3301 445 3356 conscientia
462 3304 511 3353 tua
527 3318 585 3355 non
602 3303 667 3354 crit.
693 3303 771 3356 lnter
783 3302 898 3373 justum
912 3305 994 3375 judi-

160 3406 225 3444 cem
241 3395 269 3445 ct
285 3389 497 3444 conscientiam
514 3394 601 3455 tuam,
615 3390 676 3443 noli
687 3392 856 3445 timerenisi
873 3409 993 3447 causam

162 3483 251 3534 tuam.
269 3478 393 3533 Utlranc
410 3478 494 3547 quasi
511 3481 725 3533 contrariorum
742 3479 822 3533 litem
847 3482 993 3536 rationum

153 3568 319 3623 dissolvere
336 3568 447 3636 possis,
464 3566 530 3619 vide
546 3567 663 3636 quando
675 3567 785 3621 dictum
800 3572 847 3622 cst
863 3569 949 3624 Petro
962 3571 991 3624 in

77 3688 83 3701 ·
154 3656 322 3710 Ecclesiae:
352 3656 546 3726 Quodcunque
574 3655 722 3725 [innueris
752 3673 844 3726 snper
866 3664 989 3727 terrum,

156 3745 351 3816 eritlipatum
365 3751 394 3798 ct
411 3744 441 3796 in
458 3744 545 3797 omlis
562 3743 764 3814 (Mattiuxvrst.
783 3746 920 3801 lnvenies
935 3748 991 3802 hoc

155 3833 266 3887 dictum
277 3849 346 3887 csse
362 3833 392 3886 in
403 3833 519 3887 datione
536 3833 662 3886 clavium
686 3835 770 3905 regni
781 3836 930 3889 carlorum.
948 3838 990 3890 Ac

155 3921 183 3974 si
198 3920 478 3974 diceretllominus:
493 3920 547 3974 llis
557 3921 791 3992 clavibusnterc,
810 3925 838 3977 et
848 3924 992 3995 quidquid

155 4009 377 4062 secundumcas
389 4007 530 4080 ligaveris
541 4009 587 4064 vol
596 4010 736 4079 solveris,
749 4011 872 4082 ligatum
881 4013 989 4067 eritvel

155 4095 286 4150 solutum
300 4097 355 4149 erit
370 4097 448 4166 apud
462 4112 518 4151 mc.
535 4096 619 4162 Quod
634 4103 697 4152 est:
717 4101 823 4154 lictum
834 4101 898 4172 ‚erit
913 4103 991 4172 apud

155 4199 203 4238 me
218 4184 360 4255 quidquid
371 4186 596 4240 secundumlras
607 4203 682 4258 quas
694 4188 746 4241 tibi
758 4189 794 4242 do
802 4189 902 4244 claves
913 4190 991 4245 lece-

156 4273 210 4327 ris.
226 4273 281 4327 llae
297 4274 407 4341 clach,
430 4278 560 4344 potestas
576 4279 604 4330 et
620 4276 759 4330 discretio
773 4278 987 4350 intelliguntur.

1051 3127 1120 3178 tunc
1133 3140 1232 3178 sermo
1247 3128 1319 3195 erat,
1335 3126 1560 3198 intelligendum
1581 3130 1646 3197 est,
1675 3128 1722 3182 vel
1738 3126 1815 3184 torte
1827 3146 1883 3184 non

1051 3213 1159 3267 dicitur
1170 3213 1283 3267 iteratio
1299 3216 1487 3285 sacramenti,
1512 3216 1567 3269 etsi
1583 3231 1637 3286 pro
1652 3221 1735 3286 parte
1751 3218 1882 3273 iteretur.

1051 3300 1133 3356 licet
1147 3302 1226 3356 enim
1242 3302 1356 3357 iteratio
1368 3304 1417 3357 ilat
1431 3307 1572 3374 quantum
1582 3305 1619 3358 ad
1643 3320 1804 3374 personam
1820 3323 1883 3377 que

1050 3389 1156 3443 iterum
1175 3390 1301 3460 suscipit
1316 3396 1544 3460 sacramentnm,
1560 3396 1657 3447 tamen
1668 3398 1783 3449 nonest
1797 3396 1881 3449 itera·

1049 3477 1089 3532 tio
1106 3483 1248 3548 quantum
1262 3478 1299 3531 ad
1310 3478 1439 3533 hostiam
1455 3480 1501 3534 vel
1517 3480 1625 3535 oleum.

1245 3566 1315 3621 Gar.
1334 3567 1471 3622 xxvnr.
1488 3569 1533 3623 De
1544 3570 1688 3641 conjnpio.

1086 3655 1238 3725 Expeditis
1255 3656 1302 3710 his
1317 3672 1384 3727 quae
1395 3656 1431 3712 de
1442 3658 1572 3729 quinque
1584 3662 1780 3714 sacramentis
1791 3676 1882 3732 genc-

1049 3744 1163 3798 ralibus
1177 3744 1345 3799 nullatenus
1360 3749 1475 3815 oportet
1492 3746 1641 3818 ignorare,
1669 3748 1705 3802 ad
1721 3748 1779 3803 duo
1789 3752 1883 3819 parti·

1050 3833 1160 3887 culnria
1175 3833 1362 3887 accedamus
1380 3835 1412 3888 ln
1429 3834 1539 3904 quibus
1568 3835 1640 3890 licet
1660 3842 1882 3893 sacramentum

1050 3922 1243 3976 ordinationis
1252 3922 1372 3993 dignius
1393 3923 1441 3991 sit,
1463 3922 1498 3977 de
1517 3923 1659 3995 conjugio
1678 3928 1777 3980 tamen
1802 3927 1884 3997 prius

1049 4025 1105 4064 nos
1121 4010 1257 4064 volumus
1269 4011 1420 4080 expedire.
1431 4011 1463 4065 ln
1475 4010 1618 4084 conjugio
1624 4014 1773 4084 quoddam
1784 4014 1884 4070 Trini-

1049 4099 1117 4152 tatis
1128 4098 1288 4170 vestigium
1304 4100 1461 4154 invenitur.
1480 4100 1532 4155 Est
1543 4101 1621 4155 enim
1632 4102 1679 4156 vir
1693 4104 1883 4174 principium,

1049 4187 1127 4241 unde
1143 4187 1257 4241 mulier.
1290 4188 1331 4242 lle
1347 4189 1456 4259 quibus
1479 4190 1613 4258 procedit
1636 4192 1764 4259 tertium,
1783 4193 1812 4245 id
1840 4198 1886 4247 eet

1049 4276 1160 4345 proles.
1177 4276 1325 4331 institutio
1341 4277 1473 4349 conjugii
1487 4279 1516 4332 in
1525 4293 1571 4348 par
1579 4278 1663 4333 adise
1673 4280 1748 4334 iacta
1759 4284 1806 4334 cst
1820 4285 1885 4335 anto

157 4359 304 4416 Discrctio
320 4367 417 4417 autem
433 4363 518 4416 datur
533 4367 563 4417 ut
579 4363 682 4434 clavis,
699 4367 815 4436 quando
836 4383 911 4421 usus
922 4368 990 4439 ejus
1007 4387 1034 4448 D
1049 4368 1204 4433 peccatum
1217 4368 1338 4435 propter
1353 4365 1471 4420 humani
1489 4367 1610 4438 generis
1626 4369 1880 4440 propagationem,

158 4451 340 4521 conceditur,
357 4452 434 4505 sicut
448 4467 561 4522 pennas
578 4453 625 4505 avi
639 4453 709 4506 dare
721 4453 828 4508 dieitur
838 4456 888 4526 qui
904 4457 992 4511 solvit

158 4538 277 4611 ligatas.
293 4539 363 4594 Disc
371 4540 444 4593 retio
460 4544 557 4594 autem
568 4541 703 4611 quaedam
714 4543 795 4597 estin
804 4559 846 4612 re,
857 4545 992 4614 quandam

157 4628 189 4681 in
199 4629 381 4698 operatione.
396 4629 543 4682 lliscrctio
559 4635 605 4682 cst
620 4631 649 4683 in
662 4647 703 4700 re,
721 4648 778 4702 qun
795 4633 859 4687 sine
875 4633 991 4689 fallacia

160 4731 264 4770 verum
279 4715 383 4770 nialso
395 4717 584 4772 discernitur.
604 4718 749 4774 Discrctio
764 4721 793 4774 in
810 4723 990 4793 operatione,

159 4818 217 4873 qna
233 4803 335 4858 ordine
348 4805 506 4875 judiciario
516 4807 686 4875 proceditur
696 4809 726 4861 in
736 4825 834 4874 causo,
849 4814 878 4864 ct
889 4826 993 4866 sccun-

159 4891 229 4946 dum
245 4893 342 4946 audita
358 4898 436 4947 rcctc
450 4893 610 4965 judicatur.
621 4895 703 4960 Quod
714 4901 741 4950 ct
757 4899 821 4952 sinc
837 4898 990 4955 salluciact

161 4995 228 5034 cum
238 4979 352 5034 fallacia
364 4983 586 5054 liericontingit.
599 4985 744 5040 lliscrctio
756 4991 851 5041 nutem
863 5004 929 5059 quae
945 4989 993 5043 nic

162 5068 255 5122 clavis
272 5069 387 5138 dicitur,
405 5074 560 5142 utrumque
576 5074 789 5143 complectitur.
798 5075 902 5147 Siquis
919 5093 992 5150 ergo

161 5160 336 5227 potestatem
360 5162 634 5215 excommunicandi
647 5163 771 5234 babens,
801 5180 835 5218 ca
864 5166 992 5221 discrete

160 5248 269 5316 utatur,
282 5251 313 5300 ut
328 5249 430 5303 ordine
442 5248 601 5319 judiciario
611 5251 759 5321 procedat,
773 5257 800 5306 ct
811 5253 993 5325 diligentiam

162 5349 250 5406 quam
266 5340 363 5406 potest
377 5337 524 5407 adhibeat,
541 5354 643 5392 veram
659 5341 768 5393 etiamn
779 5340 855 5397 tulso
872 5343 995 5399 sineial·

161 5423 247 5478 leniae
262 5425 364 5479 nubilo
375 5426 534 5495 discernat,
543 5426 652 5496 ipseex
662 5431 805 5497 potestate
821 5431 879 5486 sibi
890 5433 994 5491 tradita

162 5511 245 5584 ligat,
262 5513 351 5584 etqui
368 5513 412 5568 sic
433 5514 468 5568 ab
497 5529 532 5569 eo
553 5514 664 5588 ligatus
679 5521 726 5572 est
753 5520 830 5591 apud
846 5520 993 5596 homines,

163 5600 251 5656 etiam
273 5602 351 5673 apud
376 5602 470 5660 Deum
484 5604 595 5679 ligatus
610 5611 666 5680 est,
686 5609 715 5663 id
740 5614 786 5666 est
801 5615 996 5673 ratumhabct

1051 4452 1166 4507 dicente
1178 4453 1317 4508 Domino:
1327 4453 1501 4509 Cresciteet
1509 4455 1748 4526 multiplicamini
1759 4457 1884 4528 (Genua

1051 4541 1160 4595 Eodem
1167 4541 1300 4613 conjugii
1312 4558 1402 4596 causa
1414 4548 1545 4599 manetet
1555 4545 1585 4599 in
1593 4544 1884 4601 NovoTestamento.

1050 4629 1108 4684 Sed
1124 4635 1170 4684 est
1183 4635 1212 4684 et
1226 4631 1327 4700 altera,
1345 4632 1460 4687 scilicet
1474 4632 1679 4688 fornicationis
1695 4635 1826 4704 evitatio,
1844 4636 1887 4688 di·

1051 4722 1135 4774 cente
1148 4719 1237 4774 Paulo
1246 4735 1252 4774 :
1261 4719 1625 4791 Propterfornicationem
1633 4723 1889 4795 unnsquisqnctra-

1051 4807 1120 4862 beat
1137 4823 1258 4863 uxorem
1268 4808 1296 4877 (I
1305 4808 1373 4863 Cor.
1386 4811 1448 4880 vn).
1466 4809 1523 4864 Ubi
1533 4810 1817 4883 subintelligendum
1829 4816 1886 4881 est,

1051 4895 1100 4967 qui
1117 4895 1247 4967 legitime
1262 4912 1385 4951 uxorem
1403 4897 1513 4953 babere
1528 4902 1639 4970 potest.
1657 4899 1723 4954 Non
1740 4901 1819 4954 enim
1830 4902 1887 4955 sub

1051 4984 1106 5038 bac
1121 4984 1312 5040 universitate
1323 4986 1491 5041 includendi
1503 4989 1630 5059 suntqui
1640 5003 1746 5042 sacros
1761 4989 1884 5044 ordines

1051 5077 1257 5143 suscoperunt,
1267 5074 1314 5129 vel
1326 5075 1513 5131 continentiae
1525 5076 1610 5130 aliter
1623 5081 1724 5131 votum
1740 5076 1885 5133 iecerunt.

1052 5162 1087 5217 Et
1102 5162 1257 5217 sciendum
1272 5164 1351 5234 qnod
1363 5179 1429 5219 cum
1439 5165 1468 5218 in
1481 5164 1578 5219 Veteri
1588 5165 1779 5221 Testamento
1794 5183 1886 5222 unus·

1052 5251 1179 5323 quisque
1194 5254 1406 5325 praeciperetur
1416 5253 1452 5307 de
1464 5253 1542 5308 tribu
1554 5269 1608 5308 sna
1625 5255 1733 5311 ducere
1751 5271 1886 5326 uxorem,

1052 5345 1083 5399 ut
1098 5343 1257 5414 unicuique
1268 5342 1357 5397 tribui
1383 5357 1437 5397 sua
1459 5342 1555 5412 portio
1570 5347 1658 5400 terrae
1673 5344 1886 5415 promissionis

1053 5432 1167 5506 absque
1183 5432 1360 5488 confusione
1376 5436 1557 5501 servaretur,
1573 5433 1604 5488 in
1619 5433 1704 5489 Novo
1718 5438 1819 5492 umen
1833 5436 1887 5491 Te·

1054 5527 1199 5580 stamento
1214 5524 1380 5580 institutum
1391 5526 1437 5578 est
1454 5525 1484 5579 ut
1498 5524 1622 5596 quilibet
1635 5524 1672 5580 de
1696 5525 1794 5582 aliana
1809 5526 1887 5583 tribu

1054 5617 1142 5673 ducat
1156 5633 1289 5688 uxorem,
1306 5621 1428 5689 propter
1440 5616 1697 5689 amplificationem
1722 5617 1884 5690 charitatis,
