3796 6022
18 324 21 331 ·
67 300 106 371 e
442 297 1420 379 oseasruaaranusaseusmesarmrrus.
1750 300 1794 371 ao
1842 252 1848 264 ’

67 503 167 561 herbae
181 504 292 576 pabulo
307 519 341 561 se
357 504 446 560 iaciat
459 518 547 576 quam
562 501 633 575 gelu
647 501 789 559 adurente
805 479 946 558 omnisA
1033 501 1103 558 Cir.
1120 503 1202 559 XlX.
1217 502 1263 559 De
1277 503 1363 572 bove,
1380 509 1410 560 et
1426 520 1487 569 uro,
1506 511 1536 561 et
1550 503 1710 561 similibus.

67 593 156 650 beu-ba
172 594 302 650 deliciet.
995 593 1178 648 BosGroecis
1193 594 1256 662 βοῦς,
1274 594 1366 649 hicet
1388 594 1547 666 uaeobops,
1560 592 1652 666 hujus
1662 594 1739 650 boos
1749 593 1792 650 di·

295 682 366 740 Gar.
384 683 462 740 xlv,
479 683 523 739 lle
542 698 680 738 vervece.
957 682 1043 752 citur,
1058 681 1137 736 hunc
1152 681 1247 736 Latini
1262 683 1388 738 trionem
1403 683 1566 752 nominant,
1582 698 1617 737 eo
1634 682 1713 755 quod
1727 684 1790 738 ter·

101 773 223 831 vervex
245 773 292 829 vel
311 790 329 828 a
351 774 466 829 viribus
486 773 603 841 dicitnr,
627 787 662 827 eo
682 769 762 844 quod
786 769 904 825 ceteris
955 787 1018 825 ram
1033 774 1117 842 terat,
1133 771 1219 843 quasi
1234 772 1387 828 terionem.
1404 773 1499 827 Boum
1513 773 1544 826 in
1563 772 1664 827 socios
1680 771 1789 828 eximia

67 863 175 919 armus
192 863 236 919 sit
248 863 363 933 tortior,
378 861 427 918 ret
441 862 519 934 quod
530 861 634 930 sitvir,
651 860 681 915 id
696 858 905 915 estmasculus
953 858 1071 914 dilectio
1088 865 1149 930 est;
1166 877 1233 915 uum
1255 861 1329 916 alter
1347 861 1472 916 alterum
1497 860 1628 931 inquirit,
1646 876 1714 917 eum
1729 876 1788 934 quo

67 953 268 1008 emasculatus
288 956 397 1021 tamen,
420 967 488 1006 nam
508 950 661 1006 masculus
683 950 763 1004 aries
786 947 904 1018 dicitur,
952 948 1061 1004 ducere
1077 949 1152 1005 collo
1176 954 1304 1004 aratrum
1329 951 1492 1020 consuevit,
1509 953 1538 1004 et
1562 949 1712 1022 frequenti
1726 966 1790 1006 mu·

65 1044 346 1111 rervaxcastratus,
360 1037 906 1112 velquodvermesincapitehubeaut
951 1038 1016 1110 gitu
1040 1039 1307 1095 amicumtestatur
1322 1037 1472 1108 allectum,
1498 1040 1525 1093 si
1549 1038 1624 1093 torte
1649 1038 1785 1095 deluerit.

65 1146 193 1201 quorum
207 1131 266 1202 ipsi
282 1134 314 1187 ιι1
327 1130 436 1185 arietes
453 1129 571 1184 excitati
585 1127 710 1199 pruritu,
728 1141 762 1181 se
777 1124 905 1180 invicem
953 1127 1050 1184 Boves
1065 1129 1245 1200 impendenti
1261 1129 1359 1201 pluvia
1374 1128 1411 1183 ad
1426 1129 1723 1199 praesepiasetenere
1734 1143 1788 1183 no·

66 1220 250 1275 concutiunt.
264 1220 348 1275 Unde
363 1221 444 1275 aries
458 1218 508 1272 aab
523 1222 565 1271 act
580 1216 760 1288 ipro;‚idest
772 1218 902 1284 amatre,
951 1221 1066 1290 verunt,
1080 1223 1176 1289 atque,
1190 1218 1240 1273 nbi
1252 1218 1378 1273 naturali
1393 1233 1486 1273 sensu
1502 1217 1686 1289 collegerunt
1695 1218 1787 1272 mnte-

65 1312 209 1379 rocatus,
223 1325 284 1380 quo
300 1309 419 1364 nomine
435 1307 512 1379 apud
526 1322 583 1361 nos
608 1306 637 1360 in
654 1304 763 1361 ovibus
779 1302 902 1358 masculi
951 1307 1060 1361 tionem
1075 1307 1151 1377 coeli,
1170 1307 1200 1360 in
1215 1306 1406 1362 serenitatem
1421 1306 1503 1362 foras
1513 1309 1656 1376 spectant,
1672 1304 1787 1360 etultra

65 1401 220 1468 uocantur,
235 1399 302 1453 sive
318 1398 398 1468 quod
413 1397 470 1453 hoe
485 1411 610 1468 peeusa
629 1393 792 1467 gentilibus
807 1393 902 1463 primo
950 1397 1097 1468 praesepia
1121 1397 1255 1451 cervices
1277 1397 1438 1451 extendunt
1461 1411 1533 1450 suas
1555 1411 1612 1449 una
1632 1394 1662 1448 in
1682 1410 1787 1449 omnes

64 1490 109 1542 est
122 1486 186 1542 aris
201 1487 394 1555 immolatum,
410 1489 441 1540 ut
456 1486 535 1540 aries
546 1485 696 1540 diceretur
709 1498 745 1538 eo
759 1482 839 1554 quod
849 1481 904 1536 im·
950 1489 1061 1556 partes,
1076 1489 1108 1541 ut
1121 1486 1239 1557 prodire
1256 1502 1289 1540 se
1304 1486 1380 1541 velle
1396 1488 1550 1541 testentur.
1573 1485 1625 1540 Uri
1648 1485 1787 1559 agrestes

64 1580 226 1648 poneretur
245 1577 317 1632 aris.
344 1576 428 1631 Unde
448 1575 520 1630 illud
537 1590 544 1629 ε
563 1595 574 1624 ι
596 1574 684 1629 Aries
702 1576 845 1627 mactatur
865 1569 903 1626 ad
950 1575 1044 1631 boves
1060 1578 1139 1644 sunt,
1147 1575 1291 1630 hebentes
1303 1590 1414 1630 cornua
1424 1575 1579 1644 immensa,
1590 1575 1621 1628 in
1632 1577 1744 1629 tautum
1757 1575 1792 1629 ut

64 1682 154 1734 amm,
166 1688 179 1715 ι
191 1666 248 1721 sed
256 1666 285 1720 id
295 1666 394 1721 minus
407 1665 547 1738 plaeet,et
558 1663 661 1735 primae
674 1661 800 1733 syllabae
809 1677 902 1734 quau·
951 1663 1029 1719 inter
1043 1665 1142 1737 regias
1157 1681 1277 1720 mensas
1294 1664 1331 1719 ob
1355 1665 1507 1737 insignem
1523 1663 1716 1735 capacitatem
1730 1678 1785 1741 gg·

65 1756 132 1809 titas
146 1770 208 1810 non
222 1755 375 1826 approbat.
954 1753 1028 1809 ruloe
1044 1759 1166 1825 potuum
1181 1756 1261 1810 fiant.

327 1844 398 1899 CAP·
417 1843 481 1898 XV·
498 1843 543 1898 ΒΘ
557 1858 633 1915 ⁸9⁰⁰
914 1821 940 1883 B
994 1862 1068 1917 Sunt
1083 1863 1170 1917 etiam
1185 1861 1214 1916 in
1229 1861 1311 1916 ludia
1324 1862 1419 1917 boves
1428 1863 1598 1929 unicornes,
1609 1860 1724 1915 solidos
1735 1874 1789 1913 un·

98 1935 207 2006 Agnus
229 1932 346 2003 dieitur,
363 1934 450 2006 quasi
471 1948 566 2006 agnes
580 1951 663 2004 αγνης,
680 1931 770 1986 idest
786 1932 897 1983 castus·
957 1951 1048 2023 gulis,
1065 1968 1119 2007 nee
1130 1951 1265 2021 bisulcis,
1277 1951 1330 2007 sed
1339 1951 1528 2006 atrocissimi.
1539 1950 1644 2005 Bubali
1655 1949 1724 2005 inda
1732 1965 1788 2005 no-

65 2021 159 2077 ¹¹¹¹⁸i¹¹i
175 2027 274 2078 ‘mmm
289 2023 334 2077 ⁸50
349 2023 460 2077 dimum
474 2025 586 2094 putant,
602 2021 727 2092 ⁰⁰q⁰⁰d
742 2036 804 2090 PitB
814 2020 901 2073 ⁰⁰³¹&
956 2055 1022 2096 men
1036 2040 1164 2111 trahunt,
1181 2041 1260 2112 quod
1276 2041 1336 2095 sint
1351 2040 1465 2097 similes
1493 2040 1592 2108 boum,
1611 2038 1686 2093 adeo
1700 2037 1788 2093 indo·

65 2111 105 2164 ris
121 2111 303 2167 animalibus
319 2116 442 2168 matrem
457 2115 612 2183 agnoscat,
629 2110 703 2165 adeo
725 2112 756 2164 ut
771 2109 859 2164 etiam
874 2106 902 2161 si
954 2131 1026 2200 mm,
1042 2134 1073 2187 ut
1086 2147 1149 2200 ΡΜ
1160 2129 1274 2185 paripate
1286 2129 1393 2202 jugum
1410 2145 1468 2184 non
1483 2129 1637 2199 recipiant·

64 2198 93 2254 in
117 2215 230 2272 magno
243 2216 339 2273 grege
354 2205 448 2271 erret,
464 2200 564 2281 statim
584 2200 683 2255 balatu
704 2200 902 2270 recognoscat

64 2303 169 2344 vocem
184 2290 327 2360 parentis,
340 2290 520 2361 festinaque
535 2290 716 2357 mmmmm,
732 2286 818 2343 ,actis
832 2303 903 2358 quo·
990 2239 1086 2292 Vacca
1100 2237 1276 2308 dietaquasr
1300 2237 1425 2305 boacca,
1451 2239 1497 2291 est
1511 2251 1589 2290 emm
1609 2250 1647 2289 ex
1671 2246 1783 2306 genere

954 2328 1129 2383 nominuma
1139 2326 1312 2381 masculinis
1326 2326 1529 2395 formatorum,
1540 2324 1617 2379 sicut
1625 2321 1784 2390 leoleaeua,

63 2394 119 2449 que
136 2380 262 2434 materni
277 2385 364 2434 notos
380 2380 438 2434 sihi
453 2378 552 2434 fontes
567 2378 709 2449 requirat.
721 2377 815 2432 Mater
828 2392 900 2431 vero
954 2417 1043 2472 draco
1059 2417 1200 2485 dracena,
1224 2419 1279 2470 eto·
1304 2416 1414 2469 vitulus
1438 2418 1467 2470 ep
1486 2415 1578 2469 vitup,
1600 2430 1617 2467 a
1640 2410 1788 2466 viriditate

63 2467 139 2521 inter
151 2467 243 2522 multa
259 2468 350 2523 millia
364 2469 549 2541 agnellorum
565 2467 662 2522 solum
678 2467 771 2521 illium
786 2466 898 2534 noscit,

63 2560 89 2609 et
103 2555 173 2611 iicet
190 2573 267 2612 unus
283 2558 322 2613 sit
332 2557 526 2628 plurimorum
536 2557 662 2626 balatus,
680 2555 900 2624 eteademspe·

63 2644 136 2713 cies,
151 2645 203 2700 iila
219 2651 317 2702 tumen
332 2647 424 2702 ictam
439 2662 527 2703 suum
538 2645 740 2718 recognoscit,
751 2648 780 2699 et
787 2644 900 2699 discer-

63 2734 102 2787 uit
116 2750 135 2787 a
151 2737 281 2805 certeris,
298 2742 326 2792 et
341 2737 439 2793 solum
453 2737 547 2791 illium
561 2736 657 2790 tacitae
672 2734 790 2809 pietatis
801 2733 900 2789 studio

63 2825 264 2896 recognoscit.

240 2914 310 2970 Cir.
327 2916 406 2971 xvt.
427 2916 471 2970 lle
486 2916 572 2971 birro
583 2920 612 2971 et
627 2914 720 2970 lraetlu.

901 2538 904 2543 <
953 2507 1048 2562 vocati
1065 2510 1144 2575 sunt,
1160 2507 1189 2560 id
1205 2507 1251 2561 est
1267 2509 1351 2560 aetate
1365 2505 1463 2573 viridi,
1480 2505 1558 2558 sieut
1566 2506 1595 2557 et
1604 2501 1702 2573 virgo,
1711 2498 1787 2554 vitu-

954 2596 1011 2650 lam
1025 2596 1104 2651 enim
1118 2610 1316 2667 parvamesse
1327 2595 1464 2663 dicimus,
1478 2592 1644 2647 etnoudum
1653 2589 1788 2658 enixam3

954 2703 1021 2743 nam
1037 2688 1123 2742 enixa
1138 2686 1266 2757 juvenca
1282 2687 1338 2753 est,
1356 2684 1385 2738 id
1400 2687 1446 2738 est
1461 2698 1552 2736 vacca
1565 2679 1697 2753 iuvenis.

1130 2812 1200 2868 Cer.
1219 2812 1286 2867 XX.
1304 2812 1348 2866 lle
1367 2810 1473 2865 cameli
1492 2816 1607 2864 natura.

989 2920 1116 2977 Gamelis
1131 2919 1198 2992 sip«
1225 2936 1317 2986 cama,
1348 2920 1376 2972 id
1399 2921 1445 2972 est
1468 2917 1553 2971 labor
1572 2931 1680 2971 nomen
1695 2911 1787 2983 dedit,

96 3003 210 3059 Hirrus
224 3005 370 3060 lascivum
385 3007 492 3060 animal
508 3010 565 3073 est,
582 3004 718 3075 petulans
734 3006 763 3058 et
778 3003 898 3057 terrens
955 3011 1034 3082 quod
1046 3009 1212 3081 jumentum
1221 3010 1260 3064 sit
1274 3008 1466 3063 laboriosum,
1481 3007 1550 3060 vela
1566 2999 1788 3076 ohnmoeipapstl

61 3108 181 3164 semper
190 3093 227 3147 ad
238 3093 358 3163 coitum,
367 3094 453 3166 cujus
460 3095 539 3149 oculi
550 3094 587 3149 ob
596 3091 788 3148 libidineurin
798 3093 898 3146 trans·
955 3099 1034 3171 quod
1049 3100 1220 3155 manem-um
1236 3101 1281 3152 est
1296 3096 1468 3151 adverbium
1493 3094 1668 3166 significans
1683 3089 1786 3151 humi!

60 3197 184 3237 versum
199 3183 357 3253 aspiciunt,
375 3184 452 3239 unde
468 3200 576 3239 nomen
588 3183 692 3251 traxit3
709 3198 776 3236 nam
787 3178 898 3251 hirquii
956 3205 1023 3244 nam
1047 3188 1164 3259 quando
1180 3192 1340 3242 onerantur
1354 3190 1385 3240 ut
1399 3184 1554 3240 breviores
1569 3186 1598 3238 et
1612 3180 1787 3237 humiliores

61 3273 418 3346 ⁸⁰⁰²⁰⁰⁰¹⁰i¹¹¹¹¹⁸¹¹8¹¹¹is
431 3273 596 3329 secundum
606 3272 790 3329 Suetonium·
802 3270 897 3342 Cujus
957 3280 1035 3346 ilnnt,
1057 3277 1210 3345 accubant,
1228 3280 1257 3331 et
1278 3277 1322 3330 sic
1344 3274 1496 3329 eluameius
1512 3272 1704 3339 scriberetur,
1722 3268 1787 3324 sive

61 3363 163 3415 natura
188 3361 265 3416 adeo
294 3361 388 3421 calida
408 3366 463 3432 est,
488 3367 519 3418 ut
545 3363 730 3418 adamantem
758 3361 896 3432 lapidem,
954 3367 1023 3438 quia
1037 3383 1148 3421 curvus
1167 3370 1214 3421 est
1229 3367 1319 3420 dorso
1339 3382 1356 3418 a
1374 3364 1515 3431 chamiro,
1539 3363 1631 3417 idest
1650 3361 1786 3415 incurvo.

59 3465 148 3519 (Bfflm
164 3466 222 3504 ¹¹⁰⁰
237 3449 317 3521 181118
328 3467 384 3506 ¹¹⁰0
400 3451 511 3509 felium
527 3453 647 3507 (10111816
655 3451 741 3516 Vflleb
754 3450 839 3505 8⁰1⁰ss
848 3450 900 3504 ¹¹11·
955 3457 1018 3513 Hos
1033 3457 1101 3511 licet
1115 3460 1143 3510 et
1168 3456 1234 3510 aliae
1254 3456 1395 3528 regiones
1411 3454 1533 3521 mittant,
1555 3451 1670 3506 Arabes
1688 3453 1787 3505 umen

56 3535 109 3606 jus
123 3555 216 3593 cruor
234 3539 390 3595 dissolvat.
414 3541 502 3596 Haedi
521 3542 686 3597 seeundum
701 3539 846 3611 quosdam
861 3538 898 3592 ab
952 3546 1107 3617 plurimos,
1129 3549 1157 3600 et
1186 3545 1283 3599 Bactri
1310 3545 1492 3598 fortissimos
1512 3541 1642 3596 camelos
1658 3540 1786 3595 mittunt.

60 3627 188 3696 edendo,
197 3628 296 3683 vocati
308 3631 377 3684 sunt
387 3644 394 3698 ;
404 3630 488 3700 parvi
503 3629 781 3702 enimpinguissimi
793 3631 899 3683 suntet
954 3635 1063 3691 Verum
1091 3635 1120 3689 in
1135 3635 1192 3691 boc
1208 3632 1347 3690 differunt
1368 3634 1447 3705 quud
1462 3631 1583 3686 Arabici
1597 3630 1666 3684 hina
1682 3620 1788 3684 tubera

62 3714 327 3787 saporisJ'ueundi,
339 3718 755 3774 undeethoedusethoedulus
767 3716 899 3772 nomina·
952 3724 982 3779 iu
1006 3725 1097 3780 dorso
1113 3725 1236 3793 habeut3
1255 3724 1404 3778 Bactriani
1425 3722 1555 3794 singula.
1573 3720 1610 3775 Hi
1637 3732 1787 3789 uunquam
1882 3707 1892 3731 χ

60 3808 116 3874 tur,
135 3805 192 3861 fied
206 3806 276 3876 quia
286 3806 394 3861 hoedus
409 3807 552 3862 81111ὴί1111·
566 3807 622 3876 stc,
634 3806 701 3861 aliis
715 3804 900 3860 dicividetur
952 3814 1045 3884 pedes
1055 3817 1197 3882 stiterunt,
1208 3816 1278 3868 sunt
1288 3813 1366 3868 enim
1375 3812 1434 3866 illis
1445 3811 1597 3881 reciproca
1608 3805 1787 3879 quibusdam

63 3893 185 3964 quodsi
202 3895 221 3949 b
236 3894 266 3948 iu
282 3894 300 3950 l
308 3898 445 3965 mutetur,
462 3897 511 3951 ilat
526 3896 635 3952 ioedus.
952 3902 1100 3973 pelliculis
1124 3902 1252 3974 vestigia
1273 3901 1461 3967 carnulenta,
1491 3898 1614 3955 undeet
1639 3894 1785 3951 contraria

309 3983 380 4039 Gar.
398 3984 490 4041 XVII.
506 3986 551 4040 De
566 4002 647 4057 apro.
952 3996 1021 4047 sunt
1036 3991 1097 4046 illis
1112 3992 1341 4061 ambulantibus,
1359 3990 1440 4045 nullo
1456 3989 1572 4044 invente
1587 3984 1728 4057 praesidio
1748 3982 1786 4039 ad

97 4076 189 4142 Aper,
210 4073 299 4128 idest
315 4089 435 4144 porcus,
452 4075 499 4130 vet
515 4091 570 4129 sus
590 4074 762 4129 silvestera
787 4072 899 4127 feritate
952 4082 1050 4136 nisum
1067 4080 1233 4136 insistendi.
1252 4081 1404 4135 Habentur
1417 4081 1515 4134 autem
1529 4078 1567 4132 ad
1582 4076 1692 4146 duplex
1702 4073 1787 4129 mini·

64 4164 197 4229 vocatur,
213 4161 309 4216 ablata
324 4163 441 4219 scilicet
465 4163 561 4219 littera
575 4164 662 4235 quasi
677 4179 775 4233 asper,
792 4166 823 4217 ut
836 4161 900 4217 uult
951 4171 1084 4225 sterium.
1100 4169 1173 4224 Sunt
1188 4169 1266 4224 onim
1282 4169 1330 4223 ulii
1346 4168 1427 4223 oneri
1444 4167 1605 4223 deferendo
1620 4178 1787 4220 accommo-

63 4249 168 4306 t'arro.
200 4249 286 4306 Unde
310 4252 388 4322 apud
407 4252 547 4323 Graecos,
563 4253 676 4324 agrios,
694 4252 787 4324 ἄγριος,
809 4251 838 4305 id
853 4254 899 4306 081
953 4254 1022 4326 dati,
1042 4259 1091 4313 alii
1106 4258 1290 4328 perniciores
1306 4257 1389 4312 etad
1405 4258 1461 4311 iter
1480 4255 1648 4311 iaciendum
1663 4269 1786 4325 promp-

62 4340 205 4410 agrestis,
221 4338 304 4395 ierus
320 4340 428 4396 dieitur
442 4344 472 4396 et
495 4341 591 4411 ferox,
609 4356 696 4397 omne
716 4341 794 4395 euim
818 4339 897 4411 quod
953 4348 1054 4403 tiores.
1078 4346 1136 4402 Sed
1158 4347 1201 4402 illi
1224 4347 1300 4401 ultra
1324 4347 1442 4401 modum
1466 4345 1597 4415 pondera
1623 4341 1784 4413 recipiunt,

62 4426 157 4482 terum
166 4432 215 4483 est
228 4431 257 4483 et
267 4429 376 4484 immite
387 4430 511 4487 abusive
521 4434 641 4502 agreste
654 4445 806 4485 vocemus.
819 4428 896 4484 Aliis
909 4450 937 4512 D
953 4435 1002 4491 isti
1017 4437 1143 4506 amplius
1154 4452 1241 4507 quam
1251 4435 1338 4490 solita
1353 4435 1447 4506 spatia
1462 4433 1564 4505 egredi
1573 4431 1686 4487 uolunt.
1697 4428 1785 4487 Geni·

61 4517 177 4571 videtur
186 4517 273 4572 dicia
284 4519 401 4573 nomine
413 4519 517 4575 Graeco
535 4518 627 4590 ἀφρὸς,
648 4519 727 4590 quod
738 4521 784 4574 est
790 4534 895 4588 spuma

62 4620 96 4658 eo
110 4606 190 4676 qnod
201 4622 336 4676 spumam
351 4623 403 4663 ore
416 4608 537 4664 emittat.

202 4695 273 4750 Cnr.
289 4696 396 4751 XVlll.
414 4696 606 4768 Dejrrrenco,
626 4702 656 4752 et
672 4703 766 4753 tauro,

94 4782 249 4839 iuvencus
264 4785 361 4841 dictus
375 4802 409 4841 ao
426 4785 618 4857 quodjuvare
634 4787 754 4856 incipiat
762 4803 837 4842 usus
849 4786 899 4841 bo-

60 4872 172 4927 minum
186 4872 217 4928 in
228 4878 306 4930 terra
317 4876 451 4942 colcudn,
460 4875 582 4947 velquia
590 4876 804 4948 apudgentiles
815 4893 896 4930 sem-

59 4976 113 5030 per
126 4961 238 5033 ubique
253 4963 473 5033 immolabatur,
489 4968 517 5020 et
534 4981 684 5036 uunquam
695 4968 812 5032 taurus3
829 4981 896 5019 naun

60 5050 89 5104 in
104 5050 236 5106 victimis
251 5052 339 5108 etiam
353 5057 426 5108 ictis
443 5054 699 5110 considerabatur.

92 5140 211 5195 Taurus
225 5139 336 5213 Ιτιῦρος]
347 5159 455 5197 norrren
471 5143 608 5198 Graecum
622 5146 678 5212 est,
695 5143 774 5198 sicut
784 5147 812 5198 et
823 5144 893 5199 bos.

59 5227 171 5283 iudicis
184 5230 280 5284 tauris
295 5231 379 5285 coior
394 5230 495 5285 iulvus
509 5236 566 5299 est,
579 5231 712 5287 volucris
721 5232 893 5303 pernicitas,

58 5317 137 5387 pilus
146 5318 177 5371 in
187 5318 370 5374 contrarium
380 5335 500 5388 versus,
511 5319 609 5375 hiatus
621 5336 758 5392 maguus.
769 5321 807 5375 Hi
818 5337 894 5392 quo·

57 5420 112 5476 que
127 5405 344 5461 circumierunt
359 5422 480 5474 cornua,
498 5408 637 5478 omnique
651 5411 739 5479 caput
754 5408 893 5464 flexibili-

56 5498 112 5550 tate
128 5511 187 5566 qna
200 5494 305 5551 vetunt
319 5495 396 5568 tergi
410 5495 517 5550 duritia
533 5511 620 5552 omne
633 5497 725 5551 telum
737 5502 892 5568 respuunt3

56 5587 112 5638 tam
137 5583 258 5639 immani
279 5588 349 5640 sunt
373 5585 498 5655 ienitate,
514 5589 545 5640 ut
566 5586 642 5656 eapti
658 5587 772 5642 animas
788 5603 825 5642 ne
842 5587 894 5642 do·

56 5678 171 5728 meatur
183 5672 354 5746 projiciant.

954 4528 1027 4580 turae
1043 4524 1200 4595 eupiditate
1215 4523 1377 4580 efferuntur
1390 4524 1463 4578 odeo
1479 4526 1511 4577 ut
1525 4521 1726 4577 saeviunteum
1734 4532 1786 4573 ve·

953 4630 1054 4669 nerem
1073 4613 1238 4685 requirunt.
1264 4613 1395 4668 Oderunt
1415 4611 1555 4683 equinum
1569 4624 1677 4682 genus.
1700 4606 1785 4663 Sitim

952 4703 1039 4757 etium
1057 4703 1255 4773 pertriduum
1278 4702 1418 4763 tolerant;
1434 4715 1538 4754 verum
1554 4714 1621 4753 cum
1636 4698 1722 4753 datur
1736 4712 1787 4753 oc·

952 4791 1033 4846 casio
1047 4791 1179 4859 bibendi,
1197 4794 1307 4845 tuntum
1324 4790 1492 4860 implentur,
1502 4792 1653 4859 quamtum
1661 4789 1691 4842 et
1703 4785 1787 4843 desi·

951 4880 1032 4935 deria
1048 4881 1196 4950 praeterita
1207 4879 1303 4948 satiet,
1315 4881 1343 4934 et
1352 4878 1381 4932 in
1391 4878 1522 4934 iuturum
1539 4878 1589 4933 diu
1607 4876 1712 4947 prosit.
1724 4875 1787 4933 Lu·

951 4970 1078 5024 lulentas
1102 4984 1197 5039 aquas
1214 4971 1340 5038 captant,
1362 4983 1453 5038 puras
1473 4967 1634 5039 refugiunt.
1653 4965 1786 5038 Denique

948 5057 1000 5112 ubi
1010 5057 1160 5112 carnosior
1173 5072 1249 5127 aqua
1264 5057 1400 5127 deluerit,
1417 5057 1475 5127 ipsi
1491 5056 1612 5111 assidua
1629 5054 1787 5126 proculca-

949 5146 1028 5201 tione
1044 5145 1145 5201 timum
1159 5146 1300 5215 excitant,
1310 5150 1342 5201 ut
1356 5147 1509 5215 turbetur3
1526 5146 1632 5200 durant
1646 5145 1677 5199 in
1691 5159 1788 5201 annos

950 5240 1077 5290 centum.
1095 5235 1125 5289 Si
1143 5234 1218 5290 terte
1233 5235 1369 5290 translati
1384 5235 1492 5290 luerint
1507 5235 1537 5289 in
1550 5236 1614 5289 loca
1630 5233 1789 5306 peregriua

949 5327 1070 5395 propter
1086 5324 1236 5379 insolitam
1256 5324 1446 5380 mutationem
1466 5324 1555 5392 aeris,
1574 5323 1696 5379 morbos
1725 5326 1787 5378 tra·

950 5411 1033 5467 hunt.
1050 5413 1095 5466 Ad
1112 5412 1189 5467 bella
1205 5412 1322 5468 terune
1342 5417 1556 5484 praeparantur,
1573 5413 1784 5481 inventumque

949 5503 1046 5555 estut
1066 5500 1247 5556 desiderium
1270 5501 1314 5556 eis
1335 5502 1432 5556 coitus
1455 5503 1583 5572 quadam
1609 5497 1787 5556 castratione

949 5589 1135 5658 extrahatur3
1151 5593 1253 5659 putant
1268 5590 1347 5645 enim
1362 5590 1425 5647 lteri
1456 5590 1615 5646 validiores
1630 5588 1657 5642 si
1671 5602 1688 5641 a
1703 5583 1784 5643 coiti-

948 5677 1005 5735 bus
1019 5681 1186 5735 amantur.
