3796 6022
534 304 755 368 APPENDIX
774 303 833 369 ΑΙ)
855 301 1047 368 HUGONIS
1069 302 1215 367 OPERA
1238 301 1439 367 MYSTICA.
1806 300 1869 367 908

139 312 199 376 907

139 508 232 579 versi,
245 507 273 563 id
290 509 335 562 est
350 521 367 561 a
384 506 445 561 Deo
456 503 553 559 eversi
564 504 600 559 ud
613 503 706 559 Deum
717 504 865 560 conversi.
881 504 971 560 Porta
986 485 1015 547 Α
1029 503 1186 574 luxuriam,
1203 505 1295 559 tumet
1309 518 1363 574 per
1386 494 1567 573 superbiam,
1587 499 1727 556 instabile
1751 503 1799 557 est
1813 516 1866 574 por

140 597 294 666 stercoris,
309 612 375 668 quae
391 597 453 650 erat
469 596 498 647 in
515 593 647 648 interiori
662 595 745 664 perte
765 593 902 665 eivitatiS,
918 610 972 665 per
1030 593 1242 649 curiositatem.
1253 591 1373 663 Oportet
1382 592 1490 664 itaque,
1502 590 1610 645 iratres
1619 590 1802 661 charissimi,
1815 589 1865 646 hn-

140 705 227 761 quum
242 686 434 756 purgationes
444 683 680 751 eliminabantur,
693 683 842 754 signifieat
853 698 971 738 excom·
1029 683 1101 738 bere
1112 698 1228 753 navem,
1246 684 1275 737 et
1289 698 1324 737 ea
1338 697 1405 753 quae
1418 680 1455 736 ad
1466 696 1570 735 navem
1582 680 1740 751 pertinent,
1762 679 1790 734 si
1806 682 1864 736 tem

137 775 375 832 municalionem.
394 773 451 828 Per
466 773 541 827 hanc
557 787 616 826 non
631 772 819 841 inducuntur,
838 772 892 827 sed
912 771 969 843 eji-
1028 771 1231 842 periculosum
1246 786 1325 825 mere
1342 771 1408 825 sine
1422 769 1555 840 periculo
1568 768 1696 824 transire
1711 766 1861 825 volumus.

139 864 257 920 ciuntur
270 861 395 933 profani,
419 861 554 933 quisunt
577 863 708 916 stercora
733 876 786 931 per
806 860 922 930 culpam
943 863 972 915 et
1028 860 1149 931 Oportet
1159 876 1215 916 nos
1224 860 1335 915 babere
1351 875 1466 929 navem,
1490 858 1610 929 malum,
1626 858 1736 928 velum,
1761 861 1791 913 et
1804 857 1860 914 duo

135 950 576 1024 projiciunturpervindictam3
589 953 723 1005 stercora
744 950 863 1021 proprio
880 949 969 1019 laeto,

135 1039 332 1113 projiciuntur
341 1041 434 1095 verbo
445 1040 555 1094 divino.
566 1039 633 1094 Non
649 1038 727 1093 enim
735 1038 820 1093 decet
835 1041 866 1092 ut
881 1053 969 1093 accu-

134 1130 185 1186 bet
195 1127 301 1184 haedus
317 1145 383 1183 cum
399 1144 487 1201 agno,
504 1130 642 1198 peccator
655 1143 721 1183 eum
735 1126 828 1199 justo,
840 1128 969 1181 immun-

136 1219 276 1274 duacum
289 1218 409 1287 mundo,
426 1218 540 1272 adulter
556 1233 622 1272 cum
639 1216 767 1286 Christo,
784 1231 821 1270 nc
836 1215 912 1271 forte
920 1215 969 1287 ju·

136 1304 970 1378 stne,provocatusexemplopeceatoris3extendatadini·

134 1398 275 1469 quitatem
290 1411 395 1450 manus
412 1412 494 1450 suas.
519 1395 606 1449 Porta
622 1394 713 1449 sontis
729 1394 805 1448 dicta
828 1397 883 1464 est,
900 1394 967 1465 quia

133 1488 196 1542 erat
212 1488 316 1541 contra
339 1485 450 1539 fontem
465 1483 555 1539 Siloe.
571 1484 650 1539 Siloa
671 1484 880 1554 interpretatur
893 1484 968 1538 mis-

133 1590 198 1643 sus,
209 1576 238 1628 et
246 1573 395 1645 signifieat
405 1573 566 1642 Christum,
578 1588 666 1645 quem
674 1573 755 1626 misit
775 1572 860 1627 Pater
869 1572 905 1626 ad
916 1588 967 1627 sa-

135 1662 225 1718 lutem
241 1663 362 1734 generis
378 1662 507 1716 humaui.
525 1662 548 1716 0
563 1678 650 1733 quam
664 1662 763 1716 bonus
786 1660 870 1717 lonsl
887 1661 967 1716 Fons

1027 948 1109 1022 ligna
1123 950 1201 1005 inter
1215 966 1283 1022 quae
1298 948 1398 1004 velum
1412 947 1589 1017 extenditur,
1599 947 1740 1018 superius
1751 949 1780 1002 et
1789 946 1861 1002 inie-

1026 1038 1090 1092 rius
1107 1039 1268 1093 cherucum
1281 1052 1369 1110 quem
1385 1036 1495 1108 gallum
1510 1039 1630 1091 ventum
1652 1034 1860 1092 observantem

1026 1142 1134 1182 vocare
1143 1142 1316 1197 possumus.
1327 1127 1476 1181 Debemus
1485 1125 1595 1180 habere
1607 1124 1857 1196 chordas,ramos,

1025 1213 1858 1288 gubernaculum,anch0ram,eseamnobisnacessnriem.

1027 1305 1099 1359 liele
1111 1306 1199 1360 etiam
1208 1305 1382 1372 habeamus,
1395 1304 1562 1375 utaliquem
1573 1304 1689 1374 piscem
1703 1302 1858 1358 extrahere

1026 1394 1189 1450 valeamus.
1205 1393 1308 1449 Videte
1321 1393 1391 1465 quid
1402 1394 1459 1448 ista
1470 1392 1650 1465 significent.
1663 1391 1760 1448 Navis
1766 1393 1856 1466 signi-

1027 1483 1095 1538 ficet
1110 1483 1208 1554 fidem,
1232 1483 1344 1555 quaein
1368 1480 1527 1550 Abraham,
1544 1481 1595 1553 qui
1615 1479 1672 1537 luit
1684 1481 1781 1553 prima
1795 1497 1856 1537 cre-

1026 1572 1115 1627 dendi
1125 1572 1313 1644 vie,quasiin
1330 1571 1476 1643 unoligno
1491 1571 1605 1626 initium
1621 1571 1710 1641 oepit3
1725 1572 1755 1625 et
1765 1569 1856 1626 adhue

1025 1663 1055 1715 in
1068 1662 1151 1716 lsaae
1162 1661 1291 1717 attacob
1303 1659 1537 1716 satisauctuiuit.
1552 1657 1647 1731 Coepit
1663 1662 1763 1715 autem
1778 1663 1857 1731 post-

131 1751 189 1806 iste
205 1751 359 1822 sapientiae
374 1750 505 1805 Verbum
515 1750 567 1805 Dei
577 1752 607 1804 in
617 1749 757 1816 excelsis
771 1749 859 1820 eujus
870 1750 966 1805 rivulo
1028 1751 1270 1806 modumdiiatari
1281 1750 1430 1804 novisisla
1440 1749 1604 1805 secundum
1615 1747 1856 1822 propagationem

130 1845 269 1912 potantur
283 1840 435 1911 sitibundi,
460 1840 604 1894 satiantur
624 1839 763 1909 famelici,
788 1842 967 1895 revocantur
985 1809 1011 1872 Β
1026 1840 1128 1895 decem
1137 1839 1277 1895 tribuum.
1289 1839 1438 1894 Numerus
1448 1839 1753 1910 credentiumquento
1763 1838 1856 1911 magis

131 1929 250 2001 abjecti,
263 1932 404 1984 sanantur
415 1929 530 2000 aegroti,
547 1928 778 1984 reconciliantur
793 1928 916 1997 inimici,
927 1927 965 1982 li·
1025 1927 1651 2000 crevit,tnnlomagisnavemssdeidilatavil.
1663 1926 1777 1983 Deinde
1791 1929 1855 1999 post

129 2017 272 2073 berantur
286 2018 402 2089 captivi,
418 2016 620 2088 justificantur
643 2018 733 2087 impii,
760 2017 968 2072 beatitleuntur
1023 2018 1177 2073 transitum
1187 2018 1277 2074 maris
1289 2017 1383 2073 Rubri
1394 2015 1706 2086 suscipientibusllliis
1717 2015 1855 2072 lsraelle·

129 2108 244 2162 miseri.
257 2107 344 2161 Porta
355 2122 427 2178 ergo
444 2105 523 2162 Siloa
535 2107 610 2161 fides
619 2109 665 2160 est
676 2105 799 2160 Christi.
816 2104 872 2170 Qui
881 2108 964 2160 extra
1024 2107 1161 2179 gemDei,
1170 2105 1653 2177 etinipsisinterrapromiseionie
1668 2106 1857 2176 postmodnm

129 2196 206 2251 hanc
228 2198 342 2267 portam
360 2198 439 2264 sunt,
466 2198 535 2250 sunt
555 2195 708 2265 infideles,
726 2195 777 2265 qui
792 2195 868 2249 intra
884 2196 964 2265 sunt,
1024 2195 1225 2265 multiplicatis
1240 2195 1367 2266 amplius
1383 2198 1429 2250 est
1443 2195 1572 2249 dilatata.
1592 2194 1706 2249 Deinde
1721 2194 1856 2250 veniente

130 2287 200 2339 suut
211 2283 324 2339 fideles.
336 2284 476 2338 lnlrdeles
488 2283 622 2338 membra
633 2283 751 2352 diaboli,
764 2283 867 2338 fideles
878 2299 966 2338 mem·
1023 2283 1153 2353 Christo,
1166 2287 1195 2338 ot
1203 2284 1268 2355 ipso
1279 2299 1332 2355 pro
1338 2283 1582 2356 generehumano
1593 2298 1696 2354 passo,
1704 2283 1770 2338 etin
1781 2282 1857 2338 omni

129 2367 182 2427 bre
194 2371 314 2428 Christi.
325 2373 457 2426 Membra
469 2372 589 2441 diaboli,
602 2372 723 2427 diabolo
732 2371 822 2439 unita,
831 2372 965 2426 cumdia·
1024 2372 1587 2444 terrasonoapostolicaepraedioationis
1595 2372 1857 2445 auditoposlqunm

128 2460 198 2517 bolo
213 2461 395 2516 damnanda:
412 2461 493 2516 unita
509 2477 563 2531 per
578 2460 704 2531 culpam,
722 2460 886 2514 damnanda
911 2476 965 2529 per
1023 2462 1173 2532 plenitudo
1189 2463 1320 2535 gentium
1335 2463 1444 2517 intrare
1456 2462 1554 2533 coepit,
1568 2461 1692 2517 multum
1700 2477 1809 2527 navem
1819 2461 1858 2515 is·

128 2566 256 2625 poenam.
272 2550 404 2604 Membra
419 2549 529 2604 Christi
552 2548 670 2603 Christo
693 2548 772 2602 unita
785 2563 840 2618 per
864 2548 962 2618 sidem,
1023 2554 1080 2605 tam
1096 2551 1236 2606 dilatavit.
1253 2551 1286 2605 ln
1302 2553 1433 2621 tempore
1449 2554 1547 2606 nutem
1562 2548 1750 2619 antichristi,
1773 2549 1858 2605 retri-

124 2656 197 2695 cum
211 2639 329 2694 Christo
345 2637 541 2692 beatificando
557 2653 610 2707 per
629 2637 764 2709 gloriam.
780 2636 868 2691 Porta
879 2651 966 2707 aqua·
1022 2642 1164 2711 gescentc
1175 2639 1316 2694 charitate
1325 2639 1493 2710 multorum,
1506 2639 1592 2695 falsis
1604 2636 1744 2695 fidelibus
1752 2639 1855 2695 exelu-

128 2746 194 2784 rum
203 2728 353 2800 significat
364 2727 630 2797 compunctionem.
641 2725 695 2790 Qui
707 2725 782 2780 hanc
792 2725 963 2797 ingrediun·
1022 2730 1076 2797 sis,
1094 2744 1200 2783 rursus
1217 2729 1247 2782 in
1261 2728 1351 2783 allum
1366 2729 1527 2784 reducetur
1540 2731 1569 2783 et
1584 2729 1817 2801 constringetur,
1829 2729 1858 2783 et

128 2817 232 2888 tur,in
252 2815 491 2871 hacabluuntur.
524 2815 613 2869 Extra
628 2814 704 2869 hanc
735 2813 858 2880 sordidi,
888 2814 964 2868 iutra
1022 2816 1253 2872 sioutlnhdam
1275 2816 1560 2887 inproralrdeiluit
1584 2817 1857 2890 primumlignum,

128 2905 330 2976 hancmundi3
349 2908 431 2959 extra
442 2905 531 2976 nigri,
544 2905 619 2957 intra
629 2903 763 2972 eandidi3
779 2906 862 2958 exlru
873 2901 961 2972 haedi,
1022 2907 1066 2962 sic
1075 2907 1196 2962 ultimus
1202 2907 1304 2979 justus
1312 2906 1342 2961 in
1351 2907 1441 2979 puppi
1450 2906 1518 2978 ejus
1527 2905 1722 2962 aritultimum
1731 2903 1856 2979 lignum.

128 2994 388 3067 intrangniPortn
404 3009 547 3065 equorum
557 2992 853 3064 significatvitiorum
867 2991 963 3046 reire-
1056 2996 1133 3052 Sane
1150 2996 1318 3068 quicunque
1333 2997 1370 3051 ab
1386 2996 1467 3051 initio
1483 3010 1564 3050 mure
1580 2995 1741 3067 praesentis
1751 2995 1856 3050 seculi

128 3084 287 3139 nationem·
317 3083 372 3147 Qui
395 3097 447 3152 per
472 3081 547 3135 hanc
575 3081 793 3153 ingrediuntur,
824 3081 964 3135 cohibent
1022 3083 1857 3157 salubritertransfretaverunt,quicunquapericuleejus

127 3172 213 3228 lreno
234 3169 437 3242 temperantiae
456 3171 596 3239 impetum
613 3170 675 3238 irae,
697 3168 961 3239 hiatumavaritiaa,
1021 3177 1190 3244 evaserunt,
1214 3175 1383 3246 quicunque
1402 3176 1438 3229 nd
1455 3176 1572 3245 portum
1591 3172 1696 3228 salutis
1709 3187 1857 3244 pervene-

127 3261 319 3317 vorueilatem
334 3258 424 3330 gulae,
442 3259 554 3312 ssuxum
569 3257 962 3329 luxuriae.P01·tajudioialis
1021 3267 1098 3333 runt,
1117 3279 1220 3319 omnes
1230 3264 1299 3318 navi
1308 3264 1375 3318 fidei
1387 3263 1612 3335 navigaverunt,
1625 3263 1653 3316 al
1661 3263 1855 3318 transierunt.

128 3349 279 3420 signifieat
289 3347 509 3402 discretionem.
522 3347 579 3401 Pcr
594 3347 731 3418 huncqui
744 3346 961 3418 ingrediuntur,
1056 3354 1127 3408 Fide
1143 3354 1302 3425 gratiorem
1317 3351 1446 3407 hostiam
1461 3351 1537 3405 Abel
1552 3350 1658 3406 obtulit
1679 3350 1742 3406 Deo
1767 3367 1856 3422 quarn

128 3438 302 3492 discernunt
315 3437 392 3489 inter
411 3439 546 3490 sanctum
562 3439 589 3490 et
605 3437 771 3506 profanum,
782 3435 922 3489 muudum
934 3438 963 3488 et
1020 3441 1102 3511 Cain,
1118 3457 1171 3512 per
1187 3458 1275 3513 quam
1295 3439 1497 3496 testimonium
1519 3440 1700 3495 consecutus
1723 3441 1856 3495 estesse

126 3524 319 3595 immundum,
345 3539 448 3579 verum
470 3527 498 3579 ct
520 3524 637 3593 fulsum,
662 3525 773 3578 bonum
799 3526 827 3578 et
843 3524 960 3594 malum,
1017 3530 1131 3603 justus,
1147 3533 1176 3585 et
1189 3547 1243 3600 per
1254 3530 1334 3584 illam
1348 3529 1506 3585 defunctus
1521 3528 1618 3583 adhue
1628 3527 1770 3600 loquitur.
1784 3528 1856 3584 Fide
1883 3560 1888 3567 -

123 3611 270 3685 justitium
285 3617 313 3667 et
328 3613 454 3685 culpem,
470 3614 626 3668 veritatem
641 3615 669 3667 et
684 3613 881 3681 mendacium,
902 3612 958 3667 ho·
1020 3619 1145 3675 Henooh
1159 3620 1268 3689 placuit
1290 3618 1362 3689 Deo,
1383 3621 1411 3673 el
1435 3618 1597 3673 translatus
1612 3619 1669 3673 est.
1694 3616 1769 3673 Fide
1789 3615 1854 3674 Νοθ

127 3706 245 3757 nestum
256 3705 284 3757 et
295 3703 494 3758 inhonestum.
509 3702 603 3756 llabet
611 3702 709 3772 itaque
720 3705 822 3756 sancta
829 3701 964 3756 Ecclesia
1019 3708 1128 3779 aptavit
1143 3723 1242 3765 aream
1258 3706 1427 3761 insolutam
1443 3707 1549 3761 domus
1564 3721 1638 3761 suae.
1655 3704 1729 3777 Fide
1740 3707 1792 3779 qui
1806 3722 1856 3762 vo·

127 3808 244 3847 murum
255 3793 637 3862 permunimemvirtulum,
649 3793 746 3846 turres
757 3790 893 3861 per,i1108
914 3790 964 3861 qui
1020 3800 1104 3852 catus
1121 3799 1167 3852 est
1182 3796 1330 3850 Abraham
1347 3795 1477 3849 obedivit
1500 3795 1581 3849 exire
1595 3795 1627 3848 in
1648 3794 1750 3851 locum
1768 3811 1856 3868 quem

128 3879 965 3952 suntincontemplationesublimeS,diversaaedillciaper
1020 3890 1197 3957 accepturus
1209 3887 1280 3939 erat.
1292 3884 1362 3939 Fide
1373 3883 1445 3938 Sara
1462 3883 1574 3939 sterilis
1585 3883 1699 3954 aceepit
1717 3884 1855 3938 virtutem

127 3970 333 4025 dlvel‘ssflbene
345 3971 506 4024 vivenllum
516 3970 628 4035 merila,
645 3974 748 4040 portas
764 3969 901 4024 diversas
911 3983 965 4038 1³0¹*
1020 3970 1852 4045 conceptionisrtdelsaacsingulosfiliorumbenadtxit.

128 4057 265 4112 diversas
276 4058 519 4130 gratiaecoelestis
531 4058 852 4127 operationes,portam
859 4057 962 4128 gregis
1020 4064 1091 4119 Fide
1106 4063 1218 4135 ,ipseph
1235 4062 1366 4117 moriens
1382 4062 1418 4116 de
1432 4060 1606 4116 reversione
1621 4061 1651 4116 in
1662 4064 1773 4117 terram
1782 4076 1854 4131 pro·

128 4161 182 4218 Del
195 4147 403 4216 5¹1¹10⁰0¹1fil1m2
413 4149 527 4215 portum
541 4146 668 4214 Pisssium
682 4160 736 4215 per
750 4144 961 4214 Ρωῦὶῑθῦῖῑθῐῃ,
1019 4152 1173 4208 missionis
1185 4150 1413 4207 liliorumlsreel
1424 4152 1605 4205 memoratus
1614 4152 1670 4218 est,
1687 4152 1718 4204 el
1727 4148 1854 4204 decasi-

106 4255 110 4264 ·
128 4236 242 4305 portum
258 4237 389 4289 veterem
403 4249 457 4303 per
471 4234 652 4304 charitalem,
669 4235 784 4304 portam
807 4232 894 4287 vallis
909 4248 963 4303 pel*
1018 4241 1077 4297 bus
1092 4242 1157 4296 suis
1173 4240 1243 4296 illuc
1258 4239 1448 4311 asportandis
1467 4239 1626 4293 mandevit.
1644 4237 1717 4293 Fide
1734 4237 1854 4308 Moyses

129 4322 331 4393 humilitatam,
343 4325 457 4393 portam
469 4321 611 4377 stercoris
623 4321 964 4392 perexeommunicatio-
1021 4334 1107 4385 natus
1124 4329 1290 4385 occultatus
1299 4330 1355 4383 est.
1367 4327 1439 4383 Fide
1450 4343 1484 4382 se
1503 4327 1593 4382 illium
1604 4325 1672 4382 filiae
1689 4325 1854 4382 Pharaonis

128 4427 207 4482 nem,
218 4417 331 4484 portam
347 4411 499 4482 tantisper
513 4411 610 4480 fidem,
621 4409 743 4482 {portam
758 4426 901 4482 aquarum
911 4426 1005 4510 rerD
1021 4417 1238 4490 negauerim
1260 4417 1375 4471 Pascha
1399 4414 1570 4471 celebravit.
1597 4414 1666 4470 Fida
1689 4415 1744 4470 tilii
1764 4413 1855 4471 lsrael

130 4501 396 4572 compunctionem,
414 4504 528 4571 portam
544 4515 688 4571 equorum
704 4499 903 4570 perviliorum
914 4514 964 4553 re-

129 4591 335 4661 frenationem,
353 4593 468 4660 portam
480 4589 653 4661 judicialem
670 4605 722 4659 per
741 4588 961 4643 discretionem.

130 4681 213 4736 Beati
223 4681 273 4752 qui
283 4679 491 4751 ingrediuntur
500 4678 759 4749 perportasislas.
775 4676 962 4746 Studeamus,

131 4769 239 4823 fratres
255 4770 434 4835 charissimi,
453 4768 624 4822 studeamus
641 4769 698 4821 tam
711 4766 851 4838 gloriosae
868 4766 966 4820 civila-

130 4857 170 4911 lis
187 4858 268 4912 cives
284 4874 364 4927 osso,
381 4859 409 4911 et
423 4857 453 4911 in
469 4857 534 4927 ipsa
550 4856 674 4911 Domino
686 4856 746 4910 Deo
758 4857 860 4910 nostro
877 4854 967 4908 sueri-

131 4946 232 4998 ssrium
247 4945 344 4999 landis
358 4945 521 5015 immolare,
549 4943 708 5001 ollcrcnles
731 4945 775 4998 illi
795 4943 904 4998 vitulos
920 4943 965 4997 la-

130 5033 248 5088 biorum
263 5037 442 5104 nostrorum,
465 5035 515 5105 qui
530 5035 602 5089 vivit
618 5037 646 5089 el
662 5036 766 5105 regnat
788 5049 842 5103 per
866 5033 964 5087 omnia

132 5124 244 5179 saecula
260 5124 449 5179 serculorum.
467 5126 571 5178 Amen.

448 5248 578 5303 senato
598 5248 647 5303 lV.

322 5373 356 5428 In
371 5374 530 5429 nativitate
546 5371 641 5426 beatas
656 5371 773 5427 Mariae.

168 5501 241 5570 Ave,
254 5495 345 5554 maris
354 5497 450 5553 stella.
466 5496 606 5550 Praesens
617 5493 964 5565 saeculumlratrescha·

132 5589 255 5658 rissimi,
272 5603 352 5642 mare
368 5588 423 5641 est.
435 5585 480 5639 hd
499 5582 721 5640 similitudinem
736 5599 862 5654 namque
873 5584 964 5638 muris

133 5676 214 5754 latet,
240 5679 341 5754 tumet,
370 5675 480 5730 falsum
504 5675 559 5750 est,
576 5677 605 5729 et
629 5672 779 5731 instabile.
802 5672 885 5729 Fetet
912 5689 965 5750 per

1021 4523 1102 4562 mare
1115 4506 1250 4561 Rubrum
1259 4505 1450 4560 transierunt.
1473 4503 1544 4559 Fide
1563 4505 1639 4560 muri
1651 4503 1773 4560 iericho
1789 4519 1855 4559 eor·

1021 4598 1153 4651 ruerunt.
1167 4595 1203 4649 Et
1211 4595 1281 4667 quid
1291 4593 1388 4650 adhuc
1398 4594 1515 4649 dicam?
1529 4590 1652 4647 Dellciat
1666 4592 1747 4649 anim
1764 4591 1853 4650 meri-

1021 4685 1086 4740 dies
1102 4688 1270 4739 narrantem
1286 4685 1321 4739 de
1337 4684 1450 4738 sanctis
1465 4680 1606 4754 antiquiS,
1630 4681 1682 4754 qui
1696 4696 1753 4753 per
1767 4681 1854 4738 fidem

1020 4774 1156 4829 vicerunt
1172 4789 1274 4846 regna,
1292 4773 1404 4843 operati
1418 4774 1489 4827 sunl
1499 4771 1657 4843 justitium,
1672 4770 1771 4843 adepti
1786 4772 1854 4827 sunt

1019 4863 1282 4936 repromissiones.
1292 4861 1422 4926 Quorum
1433 4859 1482 4916 alii
1498 4860 1711 4915 obturaverunt
1726 4875 1778 4916 ora
1791 4860 1852 4915 leo·

1020 4969 1090 5008 num
1102 4955 1133 5006 ut
1144 4951 1255 5006 Daniel.
1275 4949 1330 5005 hlii
1344 4950 1552 5004 exstinxerunt
1568 4949 1710 5019 impetum
1725 4948 1807 5022 ignis
1821 4950 1850 5010 ut

1020 5045 1083 5097 tres
1097 5042 1202 5113 pueri,
1227 5038 1440 5094 convaluerunt
1463 5037 1498 5092 de
1522 5037 1700 5106 infirmitate,
1728 5040 1761 5093 ut
1785 5036 1850 5106 tob,

1020 5130 1165 5185 Ezechias
1175 5145 1182 5200 3
1194 5128 1287 5183 sortes
1298 5126 1367 5182 lacti
1376 5128 1445 5182 sunt
1459 5126 1490 5181 in
1500 5126 1589 5196 bello,
1603 5129 1635 5182 ut
1644 5126 1749 5196 laeuo,
1761 5125 1852 5182 tudae

1020 5219 1227 5288 Machaboeus3
1244 5218 1422 5287 acceperunt
1436 5214 1577 5271 mulieres
1588 5215 1624 5271 da
1633 5215 1852 5272 resurrectione

1020 5310 1154 5365 mortuos
1170 5323 1254 5376 suos,
1269 5309 1301 5361 ut
1318 5320 1372 5376 per
1387 5304 1491 5375 Elium,
1509 5306 1537 5359 et
1552 5319 1606 5375 per
1626 5303 1771 5359 Eliseum.
1799 5301 1852 5358 Alii

1021 5400 1141 5455 distenti
1156 5399 1236 5467 sunt,
1253 5411 1312 5451 non
1326 5395 1527 5465 suscipientes
1552 5396 1679 5449 amorte
1701 5390 1853 5465 temporali

1021 5505 1075 5560 per
1085 5485 1357 5559 transgressionem
1364 5482 1441 5556 legis
1452 5483 1696 5554 redemptionem,
1704 5482 1784 5538 sicut
1793 5496 1855 5552 sep·

1019 5579 1193 5635 tamiratres
1205 5575 1255 5649 qui
1266 5576 1296 5630 in
1306 5572 1632 5630 librollleohabaeorum
1646 5571 1733 5643 passi
1751 5571 1854 5644 legun·

1020 5672 1077 5725 tur.
1101 5666 1159 5723 Alii
1186 5663 1307 5738 lapidati
1330 5665 1401 5720 eunt
1428 5665 1461 5719 ut
1484 5660 1630 5720 ieremias
1654 5660 1685 5717 in
1708 5660 1852 5737 AEgppto,
