3796 6022
42 331 188 422 ,oen

511 338 731 400 APPENDIX
753 338 810 399 AD
833 336 1024 400 HUGONIS
1049 334 1191 400 OPERA
1212 332 1480 401 boemanos.

1796 338 1853 403 668

128 535 262 606 projecta
274 552 360 590 versa
372 537 455 590 estin
467 540 645 607 serpentem,
661 537 748 608 cujus
761 538 883 592 caudam
893 538 962 592 dum
978 519 1004 580 Α
1021 539 1111 610 igitur
1125 539 1213 592 triam
1229 539 1357 608 dierum,
1374 543 1404 594 ut
1418 555 1515 610 neque
1532 538 1722 610 cogitatione,
1740 555 1796 594 uec
1810 540 1850 594 lo-

131 625 460 694 ltloyscsapprebemlit,
474 626 961 696 invirgamscrpcnsrcdiitlbirod.

131 712 182 781 iv).
202 712 291 782 l'irga
305 728 401 783 genus
414 717 459 767 est
470 715 630 768 luunanum
643 731 648 768 :
666 717 743 786 quod
755 718 891 769 eratante
901 731 966 785 pce·

134 804 230 853 catum
244 802 330 870 quasi
346 803 428 873 virga
446 804 660 873 propterbonae
672 804 846 859 voluntatis:
865 809 967 874 elope-

132 888 175 942 ris
188 890 401 959 rectitudinem,
419 892 454 945 de
467 909 525 962 quo
537 894 658 947 dicitur:
675 894 838 947 lledemistr
852 895 965 964 virgam

132 976 393 1041 lroe1·editatistua·,
406 985 460 1033 ete.
470 981 564 1042 (Psal.
577 989 688 1051 anxir).
701 982 967 1036 Hoeseratinmanu

132 1065 239 1135 Moysi,
256 1067 283 1119 id
301 1071 346 1120 est
362 1068 391 1120 in
405 1069 513 1122 Cbristi
530 1086 617 1123 marm
633 1075 698 1124 ante
715 1075 866 1140 peccatum
882 1072 967 1142 virga

132 1159 253 1224 propter
276 1157 480 1211 rectitudinem
506 1159 535 1211 iu
564 1159 667 1228 primis
692 1160 872 1228 parentibus
899 1161 968 1213 llox

134 1245 231 1296 autem
247 1248 367 1313 prepter
382 1251 500 1315 peccata
517 1247 611 1317 ejecta
632 1248 667 1302 de
685 1266 771 1302 manu
789 1249 839 1302 [lei
855 1249 885 1301 in
901 1265 967 1302 scr-

133 1333 250 1400 pentcm
266 1335 398 1402 vertitur,
416 1336 484 1406 qnia
501 1353 596 1406 genus
608 1337 766 1390 lmrnauum
778 1342 847 1391 tune
858 1342 886 1392 et
896 1354 969 1392 mor·

132 1419 190 1474 tale
207 1437 259 1489 per
274 1423 405 1476 uotiuum
421 1428 449 1477 et
465 1428 628 1478 tortuosum
645 1426 752 1479 lactum
764 1431 810 1480 est
821 1443 873 1496 per
884 1427 968 1480 mali-

1021 629 1152 696 cutione,
1181 644 1234 682 nec
1261 628 1430 698 operatione
1460 627 1651 682 criminaliter
1680 643 1849 699 peccemus,

1020 716 1207 788 egrediamur
1235 733 1300 770 eum
1324 717 1472 770 Alualram
1501 717 1555 770 has
1580 719 1640 770 tres
1667 717 1849 786 intensiones,

1020 805 1098 875 quod
1114 806 1266 858 videarnus
1282 805 1478 859 Salomonem.
1497 806 1589 859 aliter
1613 820 1672 859 non
1694 806 1848 860 videretur.

1021 893 1140 963 Triplex
1156 897 1251 947 antem
1266 897 1310 948 est
1326 893 1392 963 ejus
1405 895 1479 948 visio
1491 894 1525 947 ad
1536 894 1769 964 quamatriplici
1779 911 1850 964 prae-

1021 982 1097 1036 diota
1112 983 1226 1036 visione
1241 985 1420 1052 pervenitur,
1443 984 1535 1053 prima
1551 984 1580 1036 iu
1597 983 1654 1037 boc
1671 983 1790 1052 exsilio,
1806 999 1849 1038 se·

1021 1071 1117 1124 cunda
1131 1073 1160 1123 in
1174 1071 1297 1142 judicio,
1314 1071 1399 1124 tertia
1414 1071 1444 1124 in
1455 1087 1559 1142 regno.
1574 1071 1614 1124 De
1623 1071 1717 1140 prima
1731 1070 1848 1125 dieitur:
1895 1128 1897 1141 Ι

1025 1159 1097 1224 Quin
1112 1160 1216 1213 vidisti
1225 1175 1279 1223 me,
1297 1159 1412 1224 Tboma,
1425 1159 1585 1212 credidisti
1593 1158 1688 1228 (dean.
1700 1159 1852 1229 xxt3dese·
1895 1152 1897 1157 ’

1022 1248 1136 1302 cunda:
1160 1248 1277 1302 Videbit
1294 1249 1388 1301 omnis
1403 1264 1472 1301 earo
1487 1247 1619 1301 salutare
1637 1247 1694 1300 lter·
1710 1247 1792 1315 (Luc.
1805 1257 1851 1316 m),

1022 1337 1064 1390 lte
1080 1337 1182 1391 tertia:
1212 1336 1341 1390 'l'ollatur
1360 1337 1467 1407 impius
1487 1351 1523 1390 ne
1549 1335 1646 1389 videat
1662 1335 1789 1406 pieriam
1803 1335 1853 1389 Dei

1022 1425 1092 1493 (Isa.
1105 1425 1197 1492 xxvi).
1212 1424 1680 1494 lnprimaapparuitmansuetae,
1690 1424 1719 1477 iu
1730 1423 1852 1478 secunda

134 1507 214 1561 tiam.
232 1508 289 1563 Sed
307 1512 374 1580 quia
390 1513 419 1565 in
440 1514 614 1567 novissimis
634 1515 739 1569 diebus
763 1516 798 1568 ad
823 1517 970 1569 immorta-
1019 1512 1122 1584 ,justus
1131 1512 1234 1584 judex.
1246 1513 1345 1566 liade:
1362 1512 1852 1584 Cumacceperotempuscpojusti·

134 1596 244 1650 litatem
260 1603 285 1652 et
303 1599 461 1654 bonitatam
477 1618 530 1671 per
545 1604 668 1673 gratiam
684 1605 784 1672 rediit,
810 1605 895 1674 quasi
916 1621 969 1674 ap·
1025 1600 1854 1673 tiasjudicabo(l'sal.cxxiv).lntertiagloriesusquiaglo·

136 1685 284 1754 prehensa
311 1690 402 1742 cautla
427 1690 456 1743 in
478 1691 630 1760 pristinam
656 1693 859 1747 rectitudinem
884 1693 968 1764 virga
1025 1691 1068 1744 ria
1079 1693 1107 1744 et
1118 1691 1230 1744 honore
1242 1691 1394 1743 coronavit
1405 1706 1471 1743 erim
1484 1688 1731 1757 DominustPsal.
1744 1689 1814 1755 vini.
1826 1690 1853 1742 In

135 1776 325 1830 convertitur.
352 1778 395 1831 Ex
421 1778 511 1849 liujus
537 1781 650 1835 colubri
676 1782 790 1847 radice,
817 1782 909 1836 idest
931 1799 968 1836 ex
1026 1779 1249 1849 primavisione
1265 1779 1438 1831 illuminavit
1454 1778 1612 1845 caeeos3in
1628 1776 1853 1831 secundavoluit

135 1863 279 1932 principio
292 1867 411 1935 generis
426 1867 545 1921 bumani
561 1870 711 1940 egreditur
727 1871 859 1941 regulus,
877 1871 905 1924 id
924 1873 969 1925 est
985 1837 1011 1898 Β
1026 1868 1143 1923 solvere
1153 1868 1345 1937 compeditos3
1358 1867 1387 1920 in
1396 1867 1479 1920 tertia
1489 1865 1589 1936 dirigit
1595 1865 1706 1936 justos,
1719 1865 1750 1918 ln
1760 1865 1853 1919 biecst

137 1950 284 2020 Christus,
303 1955 369 2024 quin
386 1955 522 2011 Christus
538 1959 614 2012 iuter
624 1960 763 2013 mortales
779 1961 817 2013 ita
834 1960 971 2030 superior
1025 1956 1172 2025 ornabitis,
1182 1956 1334 2024 terribiliS,
1344 1954 1642 2008 admirabilisl‘rima
1653 1953 1732 2007 visio
1742 1956 1855 2025 generat

137 2039 192 2094 init
205 2042 283 2095 sicut
300 2044 421 2113 regulus
437 2053 489 2100 rex
501 2052 671 2116 serpentum
687 2049 802 2117 dicitur,
821 2049 908 2121 cujus
925 2064 972 2102 se·
1025 2042 1510 2115 spem,nedejieiamuradvorsis3
1521 2041 1662 2110 secunda,
1673 2043 1854 2111 timorem,uo

136 2144 214 2198 men,
232 2130 261 2183 in
277 2136 322 2184 est
337 2135 473 2202 apostoli,
490 2137 629 2190 absorbet
638 2138 788 2191 volucrem
804 2138 832 2191 id
849 2142 894 2191 est
909 2138 972 2191 dia-
1026 2135 1176 2205 erigamur
1186 2132 1356 2203 prosperis,
1369 2131 1463 2200 tertia,
1477 2131 1657 2199 charitatem,
1671 2130 1855 2185 utvideamus

137 2216 248 2272 bolum.
261 2219 301 2274 Dc
314 2221 562 2278 istisvolueribus
574 2226 680 2279 dicitur
691 2242 696 2279 :
708 2227 748 2279 Et
760 2226 894 2280 volucres
906 2226 973 2280 eceli
1026 2222 1104 2276 faeie
1122 2221 1160 2275 ad
1174 2221 1280 2275 taciem
1296 2221 1322 2290 (l
1338 2220 1404 2275 Cor.
1423 2219 1495 2287 xm).
1518 2220 1548 2272 ln
1565 2220 1658 2289 prima
1678 2219 1793 2273 visione
1810 2219 1855 2273 luit

138 2308 329 2364 comederunt
345 2310 418 2365 illud
433 2313 504 2381 (Iure
516 2317 586 2381 vrri).
597 2314 801 2368 Coniundatm·
811 2331 883 2385 ergo
900 2321 928 2368 ct
942 2315 974 2368 ti·
1027 2315 1177 2365 corrector
1192 2325 1321 2376 morum;
1337 2310 1365 2362 in
1382 2309 1512 2362 secunda
1524 2308 1578 2361 erit
1590 2308 1738 2361 discretor
1749 2309 1856 2361 merito·

138 2399 216 2448 meat
231 2396 366 2452 diabolus
376 2415 388 2464 ,¹
408 2402 476 2470 aaa
492 2418 594 2455 sennen
610 2400 719 2473 reguli,
742 2403 769 2456 id
787 2407 831 2456 est
846 2403 972 2472 apostoli
1025 2415 1106 2467 rum,
1118 2399 1252 2465 interlin,
1264 2399 1385 2469 largitor
1397 2397 1594 2467 praemiorum.
1612 2396 1855 2449 Secundumistas

137 2482 258 2553 Christi,
271 2486 412 2542 absorbet
422 2491 581 2555 volucrem,
595 2491 622 2543 id
635 2491 834 2544 estdiabolmn
847 2491 875 2544 iu
887 2508 973 2545 mom·
1024 2490 1086 2542 tres
1102 2488 1245 2555 visioneS,
1263 2488 1318 2539 tria
1339 2486 1396 2555 ipsi
1417 2485 1596 2539 conveniunt
1614 2485 1751 2538 nomina:
1776 2483 1854 2538 Salo-

138 2570 202 2626 bris
214 2574 371 2629 dominicis
387 2577 555 2646 dissipabit,
575 2579 697 2632 Domino
714 2581 739 2632 ei
756 2580 887 2634 dicente:
905 2581 972 2634 dla-
1025 2591 1108 2644 mon,
1129 2575 1340 2644 Ecclesiastcs,
1358 2575 1449 2628 idida.
1467 2573 1606 2628 Salomon
1626 2572 1770 2643 paciticus
1785 2571 1856 2643 quod

138 2666 185 2714 eta
202 2669 231 2715 et
246 2665 387 2718 ruamluea
398 2667 476 2732 (let.
489 2667 528 2725 xl.
545 2667 772 2721 Gaudeathomo
787 2669 854 2738 quia
871 2670 973 2721 obste-
1026 2680 1095 2718 vere
1112 2664 1166 2717 tuit
1180 2664 1209 2717 in
1224 2665 1328 2733 prima.
1347 2663 1546 2717 Ecclesiastes
1564 2661 1763 2730 concionator,
1784 2659 1856 2732 quod

138 2749 262 2804 tricante
279 2768 365 2805 nnana
382 2753 511 2821 Domini,
533 2754 560 2806 id
585 2757 631 2808 est
652 2756 785 2809 medente
807 2756 881 2811 Filio
902 2757 972 2825 Dei,
1026 2753 1121 2807 eritin
1137 2753 1277 2821 secunda,
1290 2753 1407 2822 quando
1418 2750 1573 2805 advocabit
1584 2750 1690 2804 coelum
1703 2751 1856 2804 desursum

140 2837 266 2894 eductus
281 2844 327 2895 est
344 2841 511 2895 colubcrdc
528 2859 664 2912 caverna,
682 2845 709 2898 id
725 2849 771 2898 est
786 2845 922 2899 diabolus
938 2846 973 2900 dc
1026 2844 1055 2895 ct
1069 2844 1186 2909 terram,
1204 2841 1336 2895 dicturus
1352 2840 1456 2893 malis:
1475 2838 1528 2901 Ite,
1546 2837 1698 2892 maledieti
1713 2838 1745 2890 in
1761 2839 1854 2909 iguem

140 2926 281 2981 cordibus
291 2928 453 2998 bominum,
471 2935 501 2983 ut
512 2932 697 2986 exsultantes
707 2933 742 2986 de
754 2934 800 2987 sui
812 2935 971 3003 ereptione,
1025 2929 1294 2997 aeternalitttanb.
1303 2931 1384 2997 xxv),
1393 2928 1495 2981 bonis:
1511 2925 1624 2995 Venite,
1633 2926 1794 2990 benedieti,
1803 2926 1854 2978 etc.

140 3029 254 3086 suoque
270 3016 399 3071 vincenti
410 3019 589 3073 consolatori
601 3022 711 3091 gratias
723 3025 846 3094 agentes
857 3022 971 3076 dicant:
1027 3017 1136 3087 (ibid).
1153 3017 1248 3086 ldida,
1264 3018 1291 3070 il
1310 3022 1353 3071 cst
1371 3016 1498 3070 dilectus
1513 3015 1648 3082 Domini,
1670 3014 1748 3085 quod
1764 3014 1817 3068 erit
1830 3013 1857 3066 in

137 3102 218 3157 Ecce
238 3105 306 3157 vicit
322 3106 381 3159 Leo
395 3107 431 3159 do
449 3107 529 3161 triba
544 3109 618 3163 ,Inita
634 3110 735 3180 (apoc,
754 3110 795 3180 v.)
988 3107 1110 3203 Ctertia
1126 3108 1241 3160 visione
1258 3107 1286 3159 in
1302 3106 1393 3175 patria
1408 3104 1526 3176 quando
1541 3104 1596 3157 erit
1610 3102 1749 3156 omnibus
1765 3102 1857 3156 onmia

184 3193 246 3245 Trr.
269 3193 374 3247 XLIX.
396 3195 440 3248 lte
456 3197 554 3251 tribus
569 3200 773 3254 rnansionibns
788 3201 926 3272 AEpppti.
1026 3193 1100 3265 (Col.
1124 3196 1176 3248 ml.
1205 3196 1235 3248 ln
1261 3195 1352 3264 prima
1376 3194 1492 3247 visione
1512 3192 1648 3245 viderunt
1665 3208 1732 3245 cum
1749 3191 1857 3245 boniet

160 3281 361 3352 Egredirniui,
370 3283 528 3354 libarSion,
538 3293 565 3340 ct
577 3288 782 3360 videtercpcm
790 3288 974 3343 Salomonem
1027 3283 1104 3352 mali,
1116 3285 1167 3336 scd
1180 3300 1237 3336 non
1250 3299 1363 3337 omnes.
1375 3283 1406 3335 ln
1419 3298 1511 3335 sccuu
1524 3283 1550 3333 ta
1561 3280 1702 3334 videbunt
1714 3296 1779 3333 eum
1792 3280 1856 3346 boni

137 3368 633 3443 indiadematequoeoronariteum
646 3384 799 3431 matersna
811 3376 909 3444 (Cant.
922 3376 973 3447 m).
1027 3375 1055 3426 et
1070 3373 1148 3437 mali,
1165 3376 1192 3425 ct
1207 3387 1321 3424 orunes
1339 3372 1368 3423 ln
1384 3370 1467 3425 tertia
1484 3383 1586 3422 omnes
1601 3367 1672 3421 boni
1689 3372 1716 3421 et
1732 3368 1799 3422 soli·
1818 3365 1856 3419 dd

140 3456 251 3510 Volens
266 3457 416 3529 Scriptura
432 3461 564 3517 inlirmas
580 3470 704 3531 mentae,
722 3482 796 3535 quas
813 3467 842 3518 in
854 3466 976 3519 carnali·
1026 3460 1405 3531 primamautemvisionem
1415 3459 1443 3512 in
1455 3457 1856 3528 quamansuetusexspectat,

138 3544 196 3597 bus
212 3545 369 3602 desideriis
382 3549 484 3620 jacere
500 3551 626 3621 dolebat,
644 3557 674 3606 ut
688 3569 754 3623 quae
770 3555 804 3606 ad
822 3555 913 3608 Deum
928 3554 974 3606 vi-
1026 3552 1184 3618 peccantes
1207 3548 1356 3617 Scriptura
1383 3548 1499 3613 invitat,
1524 3546 1643 3600 dicens:
1661 3543 1857 3616 Egredimini,

91 3631 94 3636 ’
140 3631 267 3687 dendnm
283 3638 408 3692 conditae
425 3641 551 3709 lucrant,
567 3641 603 3694 ad
616 3642 761 3696 visionem
773 3643 835 3696 veri
846 3642 976 3697 Salomo·
1027 3643 1055 3691 et
1075 3638 1172 3691 videto
1186 3653 1288 3707 repam
1298 3636 1481 3689 Salomonem
1492 3636 1575 3705 pacis
1587 3637 1736 3704 praecepta
1750 3634 1858 3687 dictan-

139 3722 191 3777 ιιίεΙ
202 3739 353 3793 revocare,
370 3728 427 3781 ait:
445 3729 645 3800 Egredimini.
658 3730 973 3801 Egrediminiitnquea
1027 3730 1085 3780 tem
1100 3730 1130 3779 ut
1146 3725 1284 3779 unitatem
1299 3725 1422 3795 spiritus
1439 3724 1567 3778 servetis
1589 3723 1616 3775 in
1634 3720 1753 3775 vinculo
1770 3721 1857 3792 pacis.

139 3810 233 3866 fetore
249 3815 368 3884 stabuli,
384 3817 418 3868 ad
436 3817 555 3871 odorem
573 3818 700 3883 thalami,
717 3836 732 3872 a
748 3819 972 3890 caepisrldgppti
1026 3814 1129 3869 Videte
1146 3814 1211 3867 dico
1224 3830 1282 3867 non
1294 3814 1389 3884 inquo
1407 3812 1560 3866 coronavit
1571 3827 1637 3865 eum
1650 3826 1790 3879 noverca,
1809 3808 1859 3862 sed

138 3901 175 3953 ad
191 3918 296 3955 manna
312 3904 438 3973 deserti,
461 3922 476 3959 u
498 3907 608 3975 tribuS,
634 3908 748 3961 scilieet
769 3908 973 3961 mansionibus
1025 3906 1119 3956 mater
1141 3919 1204 3956 sua.
1230 3902 1386 3956 eoronam
1401 3903 1479 3955 enim
1495 3916 1560 3954 eum
1576 3915 1719 3968 noverca,
1736 3900 1858 3969 pateret

139 3988 279 4059 AEgypti,
304 3991 339 4045 ad
363 3996 424 4046 tros
440 3995 574 4048 visiones
589 3995 755 4050 Salmonis
771 3997 875 4051 nostri,
899 3995 973 4049 Tros
1026 3995 1127 4046 mater.
1139 3991 1273 4045 Noverca
1285 3990 1453 4062 Synagoga,
1472 3992 1564 4042 mater
1575 3988 1678 4059 Virgo,
1698 3986 1857 4058 Paterejus

140 4076 218 4129 enim
235 4081 304 4131 sunt
320 4081 489 4136 mansiones
505 4084 628 4155 AEgypti
645 4101 651 4138 :
670 4085 815 4153 Exterior,
840 4085 972 4151 interior,
1026 4080 1116 4158 Deus.
1135 4079 1269 4133 Noverca
1287 4078 1439 4132 coronavit
1452 4093 1518 4132 eum
1535 4092 1644 4131 corona
1655 4076 1760 4146 spinea
1772 4079 1799 4130 et
1810 4074 1858 4127 mi·

141 4165 287 4234 superior.
314 4167 452 4223 Exterior
473 4173 587 4227 mansio
603 4174 692 4226 estin
709 4174 857 4228 desiderio
872 4189 974 4227 corum
1027 4169 1124 4237 seriae,
1142 4172 1233 4222 mater
1247 4184 1356 4222 corona
1369 4166 1503 4237 justitiae,
1521 4166 1608 4219 Pater
1623 4181 1733 4219 corona
1746 4164 1857 4236 glorie.

140 4267 207 4321 quae
222 4256 425 4328 mundisunt3
451 4259 582 4330 interior,
609 4263 638 4314 in
663 4262 855 4317 delectatione
872 4277 974 4316 eorum
1026 4257 1134 4327 Spinea
1157 4273 1264 4311 corona
1290 4256 1478 4310 materialiter
1496 4254 1599 4323 punxit
1628 4269 1695 4306 eum
1717 4253 1857 4320 exterius,

140 4356 206 4411 quae
222 4345 336 4413 carnis3
353 4349 499 4417 superior,
518 4349 546 4402 in
563 4350 647 4404 malis
664 4352 794 4422 gloriari.
813 4352 874 4404 Has
890 4367 973 4404 mau-
1028 4346 1219 4416 spiritualiter
1234 4346 1357 4399 interius
1378 4361 1434 4397 non
1451 4361 1477 4413 p.
1488 4367 1502 4396 a
1518 4343 1593 4406 suis,
1611 4342 1664 4396 sed
1680 4357 1734 4412 pro
1751 4340 1859 4396 nostris

140 4431 242 4486 aiones
252 4432 726 4507 desererepraecipiturAbrabam
737 4457 803 4494 cum
812 4440 837 4494 ei
849 4439 970 4493 dicitur:
988 4454 1015 4514 D
1029 4435 1214 4503 criminibus,
1225 4438 1254 4487 ut
1265 4450 1320 4487 nos
1330 4450 1381 4503 pro
1394 4433 1490 4502 spiis
1500 4432 1611 4486 nostris
1620 4431 1648 4484 ei
1658 4447 1716 4484 non
1726 4430 1861 4501 dedigne-

139 4519 201 4574 b'ri
215 4521 253 4575 de
268 4529 350 4578 terra
368 4530 424 4588 tua,
444 4526 507 4580 llaec
522 4528 683 4597 estprima3
701 4534 729 4582 et
741 4528 969 4600 dampnatione,

139 4607 204 4662 haec
220 4614 265 4664 est
281 4613 429 4682 secumla3
447 4619 476 4666 et
492 4616 528 4669 de
544 4616 627 4675 clorno
637 4616 736 4686 patris
751 4617 794 4670 tui
808 4616 895 4685 (Gen.
908 4618 972 4685 xri),

141 4698 206 4753 haec
221 4704 267 4754 est
282 4703 377 4755 tertia.
393 4703 514 4757 Terram
525 4705 651 4774 appellat
667 4706 868 4760 curiositatem
879 4710 974 4759 terre-

141 4803 257 4856 norum,
274 4791 480 4860 cognationem
491 4792 608 4847 aflinem
626 4795 724 4848 earnis
741 4793 974 4861 delectationem,

142 4874 261 4929 domum
276 4879 368 4945 patris
383 4879 418 4933 de
434 4880 519 4934 malis
531 4882 662 4953 gloriari,
679 4884 814 4953 exemplo
830 4883 910 4937 illius
926 4881 975 4953 qui

142 4962 334 5034 singulariter
342 4967 446 5022 volens
457 4969 579 5040 gloriari
590 4971 663 5025 dixit
675 4988 680 5026 :
694 4971 813 5026 Sedabo
824 4978 853 5026 te
862 4971 892 5024 in
901 4987 978 5024 mon·

143 5055 173 5105 te
190 5055 361 5108 testamenti
375 5055 444 5125 (Isa.
464 5059 534 5127 xiv).
552 5059 606 5113 llic
617 5060 724 5115 dicitur
737 5065 820 5131 pater
834 5059 977 5113 malorum

143 5139 314 5197 imitatione.
332 5145 364 5199 ln
378 5146 470 5215 prima
480 5149 633 5203 mansione
650 5150 781 5204 habitant
795 5147 977 5219 quihonori-

143 5230 201 5286 bus
217 5236 245 5287 et
260 5232 370 5288 divitiis
387 5235 584 5291 delectantur:
603 5236 789 5305 insecenda,
809 5237 858 5307 qui
878 5235 977 5290 carnis

144 5319 301 5376 desideriis
318 5323 538 5393 obsequuntur-3
554 5325 583 5376 in
597 5325 697 5393 tertia,
721 5325 771 5395 qui
793 5325 828 5379 de
848 5325 977 5395 propriis

144 5410 229 5464 malis
240 5411 415 5480 superbiunt
430 5415 457 5464 et
472 5411 646 5482 gloriantur.
664 5413 735 5466 Haec
750 5416 819 5467 sunt
832 5414 886 5467 tria
903 5412 979 5466 mala

145 5500 676 5569 quaeenumeratloannesapostoluS,
685 5500 797 5555 dicens:
808 5500 980 5573 Onmequod

145 5593 191 5641 est
206 5587 237 5639 in
251 5588 366 5653 inundo,
385 5589 620 5659 eoncupiscentia
632 5589 733 5643 earnis
745 5596 831 5645 estet
847 5589 980 5661 concupi-

146 5675 260 5733 scentia
271 5675 418 5730 oculorum
429 5677 606 5749 etsnperbia
616 5678 684 5734 vitae
693 5677 722 5748 (t
730 5679 813 5734 doen.
823 5680 865 5749 u).
874 5678 980 5733 ttinere

1030 4541 1095 4578 arur
1120 4522 1289 4594 compungi.
1315 4523 1416 4576 ltlatris
1441 4536 1549 4575 corona
1574 4522 1700 4591 quatuor
1723 4516 1860 4589 pretiosis

1029 4612 1177 4682 lapidibus
1187 4628 1253 4665 eum
1263 4610 1387 4664 ornavit.
1406 4610 1456 4663 lsti
1468 4613 1534 4663 suut
1548 4607 1727 4678 principales
1739 4610 1861 4678 quatuor

1028 4701 1117 4755 animi
1132 4699 1313 4765 affectiones,
1331 4699 1482 4769 gaudium,
1499 4713 1591 4765 arnor,
1610 4696 1743 4762 tristitia,
1766 4696 1858 4750 timor.

1029 4789 1287 4857 lstaeatlectiones,
1299 4789 1375 4842 sieut
1385 4787 1568 4841 dicitbeatus
1579 4786 1777 4856 Augustinus,
1787 4783 1860 4838 ordi·

1028 4884 1103 4935 natae
1111 4879 1226 4950 justitia
1238 4881 1316 4943 sunt,
1331 4876 1503 4929 inordinatae
1516 4873 1671 4944 injustitia.
1682 4871 1756 4937 Quia
1767 4873 1858 4943 itaquo

1028 4969 1087 5023 sibi
1110 4968 1259 5022 ordinatas
1284 4981 1335 5020 eas
1360 4964 1498 5019 Salomon
1519 4965 1622 5017 noster
1643 4962 1809 5032 assumpsit
1828 4961 1859 5013 de

1029 5058 1161 5129 Virgine,
1178 5056 1242 5124 ipsa
1258 5053 1397 5124 praedicta
1413 5068 1522 5106 corona
1535 5050 1648 5119 ,iustitia
1660 5065 1726 5103 cum
1738 5065 1859 5104 eorona-

1028 5147 1079 5202 vit.
1096 5145 1134 5199 Ut
1149 5147 1244 5199 autem
1260 5142 1296 5196 ud
1312 5142 1472 5212 plenariam
1491 5139 1691 5211 cognitionem
1706 5139 1784 5192 tertii
1801 5138 1859 5192 din·

1029 5235 1164 5301 dematis,
1181 5247 1315 5304 quocum
1327 5231 1406 5284 Deus
1421 5229 1505 5283 Pater
1516 5227 1610 5300 gloria
1622 5231 1649 5280 et
1659 5227 1772 5281 honoro
1782 5242 1860 5281 coro-

1030 5327 1109 5378 navit
1123 5323 1278 5394 pervenire
1294 5319 1428 5390 possitis,
1446 5316 1621 5391 egredimini
1637 5331 1651 5369 a
1665 5316 1756 5384 vitiis,
1769 5315 1860 5369 videte

1030 5412 1087 5466 fide
1103 5415 1131 5467 et
1146 5415 1314 5481 operatione
1329 5413 1356 5462 at
1372 5408 1531 5462 imitatione
1547 5422 1613 5460 eum
1630 5408 1801 5459 coronatum
1817 5419 1860 5457 co·

1030 5516 1102 5555 rona
1125 5517 1182 5570 qua
1207 5499 1358 5554 coronavit
1382 5513 1448 5551 eum
1467 5500 1559 5550 mater
1575 5510 1643 5560 sua,
1668 5497 1699 5547 ut
1715 5495 1861 5548 ordinatas

1031 5588 1099 5660 ojus
1114 5588 1249 5657 exemplo
1264 5586 1422 5657 praedictas
1437 5585 1608 5640 affectiones
1630 5584 1783 5649 babeatis,
1801 5583 1861 5655 ipso

1031 5677 1201 5747 prestante.
1217 5674 1282 5745 Qui,
1298 5679 1354 5733 eto.
