3796 6022
501 250 722 317 apparunt
742 251 801 315 Ab
823 248 1014 317 HUGONIS
1036 247 1179 314 OPERA
1202 246 1467 314 becumen.
1788 243 1849 312 108

125 254 185 322 107

126 457 290 513 alienorum
300 456 427 527 piscium
437 453 600 509 adulterina
611 451 758 524 contagia,
771 451 848 506 sicut
858 465 891 506 ea
903 431 1007 505 ant-A
1020 467 1093 521 rem,
1110 455 1138 506 et
1153 450 1276 506 deducat
1289 453 1317 504 te
1333 450 1363 505 in
1378 449 1489 503 alienas
1505 449 1639 517 insidias,
1656 449 1706 519 qui
1720 451 1788 502 tuas
1803 448 1849 501 vi-

126 545 224 615 malia,
241 561 307 616 quae
324 547 440 613 coeunt,
457 546 489 597 ut
504 557 647 613 equorum
662 543 691 595 et
705 541 871 608 asinorum,
893 556 959 611 quae
1018 544 1073 609 tat,
1090 542 1262 611 priusquam
1283 542 1362 592 tuam
1381 541 1533 608 exspectat
1556 553 1732 604 aerumnam,
1755 537 1806 608 qui
1821 540 1849 590 te

126 634 203 690 inter
217 648 250 689 se
266 634 385 687 diversa
401 646 511 703 genera
524 646 629 702 magna
640 629 790 683 hominum
805 644 875 682 cura
890 643 959 697 per·
1016 632 1213 699 persequente
1229 629 1323 697 ipsam
1339 626 1556 681 reformidabat.

125 723 250 794 patrant,
261 722 308 775 vel
325 735 431 775 rursus
448 735 514 773 cum
525 719 593 789 equi
604 720 632 772 et
647 717 740 771 asinae
751 716 870 769 insimul
885 716 959 769 mis·
1051 717 1161 771 Scarus
1170 716 1288 787 quidam
1302 716 1395 785 piscis
1405 717 1555 783 dictus,eo
1564 715 1643 785 quod
1653 714 1738 768 solus
1748 728 1848 767 escam

126 814 239 879 eantur,
253 825 320 880 quae
331 811 401 862 sunt
410 823 480 861 vere
489 806 631 860 adulteria
639 807 761 859 naturae.
774 805 849 858 Nam
858 805 959 874 utique
1015 805 1163 859 ruminare
1179 804 1359 874 perhibetur,
1378 804 1404 856 si
1418 804 1537 873 quidem
1551 803 1600 856 alii
1610 803 1711 872 pisces
1728 817 1786 856 non
1803 817 1849 854 ru·

126 897 224 968 majus
236 899 282 950 est
293 896 435 967 flagitium
446 895 525 965 quod
535 894 565 947 in
576 898 688 947 naturae
699 892 864 947 colluvione
877 908 959 946 eom·
1015 894 1135 947 minant.
1159 893 1289 946 Tradunt
1314 896 1411 946 autem
1435 892 1513 945 hunc
1537 891 1726 962 ingeniosum
1750 906 1821 944 esse
1839 905 1845 953 ;

128 986 260 1053 mittitur,
282 982 467 1054 quamquod
482 983 512 1035 in
533 996 670 1051 personae
693 980 811 1051 injuria.
834 981 868 1033 Et
884 985 957 1048 tu,0
1014 997 1139 1052 nomque
1161 980 1307 1034 inclusum
1327 981 1442 1047 nassis,
1465 996 1524 1034 non
1546 980 1627 1033 illinc
1643 980 1736 1049 prima
1751 978 1847 1032 fronte

128 1073 226 1142 homo,
239 1072 295 1126 ista
306 1086 461 1141 procuras,
472 1070 619 1138 interpres
629 1067 958 1138 adulteriijumentalis‘?
1014 1085 1178 1139 erumpere,
1189 1069 1368 1122 necintestis
1378 1069 1538 1121 viminibus
1547 1072 1634 1137 caput
1643 1068 1786 1135 inserere,
1794 1065 1847 1121 sed

127 1160 164 1216 Et
179 1161 251 1215 illud
265 1159 371 1212 animal
391 1158 508 1212 caeteris
530 1158 680 1226 pretiosus
701 1160 797 1226 putas,
819 1156 897 1226 quod
912 1158 959 1209 est
1014 1158 1139 1227 crebris,
1157 1174 1235 1211 nuuc
1259 1158 1404 1225 dentium,
1429 1172 1506 1210 nuuc
1528 1156 1629 1210 eaudoe
1648 1156 1749 1209 laxare
1767 1155 1847 1209 tores

127 1248 334 1316 adulterinum,
347 1261 434 1316 quam
449 1246 527 1316 quod
537 1249 650 1299 naturae
661 1245 727 1316 lege
739 1245 889 1298 inventum
901 1247 956 1297 est.
1013 1247 1122 1301 ictibus
1143 1249 1230 1316 atque
1255 1247 1294 1298 ita
1317 1249 1481 1299 retrorsum
1506 1246 1617 1313 redire,
1644 1260 1731 1314 quem
1751 1244 1845 1296 lucta-

126 1336 194 1408 lpee
210 1351 321 1409 genera
340 1334 435 1388 aliena
458 1333 630 1401 contundis,
655 1333 831 1402 diversaque
847 1332 957 1384 misces
1012 1338 1074 1388 tum
1097 1335 1193 1404 ipsius
1218 1335 1244 1387 si
1270 1333 1344 1387 torte
1370 1334 1445 1387 alius
1471 1349 1577 1387 scarus
1599 1333 1712 1399 videat,
1741 1345 1847 1400 uppre-

126 1425 272 1493 animalia,
290 1428 318 1477 et
333 1423 369 1476 ad
384 1421 502 1476 vietitos
518 1421 613 1475 coitus
628 1420 800 1491 plerumque
817 1420 902 1489 cogis
917 1419 959 1471 in·
1014 1422 1107 1477 hensa
1135 1423 1286 1476 mordicus
1311 1423 1402 1476 cauda
1431 1421 1551 1492 adjuvat
1574 1422 1660 1475 nisus
1689 1434 1847 1489 erumpen-

126 1513 195 1583 vita,
211 1515 240 1568 et
255 1512 312 1567 hoc
328 1507 502 1565 industriam
512 1525 614 1578 vocas,
626 1508 762 1579 quiahoc
777 1508 813 1561 de
830 1507 958 1560 homini-
1013 1513 1061 1566 tis,

125 1601 184 1656 bus
199 1600 297 1655 tacere
308 1615 367 1654 non
378 1602 472 1669 potes,
485 1600 516 1651 ut
527 1597 645 1650 diversa
656 1596 776 1668 generis
793 1594 957 1649 commistio
1049 1599 1189 1653 Echineis
1201 1615 1311 1669 parvus
1323 1603 1350 1654 et
1362 1599 1552 1668 semipedalis
1563 1597 1727 1668 pisciculus
1740 1588 1845 1650 nomen

126 1688 219 1745 tetum
234 1689 330 1759 possit
344 1686 512 1742 excludere.
530 1685 621 1739 Tollis
642 1688 737 1737 lamen
753 1683 863 1737 homini
879 1683 957 1752 quod
1014 1690 1101 1743 habet
1111 1689 1189 1759 quod
1200 1703 1305 1741 navem
1320 1687 1498 1741 adhaerendo
1514 1690 1620 1752 teneat,
1633 1690 1661 1740 et
1672 1688 1844 1749 remoretur,

126 1781 214 1834 natus
229 1780 285 1847 est,
297 1779 325 1831 et
336 1777 432 1830 virum
442 1775 478 1829 de
490 1774 554 1828 viro
570 1775 667 1842 exule,
684 1773 880 1841 abscissaque
896 1787 958 1825 cor·
971 1744 999 1813 Β
1014 1794 1030 1832 a
1045 1778 1135 1832 verbo
1151 1776 1202 1849 ἔχω
1217 1776 1298 1844 echo,
1317 1776 1395 1847 quod
1411 1779 1457 1829 est
1472 1775 1574 1837 habea,
1592 1778 1639 1828 aut
1653 1772 1746 1844 ἔχομαι
1761 1771 1845 1826 cotto

125 1865 209 1938 poris
224 1868 306 1935 parte
317 1878 422 1918 sexum
433 1877 533 1930 necas,
546 1861 707 1932 spadonem
718 1859 824 1927 efficia,
837 1862 867 1913 ut
878 1860 957 1930 quod
1014 1883 1079 1929 moe,
1097 1866 1176 1937 quod
1191 1868 1237 1919 est
1253 1865 1362 1927 hou-00,
1381 1867 1409 1917 ot
1420 1865 1536 1917 nomino
1547 1867 1604 1921 ναῦς
1616 1878 1699 1934 noys,
1712 1860 1791 1932 qnod
1802 1863 1847 1913 est

126 1956 230 2009 nulum
249 1952 383 2024 negavit,
408 1950 559 2005 hominum
581 1949 698 2018 impleti
720 1948 850 2002 fludflssiss·
866 1946 958 2012 Quam
1015 1955 1111 2009 navia.
1129 1954 1203 2007 Nam
1218 1953 1286 2007 licet
1302 1957 1387 2007 ruant
1398 1952 1486 2017 venti,
1499 1952 1682 2021 seviuntque
1696 1948 1845 2019 procellae,

125 2041 205 2097 bona
224 2044 322 2095 autem
343 2043 436 2093 maier
460 2040 498 2092 Sil
519 2052 610 2108 aqua,
636 2037 705 2090 hinc
728 2035 893 2090 ⁰0¹18idel'a·
915 2035 959 2089 Tu
1016 2044 1100 2097 navis
1115 2045 1211 2095 tamen
1228 2042 1313 2112 quasi
1335 2041 1463 2095 radicata
1486 2041 1515 2094 in
1537 2040 1610 2094 mari
1625 2042 1703 2093 stare
1719 2038 1845 2104 videtur,

125 2127 225 2199 home,
242 2128 371 2184 docuisti
383 2127 585 2182 abdioaliones
595 2129 710 2196 patrum
720 2125 751 2177 in
766 2124 853 2194 filios,
871 2139 959 2193 sepa·
1016 2147 1070 2186 nee
1081 2131 1234 2185 retinendo
1245 2130 1301 2183 hoc
1314 2129 1391 2197 tacit,
1404 2129 1457 2184 sed
1466 2128 1552 2200 quusi
1561 2132 1647 2183 terrae
1656 2125 1846 2182 adhaerendo.

125 2218 268 2287 iraioues,
284 2218 350 2273 odia
365 2219 394 2271 et
416 2214 567 2283 offensaa3
588 2214 670 2267 disce
693 2229 759 2284 quaa
774 2213 813 2267 sit
828 2213 959 2282 parentis
1016 2221 1102 2274 Hunc
1119 2218 1214 2273 Latini
1228 2233 1374 2272 remoram
1388 2217 1548 2288 apponant,
1571 2217 1650 2288 quod
1665 2217 1752 2287 cogat
1768 2218 1846 2268 stara

128 2307 316 2363 vicissitudo.
328 2306 434 2359 Vivere
449 2304 549 2374 pisces
561 2302 626 2357 sine
637 2317 713 2372 aqua
730 2304 888 2372 nequeunt,
906 2315 961 2355 nce
1016 2308 1144 2381 navigia,
1600 2308 1606 2313 ·

127 2410 224 2451 aeuae
239 2395 370 2465 parentis
385 2391 535 2449 consortio
551 2391 689 2461 separati,
706 2405 761 2444 nee
776 2405 792 2443 a
807 2405 870 2444 suae
885 2389 959 2444 atte—
1052 2396 1200 2469 Anguillae
1216 2395 1377 2450 similitudo
1396 2395 1504 2466 anguis
1526 2409 1632 2449 nomen
1651 2392 1741 2447 dedit.
1758 2390 1848 2462 Origo

127 2483 192 2540 rim
210 2480 344 2556 [alifissssl
366 2496 488 2535 munere
512 2479 656 2549 di⁸0⁰l¹¹ir
683 2483 711 2533 θῐ
735 2479 766 2533 s¹l
785 2479 842 2532 ¹¹00
857 2481 960 2533 sssslssl'ss
1017 2486 1084 2557 ejus
1100 2485 1221 2539 extimo
1237 2487 1265 2538 et
1279 2500 1346 2539 rore
1357 2484 1482 2538 coelesti.
1495 2483 1578 2538 Unde
1594 2487 1622 2538 et
1636 2482 1754 2554 quando
1771 2480 1850 2550 capi-

127 2572 255 2644 quadflm
270 2575 301 2625 ul
316 2569 443 2641 sepflrflli
459 2571 621 2622 moriantur
635 2568 724 2621 511100·
1017 2579 1074 2643 tur,
1086 2573 1249 2628 italubrica
1260 2575 1347 2626 estut
1362 2576 1470 2644 quanto
1486 2572 1592 2627 fortius
1607 2571 1749 2642 premitur
1763 2581 1851 2623 manu

163 2659 240 2725 Quid
259 2663 356 2715 ⁸111&ss
378 2659 413 2713 de
437 2657 581 2712 densitate
605 2657 735 2711 dentium
758 2655 877 2710 dicam?
895 2653 961 2709 Non
1018 2663 1112 2730 nuda,
1129 2664 1208 2716 tanto
1225 2661 1312 2715 eitius
1327 2661 1468 2717 elebatur.
1486 2660 1595 2715 Ferunt
1610 2663 1706 2714 autem
1721 2657 1850 2713 Orientis

127 2748 208 2806 euim
223 2751 255 2803 ut
270 2763 342 2803 oves
354 2751 383 2802 et
393 2747 487 2803 hoves
499 2761 536 2800 ex
547 2761 604 2800 uua
615 2746 755 2800 duntaxat
765 2748 847 2815 parte
858 2744 962 2799 dentes
1019 2752 1140 2806 flurium
1150 2751 1281 2822 Gangem
1292 2749 1439 2822 anguillae
1449 2750 1598 2821 trigenum
1607 2749 1715 2820 pedum
1726 2748 1851 2820 gignere

128 2837 249 2909 babent,
261 2838 316 2893 sed
326 2839 449 2907 utraque
465 2850 535 2906 pars
550 2839 661 2888 armata
671 2838 717 2888 est
728 2833 865 2888 dentibus
876 2849 883 2903 3
895 2832 963 2904 quit
1020 2839 1168 2912 Anguillae
1182 2840 1251 2892 vino
1266 2841 1388 2908 necatae,
1406 2839 1457 2909 qui
1470 2838 1571 2893 viuum
1580 2837 1719 2906 biberint,
1732 2836 1852 2891 taedium

130 2926 210 2983 euim
226 2927 256 2980 in
271 2941 346 2996 aqua
361 2929 440 2994 sunt,
452 2927 481 2980 et
491 2925 516 2978 si
528 2923 639 2978 diutius
651 2923 749 2978 cibum
758 2926 922 2991 versarent,
935 2924 963 2975 et
1020 2929 1082 2983 vini
1097 2927 1214 2982 habent,

130 3027 192 3072 tion
207 3015 264 3070 cito
276 3014 516 3082 transmitterent,
529 3027 672 3083 aquarum
682 3010 848 3066 colluvione
859 3025 962 3064 eorum
983 3040 1008 3104 c
1056 3017 1218 3071 Muraenam
1237 3016 1333 3071 Graeei
1356 3016 1472 3086 μύραιναν
1493 3029 1653 3085 myraenam
1674 3016 1795 3079 vocam,
1817 3025 1852 3066 ρο

128 3119 200 3161 esca
210 3104 247 3159 de
257 3103 394 3158 dentibus
405 3104 508 3172 posset
517 3101 638 3170 auferri,
648 3100 767 3168 etdilui,
776 3099 841 3154 ideo
850 3100 962 3153 densos

133 3195 162 3251 et
185 3197 289 3247 acutos
314 3190 423 3245 hebent
446 3191 566 3258 derlee,
592 3193 623 3242 ut
647 3190 704 3243 cito
726 3188 856 3242 incidant
876 3190 962 3258 atque

132 3282 309 3339 consumant
317 3277 809 3347 cibum,ctsinemornetdilatione
819 3276 964 3330 transmit

133 3371 204 3425 tant.
216 3369 350 3438 Denique
360 3383 418 3422 nou
428 3367 590 3434 ruminaut3
603 3366 687 3421 solus
695 3369 793 3420 tamen
803 3381 909 3419 scarus
920 3382 966 3419 ru·

132 3458 244 3515 minare
260 3456 433 3527 perhibetur
446 3456 482 3508 ab
499 3456 551 3523 iis,
573 3455 681 3524 quibus
700 3458 750 3508 aut
764 3457 899 3523 eventuS,
916 3457 966 3508 aut

133 3561 210 3603 usus
224 3545 289 3614 tuit,
305 3548 354 3597 aut
369 3544 499 3598 studium
513 3543 582 3596 talia
597 3542 857 3613 comprehendere.

170 3635 247 3691 Sane
255 3649 310 3688 nec
322 3633 379 3702 ipsi
388 3634 488 3702 pisces
499 3632 696 3701 potentiorum
707 3646 847 3685 evascere
859 3631 969 3686 violen-

133 3725 215 3794 tiam,
231 3739 299 3777 nam
313 3721 444 3775 avaritiae
458 3721 654 3790 potentiorum
665 3719 793 3790 subiecti
804 3719 914 3789 ubique
929 3721 969 3773 in-

136 3813 263 3869 teriores
274 3815 344 3866 sunt
354 3826 360 3880 3
372 3826 430 3880 quo
442 3810 519 3863 enim
530 3809 657 3879 quisque
668 3808 821 3874 infirmior,
835 3823 869 3861 eo
881 3808 968 3862 citius

137 3906 288 3972 raptorum
304 3900 412 3968 praedee
429 3901 516 3967 patet.
534 3898 568 3950 Et
584 3897 716 3967 plerique
732 3897 851 3966 quidem
867 3898 969 3951 herbis

138 3994 312 4061 pascuntur,
333 4003 367 4041 ac
389 3987 509 4040 minutis
532 3986 695 4039 vermibus.
719 3986 792 4038 Sunt
807 3990 904 4039 aulem
919 3987 970 4056 qui

139 4078 267 4133 invicem
283 4091 316 4129 se
332 4076 483 4144 devorant,
499 4078 530 4128 ut
541 4090 557 4127 a
568 4090 622 4127 sun
633 4090 720 4128 carne
731 4077 901 4143 pascantur.
918 4074 971 4127 ilti-

1021 3107 1101 3178 quod
1116 3105 1271 3174 complicet
1282 3120 1315 3157 se
1327 3104 1356 3157 in
1368 3104 1507 3158 circulos.
1520 3103 1603 3158 Hanc
1613 3102 1744 3156 feminim
1760 3115 1853 3156 sexus

1021 3198 1132 3249 tantum
1148 3208 1217 3248 esse
1233 3194 1363 3260 tradunt,
1386 3195 1415 3246 el
1437 3192 1592 3261 concipere
1608 3207 1624 3244 a
1640 3193 1778 3260 serpente
1792 3205 1798 3258 ς
1816 3188 1854 3243 ob

1021 3284 1050 3338 id
1059 3301 1075 3336 a
1084 3282 1283 3352 piscatoribus
1292 3285 1430 3350 tunquam
1439 3279 1526 3334 sibilo
1537 3280 1685 3350 serpentis
1701 3281 1852 3344 evocatur,

1022 3376 1050 3426 et
1066 3372 1195 3441 capitur3
1213 3371 1270 3423 ictu
1282 3373 1379 3423 autem
1390 3369 1478 3422 fustis
1489 3367 1648 3421 disliculter
1659 3366 1834 3421 interimitur
1847 3379 1854 3432 3

1023 3459 1117 3515 ferula
1132 3458 1277 3527 protinus.
1291 3457 1414 3511 Habere
1438 3457 1564 3510 animam
1584 3456 1612 3508 in
1635 3453 1726 3509 cauda
1743 3456 1856 3507 certum

1023 3551 1088 3616 θεῖς
1107 3563 1173 3601 nam
1189 3547 1283 3615 capite
1299 3561 1445 3615 percusso
1460 3545 1510 3597 vix
1522 3560 1587 3599 enm
1598 3543 1727 3597 interimi
1743 3542 1854 3610 dicunt,

1025 3638 1117 3691 cauda
1133 3635 1232 3689 statim
1247 3635 1418 3687 exanimari.

1064 3725 1207 3794 PolypuS,
1224 3722 1252 3776 id
1269 3726 1315 3776 est
1331 3722 1483 3790 multipes,
1507 3721 1650 3790 plurimos
1671 3718 1748 3772 enim
1764 3715 1856 3788 pedes

1026 3814 1133 3880 habet,
1150 3814 1206 3866 istc
1222 3811 1398 3880 ingeniosus
1410 3810 1526 3865 hamum
1538 3810 1664 3878 appetit3
1681 3812 1709 3861 et
1725 3806 1857 3861 brachiis

1027 3902 1222 3970 complexum,
1240 3917 1297 3953 uon
1318 3915 1435 3967 morsu,
1461 3915 1519 3952 non
1540 3898 1622 3967 prius
1639 3895 1755 3950 dimittit
1771 3909 1859 3965 quam

1027 4007 1126 4044 oscam
1142 3989 1372 4043 circumroserit.

1062 4079 1197 4148 Torpedo
1213 4082 1330 4143 vocata,
1352 4092 1387 4129 eo
1407 4075 1484 4145 quod
1503 4090 1612 4144 corpus
1626 4077 1798 4142 torpescere
1815 4069 1859 4123 la-

139 4181 195 4225 nor
210 4165 286 4235 apud
298 4164 365 4218 illos
377 4163 462 4216 cibus
472 4162 595 4233 majoris
607 4165 662 4230 est,
679 4166 707 4216 et
717 4178 823 4216 rursus
833 4164 897 4231 ipse
908 4178 971 4216 ma·
1026 4171 1100 4235 oint3
1118 4168 1143 4221 si
1159 4182 1224 4220 enm
1238 4167 1394 4236 quisquam
1409 4165 1556 4216 viventem
1568 4165 1677 4231 tangat,
1691 4161 1777 4214 etiam
1793 4173 1859 4227 pro·

136 4255 189 4328 jor
204 4272 221 4309 a
235 4254 377 4307 validiore
388 4252 545 4320 invaditur,
557 4255 585 4305 et
595 4251 742 4320 praedator
749 4251 840 4306 ⁴alieni
855 4252 886 4304 ht
902 4267 972 4305 esca
1029 4258 1086 4326 cul,
1104 4260 1131 4310 ot
1142 4273 1157 4308 a
1169 4255 1341 4324 longinque,
1353 4253 1400 4305 rel
1412 4252 1438 4303 si
1452 4253 1545 4316 hasta,
1558 4249 1604 4303 vel
1617 4250 1701 4319 virga
1712 4250 1858 4319 tangatur,

140 4343 273 4410 alterius·
289 4342 391 4411 ltaque
405 4356 462 4394 11⁸⁰
476 4341 555 4394 venii
566 4343 606 4408 ul,
619 4355 685 4393 011¹ss
700 4340 765 4409 ipse
779 4339 868 4392 fllium
884 4339 972 4393 devo·
986 4349 1015 4414 D
1029 4345 1164 4419 quumvis
1181 4342 1350 4412 pervalidos
1362 4341 1488 4394 lacertos
1499 4339 1614 4405 habeat,
1632 4343 1801 4406 torpescere
1819 4334 1860 4387 ta-

142 4432 261 4502 raverit,
279 4430 315 4484 ab
330 4430 422 4484 altero
442 4429 610 4496 devoretur,
633 4432 662 4483 et
683 4429 712 4480 in
735 4444 825 4481 unum
840 4431 972 4482 ventrem
1030 4436 1086 4490 ciat
1100 4432 1271 4504 quemlibet,
1288 4435 1316 4483 et
1336 4430 1428 4498 pedes
1448 4427 1651 4482 robustissimi
1665 4425 1722 4479 viri
1738 4425 1773 4478 ad
1790 4439 1859 4477 eur-

142 4523 267 4591 uterque
284 4519 440 4574 conveniat
450 4533 516 4572 cum
527 4517 701 4571 devoratore
712 4516 831 4586 P1'0Pl10
847 4516 972 4570 devort·
1030 4539 1097 4578 sum
1112 4521 1224 4592 ligabit.
1241 4519 1331 4572 Tanta
1347 4520 1393 4572 est
1410 4518 1487 4571 enim
1498 4517 1544 4569 vis
1559 4514 1626 4586 ejus
1641 4517 1672 4568 ut
1688 4513 1773 4568 ctiam
1789 4527 1860 4566 aura

142 4612 202 4680 tus,
214 4609 317 4679 sicque
327 4607 415 4663 simul
426 4607 456 4659 in
464 4621 523 4660 uno
531 4606 648 4658 viscere
659 4605 767 4674 praedae
776 4604 972 4675 vindictaeque

144 4698 337 4754 consortium.
354 4696 390 4750 Et
400 4695 495 4764 ipsius
507 4697 611 4763 sponte
627 4692 701 4747 torte
712 4693 880 4747 assentiens
896 4693 972 4746 invi-

120 4828 123 4833 >
143 4785 191 4842 dia
206 4790 261 4855 θθῖ,
280 4786 356 4840 sicut
372 4787 401 4838 et
415 4783 512 4837 nobis.
532 4782 599 4836 Nou
615 4782 692 4837 enim
707 4796 744 4835 ex
758 4784 860 4836 natura
877 4783 972 4851 caepit,

95 4912 96 4916 =
143 4875 199 4930 aad
214 4890 252 4929 ex
271 4873 407 4940 avaritia,
431 4875 481 4925 aut
503 4871 571 4942 quia
595 4872 631 4924 ad
652 4886 727 4925 usus
748 4870 899 4925 hominum
914 4869 973 4924 dati

144 4963 259 5019 suntin
275 4962 404 5033 signum,
420 4964 451 5014 ut
470 4960 500 5013 iu
520 4960 568 5013 his
587 4963 756 5014 nostrorum
775 4974 889 5013 morum
904 4959 974 5012 vitia

143 5050 324 5117 videremus,
342 5051 488 5103 eteorum
504 5062 676 5103 caveremus
696 5048 840 5118 exemptis
855 5063 892 5101 ue
906 5047 974 5118 quis

143 5140 283 5208 peccator
296 5137 467 5193 interiorem
478 5136 643 5206 invaderet,
657 5137 779 5191 daturus
790 5136 819 5190 in
830 5151 863 5198 se
873 5139 974 5205 peten-

143 5225 212 5281 ticri
221 5227 389 5297 exemplum
403 5224 531 5296 injuriae.
545 5225 643 5295 ltaque
655 5225 705 5296 qui
714 5224 804 5278 alium
814 5224 903 5292 toedit,
916 5223 974 5277 sibi

142 5313 282 5386 laqueum
292 5317 375 5386 parat
386 5316 418 5368 iu
432 5329 519 5385 quem
530 5313 594 5383 ipse
609 5313 727 5368 incidat.
740 5312 776 5367 Et
786 5317 817 5368 tu
826 5312 920 5383 piscis
929 5327 972 5368 es.

143 5402 196 5478 qui
209 5403 326 5458 viscera
340 5403 457 5459 invadis
472 5402 577 5472 aliana,
590 5402 640 5474 qui
650 5402 799 5475 demergis
814 5401 973 5471 infirmum,

143 5494 195 5567 qui
203 5490 974 5566 cadentempersequerisusqueinprotundum.Cave

143 5600 192 5661 ne,
208 5583 278 5647 dum
292 5583 375 5645 illum
388 5583 591 5662 persequeris,
602 5583 717 5643 incidas
726 5583 792 5660 ipse
807 5583 838 5642 iu
851 5582 973 5643 vatidic-

1030 4612 1164 4681 corporis
1181 4610 1227 4662 sui
1243 4607 1351 4660 afficiat
1366 4605 1507 4659 membra.

1065 4699 1187 4767 Cancer,
1199 4695 1305 4750 uniural
1317 4694 1457 4767 gradiens
1469 4693 1498 4746 in
1509 4696 1723 4758 transversum,
1735 4688 1790 4743 has
1802 4684 1860 4740 cibi

1030 4789 1123 4860 gratia
1134 4785 1303 4857 praestigias
1315 4782 1402 4837 struit
1412 4797 1419 4848 ·,
1431 4797 1498 4835 num
1508 4785 1537 4835 et
1547 4781 1611 4850 ipse
1623 4783 1722 4834 ostreo
1734 4776 1861 4831 deiecta·

1029 4882 1086 4946 tur,
1104 4879 1132 4930 et
1147 4875 1245 4928 carnis
1261 4872 1329 4942 ejus
1345 4871 1463 4941 epulum
1474 4871 1589 4941 qurerit,
1601 4868 1655 4923 sed
1666 4867 1808 4936 appetens
1820 4863 1861 4918 ei·

1030 4965 1100 5019 bum
1110 4961 1253 5033 prospicit
1264 4964 1291 5014 et
1301 4959 1474 5030 periculum.
1489 4959 1560 5013 Haec
1576 4957 1654 5011 enim
1668 4955 1785 5009 venatio
1802 4952 1859 5007 dit-

1031 5052 1118 5108 licilis
1130 5055 1176 5105 est
1187 5052 1215 5105 et
1225 5048 1402 5119 periculosa.
1416 5047 1552 5101 Difficilis
1563 5049 1618 5114 est,
1631 5044 1697 5115 quia
1709 5042 1796 5096 testis
1807 5057 1861 5093 va-

1030 5139 1187 5195 lidioribus
1198 5152 1267 5191 esca
1278 5136 1400 5190 interior
1411 5135 1586 5202 includitur3
1598 5149 1665 5187 nam
1676 5130 1756 5185 velut
1766 5129 1860 5184 muris

1031 5228 1208 5300 quibusdam
1219 5225 1370 5280 mollitiem
1382 5225 1481 5278 carnis
1491 5222 1632 5293 precepti
1645 5218 1756 5291 regalis
1771 5218 1860 5274 inter·

1030 5333 1100 5390 pres
1114 5319 1217 5371 natura
1227 5313 1361 5382 munivit,
1373 5328 1460 5384 quam
1471 5311 1568 5366 medio
1580 5312 1722 5365 testarum
1732 5306 1861 5379 quodam

1031 5407 1099 5462 sinu
1114 5419 1245 5461 concavo
1260 5404 1350 5458 nutrit
1364 5417 1399 5456 ae
1415 5400 1504 5470 fovet,
1517 5403 1545 5455 et
1558 5390 1645 5471 quasi
1658 5398 1690 5453 iu
1703 5394 1862 5468 quamdam

1029 5494 1136 5552 vallem
1151 5491 1299 5563 diffundit,
1324 5494 1353 5548 et
1370 5490 1437 5547 ideo
1460 5504 1548 5545 cassa
1563 5487 1633 5544 sunl
1647 5485 1744 5543 omnia
1760 5479 1861 5540 caneri

1028 5587 1216 5661 tentamenta,
1232 5585 1300 5661 quia
1315 5580 1429 5657 aperire
1444 5579 1580 5640 ctauuum
1589 5581 1721 5640 ostreum
1734 5569 1860 5636 uuuau
