3796 6022
38 460 45 473 .
134 415 279 489 sequitur,
295 415 362 488 quia
376 418 487 472 terrore
499 414 605 488 judicii
615 416 796 487 mensmeta,
807 429 969 486 compunc·
982 395 1012 458 Α
1025 414 1087 470 Tm.
1108 414 1207 470 XXX.
1223 416 1268 472 De
1282 414 1353 489 fnqa
1367 432 1452 489 quem
1465 415 1571 472 suadet
1585 415 1674 472 nobis
1690 415 1857 488 Scriptura,

132 505 223 560 tionis
244 521 344 560 amore
368 505 573 559 inflammatur.
597 504 752 560 Postremo
774 504 836 576 igni
861 503 969 559 sibilus
1217 510 1247 560 et
1261 505 1299 560 de
1310 521 1389 577 pane
1404 521 1488 578 quem
1502 505 1666 561 ministrat.

133 610 213 650 aurae
229 594 306 649 lenis
322 593 465 663 succedit,
478 593 545 664 quia
555 593 722 666 postlonga
734 592 970 665 compunctionis
1055 592 1110 658 Qui
1118 593 1264 649 habitatis
1272 594 1498 665 terramaustrr‘,
1508 593 1858 666 cumpanibusoceurrrte

133 683 280 752 incendia,
292 685 416 753 purgata
425 697 520 752 mens,
534 680 972 751 afflataSpiritusanctoconso·
1023 680 1153 754 fugienti
1167 680 1249 752 (lsai.
1266 683 1340 754 xxi).
1358 683 1517 739 Multorum
1536 698 1626 754 opere
1648 682 1739 738 nobis
1761 681 1858 756 fugam

132 772 251 829 lationis
263 770 453 843 refrigerium
463 771 562 825 sentit.
573 770 606 825 lu
616 786 675 842 quo
686 770 775 825 sibilo
785 786 972 842 nequaquam
1022 770 1183 840 persuadet
1198 785 1283 825 sacra
1294 769 1457 842 Scriptura.
1466 769 1542 836 Quid
1551 773 1649 826 autem
1660 771 1808 827 debemus
1818 771 1858 825 fu·

132 862 277 923 Dourinus
300 861 402 915 inesse
423 863 558 931 negatur,
585 860 653 931 quia
677 859 815 914 nimirum
836 859 885 913 illa
908 859 972 914 sola
1022 873 1105 930 gere,
1122 858 1281 930 quomodo,
1298 862 1327 914 et
1342 859 1480 931 quando?
1495 860 1570 914 Tres
1584 861 1654 915 sunt
1674 859 1726 931 qui
1742 861 1856 915 movent

134 948 417 1005 mensdulcediuam
431 948 569 1018 percipit,
586 948 973 1018 quaepostlaborempoeni·
1022 945 1134 1001 bellum
1157 949 1259 1002 contra
1282 962 1361 1002 nos:
1391 947 1542 1018 diabolus,
1573 964 1642 1003 caro
1666 952 1695 1003 et
1719 947 1856 1003 mundus.

132 1041 233 1095 tentiae
248 1042 277 1092 et
291 1037 477 1107 anxietatem,
495 1037 709 1092 consolationis
728 1036 887 1109 refrigerio
901 1052 971 1108 per·
1023 1034 1166 1090 Diabolus
1180 1035 1262 1089 ducit
1276 1038 1378 1090 contra
1392 1051 1449 1090 nos
1469 1036 1587 1108 agmina
1606 1036 1766 1106 vitiorum,
1793 1051 1857 1090 carc

134 1131 219 1198 cepto
230 1127 260 1181 in
271 1142 325 1197 spe
342 1126 564 1198 propagationis
582 1125 690 1180 divinae
706 1126 880 1197 requiescit.
1024 1122 1168 1178 malorum
1191 1123 1421 1195 desideriorum,
1445 1125 1573 1180 mundus
1598 1140 1814 1197 prosperorum
1833 1128 1858 1180 et

134 1216 196 1271 Trr.
206 1198 319 1270 XXIX.
332 1214 591 1279 Quomodomelior
597 1214 639 1269 sit
649 1214 793 1286 iniquitas
804 1214 873 1281 viri,
888 1228 971 1286 quam
1023 1211 1229 1267 adversorum.
1246 1212 1375 1268 Felicius
1384 1215 1606 1286 essetpugnare
1620 1216 1649 1269 et
1663 1215 1799 1285 vincere,
1809 1213 1857 1268 sed

389 1302 498 1359 mulier
511 1302 716 1358 benefaciens.
1023 1300 1140 1356 infirmo
1152 1300 1374 1374 expeditmagis
1386 1302 1491 1374 fugere
1507 1305 1535 1356 et
1549 1302 1668 1373 salvari,
1685 1318 1778 1374 quam
1788 1302 1857 1356 male

70 1399 76 1407 '
170 1393 282 1450 Melior
292 1398 338 1448 est
348 1391 493 1464 iniquitas
501 1391 561 1446 riri
569 1408 653 1464 quam
662 1389 973 1447 benefaciensmulier
1023 1405 1157 1462 pugnare
1173 1392 1201 1444 et
1216 1392 1362 1460 superari.
1379 1390 1456 1445 Vitia
1474 1390 1566 1462 igitur
1583 1390 1717 1463 fugimus
1742 1390 1856 1462 quando

135 1481 242 1554 (Ecoli.
261 1482 343 1552 κου).
367 1480 399 1534 ln
421 1479 554 1535 interiori
576 1480 695 1534 homine
715 1480 854 1552 quiddam
872 1481 920 1534 est
936 1480 972 1534 ad
1024 1478 1168 1548 peccandi
1176 1479 1366 1533 occasionem
1377 1479 1571 1548 declinamus,
1587 1482 1618 1533 ut
1632 1479 1792 1535 iuluxuria
1804 1494 1858 1534 car

136 1569 268 1628 coelestia
284 1573 313 1624 el
328 1583 456 1637 superna
472 1568 640 1637 intendens,
656 1570 684 1622 et
699 1567 756 1622 hoc
771 1567 915 1639 sapientia
930 1568 974 1622 di·
1025 1569 1073 1622 uis
1091 1582 1143 1637 spe
1159 1567 1269 1622 intimae
1284 1568 1540 1638 contemplationis
1553 1568 1702 1624 desideria
1716 1567 1856 1641 fugimus,

138 1661 228 1729 citur,
252 1660 280 1712 et
305 1673 412 1712 rursus
428 1657 567 1728 quiddam
582 1657 619 1711 ad
633 1656 801 1711 transitoria
818 1661 846 1712 et
862 1657 972 1712 caduca
1027 1656 1144 1728 quando
1160 1656 1276 1711 illorum
1291 1656 1483 1712 irritationem
1498 1672 1648 1728 cavemus,
1666 1673 1703 1712 ne
1719 1657 1817 1712 oleum
1832 1657 1858 1711 iu

136 1747 303 1819 respiciens
319 1750 347 1801 at
362 1744 516 1816 prudentia
531 1748 663 1800 vocatur.
688 1744 723 1799 Et
738 1745 842 1799 dividit
856 1761 890 1800 sc
906 1745 971 1801 haec
986 1708 1013 1771 Β
1027 1746 1129 1817 ignem
1143 1744 1336 1816 projiciamus
1352 1749 1381 1799 el
1395 1746 1586 1816 exardescat,
1609 1748 1753 1818 quantum
1774 1746 1855 1801 valet

136 1838 183 1893 vis
198 1837 303 1891 animae
319 1837 349 1890 iu
364 1835 437 1904 duo,
453 1835 484 1889 iu
499 1850 620 1889 sursum
635 1837 664 1888 et
678 1834 828 1889 deorsum.
846 1834 971 1890 Sursum
1027 1835 1175 1904 Prospera
1183 1838 1212 1889 et
1226 1834 1352 1889 adversa
1366 1833 1509 1906 fugimus,
1525 1835 1642 1907 quaudo
1658 1850 1714 1890 nec
1729 1835 1856 1890 etiamen

137 1927 169 1981 in
184 1925 369 1996 sapientiam,
387 1924 527 1979 deorsum
541 1923 571 1977 iu
586 1923 789 1993 prudentiam,
809 1939 930 1978 sursum
943 1924 973 1977 in
1026 1939 1093 1995 quae
1104 1923 1250 1977 delectant
1260 1924 1439 1995 requirimus
1450 1939 1504 1993 per
1512 1924 1712 1995 cupiditatem,
1724 1925 1856 1979 timentes

138 2014 314 2082 masculum,
331 2014 473 2067 deorsum
483 2013 513 2066 iu
525 2012 672 2082 feminam,
686 2016 716 2066 ut
726 2012 878 2066 masculus
890 2028 976 2084 supe·
1025 2013 1163 2082 dissolvi,
1180 2027 1235 2066 nec
1250 2011 1280 2066 in
1294 2027 1328 2066 ea
1343 2028 1409 2082 quae
1430 2014 1564 2067 cruciant
1579 2012 1739 2083 jactamur,
1764 2012 1857 2084 frangi

137 2105 200 2159 rior
224 2107 263 2158 srt
287 2106 315 2158 et
340 2106 436 2174 regat,
463 2104 491 2156 at
516 2101 625 2155 femina
652 2100 777 2156 inferior
796 2104 824 2157 et
843 2106 975 2174 regatur.
1027 2105 1201 2157 metuentes.
1218 2101 1353 2155 Diximus
1369 2102 1484 2172 quidet
1502 2102 1650 2172 quomodo
1675 2101 1856 2173 fugiendum.

140 2192 376 2266 Caputmuh'eris
385 2190 600 2262 vir,·caputvirr'
609 2189 851 2262 Christus;caput
860 2190 977 2245 Christi
1027 2190 1113 2244 Nunc
1124 2190 1241 2262 quando
1253 2189 1331 2243 dicat
1341 2189 1468 2244 Veritas.
1479 2189 1582 2245 Videte
1593 2205 1631 2245 ue
1645 2189 1698 2244 hat
1712 2188 1784 2263 fuga
1797 2206 1859 2245 res·

138 2283 220 2338 Deus
235 2282 359 2353 (Epiros.
377 2281 418 2351 v).
437 2279 626 2334 Prudentiam
641 2280 785 2349 sapientia
804 2282 897 2351 regat.
921 2279 976 2335 Sa·
1030 2285 1076 2333 tra
1087 2279 1185 2334 hieme
1197 2277 1245 2333 vel
1254 2277 1386 2333 Sabbata
1394 2278 1514 2347 (Matth.
1526 2279 1618 2343 xxiv).
1629 2279 1734 2334 Hiems
1743 2279 1808 2333 vias
1816 2282 1860 2333 ant

139 2371 249 2443 pientia
264 2385 335 2425 vero
349 2370 476 2424 verbum
491 2370 546 2423 est.
561 2367 691 2422 Verbum
702 2371 799 2423 autem
809 2368 845 2422 ab
857 2369 922 2438 ipso
931 2371 978 2423 est
1029 2368 1099 2440 gelu
1115 2369 1286 2438 exasperet,
1311 2369 1361 2422 aut
1381 2366 1482 2438 pluvia
1501 2367 1633 2422 lubricas
1656 2366 1737 2422 facit.
1762 2367 1860 2422 Hiems

141 2460 229 2532 cuius
254 2463 309 2515 est.
336 2458 509 2528 Prudentia,
534 2457 621 2528 quasi
635 2456 742 2511 mulier
756 2473 856 2511 curam
871 2457 977 2512 domus
1029 2459 1077 2512 est
1100 2459 1201 2527 torpor
1228 2455 1408 2510 imminentis
1438 2457 1556 2527 mortis,
1586 2457 1705 2528 quando
1734 2456 1861 2513 membra

141 2565 246 2623 agene,
255 2549 334 2602 circa
343 2563 377 2601 ea
386 2563 453 2618 quea
464 2546 563 2601 carnis
575 2548 644 2600 sunt
655 2545 820 2617 stringitur.
830 2544 979 2615 Sapientia
1030 2545 1222 2601 dolorcaruis
1238 2544 1416 2616 constringit
1424 2546 1566 2616 passione
1576 2549 1605 2600 et
1620 2544 1713 2600 robur
1727 2545 1862 2601 dissolvit

141 2639 196 2695 Dei
204 2638 289 2711 quasi
299 2637 345 2691 vir
354 2637 384 2690 in
392 2635 555 2707 longinqua
566 2634 758 2706 sagacitatem
766 2649 850 2688 suam
859 2635 979 2689 mittens
1031 2634 1249 2705 compassione.
1265 2633 1426 2689 Sabbatum
1440 2637 1557 2706 tempus
1572 2637 1619 2688 est
1639 2637 1708 2705 post
1730 2637 1861 2704 mortem,

141 2729 189 2785 vel
213 2726 392 2795 extendens,
417 2740 471 2795 per
491 2723 712 2794 amplitudinem
727 2723 890 2793 spiritualis
907 2738 980 2777 con·
1030 2723 1147 2795 quando
1177 2722 1214 2777 ab
1242 2722 1297 2776 hac
1324 2722 1384 2776 vita
1422 2723 1536 2777 eductis
1565 2723 1707 2794 operandi
1740 2723 1862 2779 facultas

40 2844 43 2848 ⁴
142 2811 978 2888 templationisevagatur.ltlulierigituraliquandobene,
1030 2811 1151 2867 tollitur.
1177 2811 1209 2867 Si
1225 2826 1297 2884 ergo
1311 2812 1360 2865 vis
1375 2811 1479 2884 fugere
1494 2816 1649 2867 venturam
1665 2813 1757 2883 uam,
1781 2812 1863 2884 fuge,

142 2907 300 2979 aliquando
315 2902 391 2958 male
407 2902 486 2956 facit.
503 2901 578 2956 Male
597 2901 666 2954 facit
687 2901 804 2972 quando
823 2901 980 2972 prudentia
1032 2902 1102 2956 dum
1121 2916 1214 2956 sanus
1230 2916 1279 2970 es;
1302 2900 1440 2973 quoniam
1454 2901 1485 2955 in
1507 2905 1600 2956 morte
1616 2901 1688 2973 fuga
1702 2902 1808 2973 gravis
1822 2905 1866 2956 est

141 2998 189 3052 vel
204 3012 258 3067 per
272 2993 420 3066 pigritiam
435 2992 525 3063 ligata
541 3005 660 3045 caruem
676 3006 760 3045 suam
776 2990 915 3063 negligit,
931 2991 979 3046 vel
995 3025 1021 3089 c
1034 2993 1102 3063 post
1117 2994 1240 3045 mortem
1251 2989 1457 3061 impossibilis.
1467 2988 1512 3045 Ne
1523 2994 1619 3045 autem
1631 2989 1755 3045 deficias
1768 2989 1863 3059 invia,

141 3103 195 3159 per
210 3083 438 3140 sollicitudinem
452 3081 592 3135 distracta
603 3080 639 3133 ad
655 3080 815 3151 quaerenda
829 3081 979 3150 superflua
1036 3080 1202 3135 habitantes
1217 3083 1326 3133 tomum
1340 3080 1494 3148 aust1·i,si
1509 3082 1537 3133 te
1551 3079 1715 3151 fugientem
1728 3079 1864 3149 viderint,

142 3190 181 3231 se·
201 3172 333 3229 effundit.
361 3172 441 3225 Bene
465 3172 562 3242 autem
586 3168 668 3238 facit,
695 3169 812 3240 quando
837 3185 903 3241 quae
928 3187 978 3225 ne·
1035 3173 1192 3224 occurrent
1205 3168 1257 3222 tibi
1274 3184 1339 3222 cum
1356 3168 1482 3238 panibus
1497 3170 1529 3222 ut
1542 3167 1697 3223 reficiaris,
1719 3169 1753 3223 ln
1767 3170 1865 3224 austro

143 3264 278 3320 cessaria
288 3263 357 3315 sunt
371 3259 486 3331 quaerit,
504 3257 693 3312 etcommoda
705 3258 803 3313 carnis
814 3275 889 3329 suae,
907 3276 979 3331 quo·
1032 3258 1212 3330 splenderet
1228 3257 1323 3327 calor,
1340 3257 1481 3327 splendor
1490 3257 1689 3329 cogitationis,
1705 3257 1789 3313 calor
1799 3257 1865 3312 dile·

142 3353 222 3407 niam
237 3352 264 3406 ei
280 3365 370 3404 eausa
384 3347 483 3417 ipsius
504 3346 666 3401 commissa
687 3351 743 3402 est.
769 3348 821 3403 Vir
844 3348 980 3405 similiter
1031 3349 1121 3403 tionis
1144 3347 1266 3401 Terram
1282 3346 1379 3401 austri
1393 3346 1557 3401 inhabitant
1577 3346 1627 3418 qui
1644 3346 1675 3401 iu
1691 3347 1866 3419 cogitatione

143 3438 302 3510 aliquando
313 3438 400 3504 bene,
413 3435 570 3505 aliquando
581 3435 681 3507 inique
692 3437 763 3508 ogit.
771 3437 851 3492 Bene
862 3439 980 3509 quando
1032 3441 1061 3493 et
1071 3437 1228 3492 dilectione
1238 3435 1371 3490 veritatis
1382 3439 1517 3505 pausant.
1525 3435 1577 3490 lsti
1588 3435 1865 3508 abundantinpani-

145 3525 290 3598 sapientia
310 3539 432 3580 sursum
453 3524 587 3594 intendit,
603 3528 746 3596 appetens
761 3528 790 3580 et
805 3527 980 3583 desiderans
1032 3527 1089 3582 bus
1105 3526 1189 3580 verbi
1205 3524 1268 3579 Dei.
1280 3523 1445 3579 Occurrunt
1455 3524 1638 3595 fugientibus
1648 3527 1865 3596 compassione,

144 3615 330 3671 solummodo
346 3629 413 3685 quae
427 3613 612 3684 beneplacita
627 3617 696 3668 suut
716 3615 851 3671 Domino.
879 3616 981 3687 lnique
1034 3615 1237 3670 consolatione
1248 3613 1393 3668 reficiunt.
1406 3613 1465 3668 Iste
1480 3614 1564 3683 panis
1581 3630 1648 3669 cum
1663 3615 1704 3668 sit
1717 3630 1810 3686 unus,
1825 3614 1867 3668 di·

143 3720 212 3761 cum
226 3708 317 3778 gustu
331 3703 439 3759 interni
453 3702 571 3774 saporis
586 3702 724 3758 roborata
739 3719 799 3759 non
814 3705 912 3760 solum
927 3721 981 3760 su·
1034 3720 1123 3760 versa
1138 3704 1238 3774 specie
1254 3703 1436 3773 proponitur.
1451 3703 1617 3774 Aliquando
1632 3704 1711 3758 euim
1727 3704 1868 3759 subcine-

143 3796 255 3867 perllua
270 3795 396 3863 resecat,
414 3792 571 3847 sedetiam
587 3792 770 3847 necessaria.
795 3793 902 3849 Vidisti
925 3795 981 3851 ho·
1035 3794 1143 3864 ricius,
1168 3792 1325 3864 aliquando
1341 3792 1541 3863 hordeaceus,
1561 3792 1721 3864 aliquando
1735 3792 1867 3848 triticeus

142 3886 251 3940 minem
258 3882 431 3939 necessaria
442 3882 589 3936 oausasui
600 3881 734 3937 studiose
746 3883 980 3956 perquirentem
1035 3883 1210 3940 nominatur.
1228 3882 1309 3936 Elias
1324 3881 1459 3953 fugiens,
1485 3882 1515 3937 in
1534 3881 1652 3937 deserto
1668 3882 1868 3938 subcinericio

142 3974 192 4029 hic
200 3969 590 4028 eratmulierbenefaciens.
599 3970 707 4026 Vidisti
713 3987 821 4027 rursus
832 3972 982 4029 hominem
1034 3988 1109 4044 pana
1121 3971 1262 4027 reficitur.
1279 3970 1345 4025 Filii
1355 3971 1521 4026 Jerusalem
1531 3971 1581 4043 qui
1592 3986 1696 4043 pacem
1706 3971 1869 4026 inhabitant

144 4061 287 4116 instinctu
301 4061 348 4114 vel
364 4060 470 4114 intuitu
488 4074 627 4130 supernae
647 4061 895 4116 remunerationis
915 4078 982 4116 ear·
1035 4062 1121 4132 adipe
1135 4061 1273 4115 frumeuti
1289 4060 1448 4129 satiantur,
1464 4060 1516 4131 qui
1530 4075 1621 4131 super
1635 4059 1736 4115 fenum
1752 4075 1867 4116 mcum·

147 4164 215 4204 nem
223 4164 308 4204 suam
317 4147 512 4220 affligentem,
525 4147 573 4202 hic
581 4151 644 4203 erat
654 4149 700 4202 vir
709 4149 809 4220 inique
820 4151 982 4223 agens.Sic
1034 4150 1117 4221 bunt,
1135 4149 1332 4204 hordeaceum
1347 4149 1513 4204 comedunt.
1526 4149 1616 4204 Panis
1632 4148 1689 4204 sub
1706 4148 1808 4204 cluere
1822 4163 1868 4204 re-

146 4238 225 4293 enim
252 4236 392 4308 iniquitas
417 4239 464 4291 est
487 4236 605 4308 quando
630 4237 709 4309 quod
733 4238 865 4293 debitum
877 4243 925 4295 est
939 4240 981 4294 illi
1035 4238 1322 4295 fectiosubvilitate.
1339 4239 1429 4293 Sacra
1444 4237 1745 4308 Scripturavilitatem
1755 4237 1867 4293 habena

143 4326 305 4396 subtrahis,
323 4324 377 4380 sed
390 4327 488 4379 tamen
499 4324 606 4379 melior
616 4332 662 4381 est
672 4327 813 4399 iniquitas
827 4329 886 4382 riri
896 4347 979 4403 quam
992 4348 1020 4411 D
1035 4327 1066 4383 in
1075 4328 1175 4398 specie
1184 4328 1300 4397 litterae,
1310 4329 1339 4381 et
1349 4326 1535 4381 dulcedinem
1541 4342 1667 4382 servans
1677 4327 1709 4382 in
1717 4325 1867 4398 profundi·

123 4450 126 4454 -
142 4416 252 4473 mulier
266 4413 469 4471 benefaciens.
480 4413 585 4468 Melior
598 4416 649 4486 qui
664 4431 718 4485 per
728 4416 847 4472 caeleste
862 4419 979 4474 deside·
1036 4420 1093 4472 tate
1109 4407 1271 4487 spiritualis
1287 4415 1503 4487 intelligentiae,
1523 4432 1609 4486 pams
1624 4418 1672 4471 est
1685 4417 1743 4472 sub
1760 4417 1867 4473 cinere.

142 4507 220 4563 rium
229 4520 376 4561 aecensus
389 4518 507 4558 carnem
519 4518 603 4558 suam
614 4503 643 4557 iu
655 4504 856 4561 subtrahendo
871 4521 979 4562 neces·
1036 4506 1090 4562 Vis
1106 4509 1137 4560 ut
1148 4505 1302 4561 ostendam
1312 4504 1365 4558 tibi
1377 4519 1482 4574 panem
1493 4504 1746 4560 subcinericium?
1762 4506 1870 4562 Rache

143 4597 222 4652 saria
251 4594 370 4666 aflligit,
399 4609 488 4665 quam
509 4593 559 4664 qui
588 4608 642 4662 per
668 4594 815 4648 carnalem
843 4594 981 4651 affectum
1034 4594 1093 4650 lem
1118 4598 1147 4648 et
1169 4594 1252 4648 Liam
1273 4594 1309 4648 de
1331 4593 1489 4648 concubitu
1509 4593 1598 4649 unius
1613 4593 1780 4650 viritacob
1795 4594 1868 4666 legis

143 4685 310 4753 resolutus,
336 4682 495 4737 desideriis
519 4681 617 4753 ipsius
635 4697 690 4754 per
709 4683 807 4737 omnia
827 4687 981 4740 commoda
1035 4685 1223 4739 contendere.
1247 4683 1353 4756 Magna
1376 4684 1416 4738 ibi
1438 4683 1556 4753 species
1581 4682 1718 4753 vilitatis,
1744 4696 1868 4755 magm

144 4773 320 4828 satisfacere
345 4772 504 4827 contendit.
530 4771 654 4826 Multum
673 4786 746 4844 ergo
766 4773 855 4827 distat
869 4773 906 4827 ab
923 4775 981 4828 ini·
1035 4773 1172 4829 cumulus
1187 4773 1311 4844 cineris,
1336 4775 1366 4827 et
1380 4788 1506 4827 acervus
1522 4772 1712 4828 terrenitatis.
1738 4772 1867 4828 Revolvo

146 4861 256 4932 quitata
280 4861 338 4915 viri
358 4859 550 4915 malefaciens
573 4860 689 4915 mulier.
714 4861 773 4916 Sed
788 4878 843 4916 nec
857 4862 981 4918 benefa-
1035 4864 1175 4932 cinerem,
1201 4865 1335 4917 scrutare
1356 4862 1456 4917 intus:
1482 4862 1568 4932 panis
1582 4860 1624 4916 ibi
1638 4861 1722 4931 latet,
1747 4859 1867 4916 refectio

116 4971 120 4979 ·
144 4949 229 5004 ciens
243 4949 358 5003 mulier.
375 4948 434 5003 Sed
444 4964 500 5003 nec
510 4948 702 5005 benefaciens
717 4950 822 5006 mulier
837 4952 982 5023 iniquitati
1035 4952 1209 5007 abscondita
1234 4955 1289 5006 est.
1315 4951 1394 5006 Duas
1414 4965 1535 5006 sorores
1550 4951 1625 5005 duas
1639 4949 1728 5020 vitas,
1744 4950 1866 5005 activam

144 5036 212 5108 ejus
228 5039 326 5107 potest
341 5038 463 5108 mquari.
473 5037 595 5102 Quando
607 5039 770 5094 enimbene
785 5040 855 5094 facit
865 5041 980 5112 mulier,
1035 5040 1151 5096 scilicet
1165 5043 1193 5094 et
1209 5039 1478 5109 contemplativam,
1504 5038 1646 5111 intellige.
1671 5038 1804 5111 Utraque
1817 5051 1865 5110 pro

144 5126 241 5180 virtus
256 5141 316 5180 non
330 5130 386 5197 est,
396 5127 514 5198 quando
529 5127 613 5195 male,
625 5128 721 5200 culpa.
734 5129 983 5200 Iniquitasautem
1034 5129 1171 5199 amplexu
1187 5128 1243 5183 viri
1259 5128 1422 5198 contendit3
1443 5128 1535 5182 altera
1550 5132 1581 5183 ut
1596 5126 1751 5182 utilitatem
1766 5125 1868 5182 habat

144 5214 201 5270 viri
218 5214 399 5270 desiderium
410 5215 546 5286 justitiae,
569 5215 688 5271 bonitas
707 5217 850 5287 perfectio
866 5219 980 5290 gloriae.
1034 5218 1173 5287 actionis,
1191 5218 1282 5272 altera
1297 5222 1329 5272 ut
1339 5217 1555 5289 jucunditatem
1575 5216 1720 5288 percipiet
1743 5220 1867 5273 contem·

145 5303 177 5360 Si
193 5320 266 5377 ergo
281 5305 328 5359 vir
338 5305 459 5377 iniquus
470 5307 516 5358 est
527 5303 728 5377 adjustitiam,
745 5309 774 5362 et
788 5308 894 5363 mulier
905 5308 983 5364 bona
1035 5307 1185 5378 plationis.
1198 5307 1275 5362 Ecce
1289 5306 1430 5362 invenisti
1443 5305 1613 5378 panemsub
1629 5305 1741 5361 cinere.
1758 5303 1867 5362 Vind-

74 5400 77 5405 '
144 5397 192 5474 eat
205 5394 242 5450 ed
257 5398 400 5460 naturam,
418 5392 524 5447 melior
539 5397 585 5445 est
600 5392 734 5462 profecto
749 5395 893 5469 iniquitas
912 5397 981 5467 riri,
1036 5395 1094 5451 huc
1108 5411 1213 5467 panem
1222 5396 1323 5451 videre
1335 5396 1391 5450 sub
1401 5396 1520 5451 cinere?
1533 5395 1622 5450 Vides
1631 5394 1707 5452 foris
1717 5395 1868 5474 iufirmita-

145 5499 229 5558 quam
244 5483 440 5539 benefaciens
454 5479 571 5549 mulier,
592 5482 661 5552 quia
676 5481 704 5536 si
719 5487 821 5540 natura
840 5485 918 5542 bona
937 5488 984 5543 est
1035 5488 1094 5541 tem
1101 5485 1388 5555 Domininascentis,
1397 5485 1554 5558 vagientis,
1566 5484 1868 5560 plorantisaugustias

143 5570 176 5631 ln
190 5572 368 5645 conditione,
381 5568 498 5645 justitia
512 5569 618 5626 melior
632 5571 663 5627 iu
672 5572 876 5632 retributione.
1037 5589 1189 5648 cunarum,
1205 5575 1324 5631 vincula
1337 5574 1509 5632 fasciarum.
1531 5573 1637 5632 Totum
1651 5573 1710 5633 boc
1726 5575 1805 5636 ninia
1819 5576 1869 5647 eat,

134 218 192 280 ru
513 213 1024 281 arrnumxanuucoms
1046 214 1192 280 ornan
1213 182 1474 283 maurum.
1803 180 1898 280 rn
