3796 6022
80 339 159 406 ,817

701 337 1015 404 MlscsLLANEa.
1033 375 1071 390 ·-
1086 342 1167 406 LIB.
1184 343 1238 407 VI.

1765 348 1831 415 818

85 595 86 599 ,
102 541 362 598 Personaenomen
372 538 585 612 occurrit,quia
595 538 934 595 esvelmonachussim·
948 544 978 604 A
991 543 1044 609 ris,
1057 546 1176 612 peccata
1192 544 1301 614 quibus
1317 544 1390 600 caeci
1416 544 1484 599 facti
1506 560 1611 600 sumus
1633 548 1756 618 quaerat,
1777 545 1827 602 in-

102 631 181 702 plex,
194 630 241 684 vel
256 634 369 702 pastor,
391 630 438 685 vel
458 632 629 702 episcopus.
649 630 723 695 Quid
739 629 776 682 ad
789 631 818 685 ῖθ
828 629 934 684 horum

101 719 304 791 principaliter
319 721 455 790 pertinet,
472 721 537 775 sive
556 721 635 793 quod
650 723 755 774 nactus
770 719 836 774 sive
856 719 935 790 quod

102 811 206 863 natus?
217 809 363 881 H0cergo
380 809 555 863 consideres
576 809 702 863 maxime
718 807 797 879 quod
809 809 935 862 maxime

101 913 146 953 θε.
160 897 222 951 Νθθ
233 897 320 952 modo
331 899 410 968 quod
420 901 517 967 natus,
527 898 581 952 sed
590 898 715 968 qualiter
724 901 821 952 natus.
830 896 935 952 Nudus

102 1001 249 1058 egressus
258 1002 292 1040 es
302 986 337 1040 de
346 989 430 1040 utero
442 987 555 1041 matris.
573 986 713 1057 Nunquid
724 986 890 1041 infulatus?
905 986 937 1041 Si

102 1074 278 1130 consideres
293 1075 391 1146 qualis
413 1075 467 1144 sie,
485 1075 599 1129 occurit
621 1075 710 1130 homo
727 1075 843 1143 dolens,
867 1075 936 1146 quie

102 1164 191 1218 homo
207 1164 262 1234 sis,
279 1163 463 1219 crubescens
479 1164 557 1235 quod
572 1163 680 1230 nudus,
698 1165 777 1235 quod
793 1167 880 1218 natus
891 1165 936 1218 sis

100 1253 231 1324 plerane,
245 1252 434 1307 murmurans
446 1253 525 1324 quod
536 1253 580 1307 sis
592 1256 678 1307 natus
687 1254 723 1307 ad
735 1252 868 1308 laborem
876 1269 935 1308 non

100 1342 136 1395 ad
154 1341 307 1396 honorem.
325 1342 365 1397 lta
380 1341 434 1396 tibi
449 1357 532 1396 sume
558 1342 682 1397 formam
697 1346 755 1396 tam
777 1342 812 1397 de
831 1341 936 1396 condi-

99 1430 327 1501 tione2originis
342 1446 428 1501 quam
446 1431 481 1485 de
504 1435 688 1485 sacramento
713 1431 935 1501 redemptionis

102 1519 284 1590 quiaauctor
298 1524 411 1574 naturae
421 1534 535 1573 summa
546 1520 662 1591 imaque
674 1519 827 1575 consociat
843 1521 874 1574 in
889 1521 937 1574 sui

991 631 1090 686 veniat
1099 636 1127 687 et
1137 636 1253 705 purget,
1265 636 1296 688 ut
1306 636 1351 689 sic
1361 634 1542 689 illuminatus
1554 634 1646 690 dicat:
1662 635 1773 692 Lumen
1789 637 1828 693 ad

992 720 1207 775 revelationem
1218 724 1360 794 pentium,
1369 728 1424 778 etc.
1432 724 1513 794 (Luc.
1527 724 1565 784 ιι).
1573 723 1827 782 Purificatiautem

993 808 1119 863 facimus
1136 811 1297 864 secundam
1306 828 1373 866 cum
1390 813 1514 867 floribus
1526 815 1554 867 et
1564 810 1680 882 palmis.
1692 813 1826 869 Arbores

992 898 1075 968 prius
1096 898 1176 967 folia,
1207 899 1313 954 deinde
1337 901 1436 969 flores,
1463 905 1492 956 et
1515 902 1632 956 tandem
1660 900 1828 971 producunt

993 986 1117 1041 fructus.
1136 988 1168 1041 ln
1184 987 1254 1041 folio
1275 988 1389 1043 initium
1412 989 1493 1058 boni,
1519 990 1550 1043 in
1571 990 1643 1044 flore
1664 990 1826 1059 promissio

992 1076 1089 1146 primi,
1103 1077 1133 1130 in
1148 1076 1246 1130 fructu
1261 1077 1421 1147 perceptio.
1435 1078 1467 1131 ln
1482 1078 1605 1132 floribus
1615 1077 1825 1150 praecedimus,

994 1164 1019 1218 si
1036 1163 1125 1218 bouis
1140 1164 1232 1231 initiis
1252 1180 1305 1234 spe
1320 1166 1433 1235 praemii
1455 1166 1491 1219 ad
1512 1166 1683 1221 aeternitatis
1697 1166 1827 1222 fructum

993 1253 1152 1308 tendimus.
1184 1252 1366 1324 Palma1non
1386 1255 1444 1308 nisi
1467 1255 1636 1310 centenaria
1657 1254 1825 1326 fruetificat,

993 1342 1201 1414 significatque
1216 1342 1312 1413 palma
1327 1344 1491 1398 victoriam.
1507 1344 1695 1398 (lentesimus
1711 1344 1826 1402 fructus

993 1430 1083 1484 vitam
1094 1435 1233 1485 aeternam
1250 1432 1409 1503 significat.
1431 1431 1562 1486 Palmam
1572 1435 1668 1501 portat
1680 1432 1711 1486 in
1718 1432 1824 1504 palma,

993 1521 1043 1590 qui
1059 1519 1089 1573 in
1105 1520 1193 1574 bonis
1209 1520 1244 1575 de
1261 1520 1378 1576 diabolo
1394 1521 1563 1591 triumphat,
1581 1523 1610 1575 et
1624 1522 1744 1575 aeternae
1758 1520 1828 1576 vitm

102 1623 242 1678 persona,
258 1608 358 1662 lumen
367 1608 391 1661 V
394 1610 556 1682 erbumque
567 1612 718 1678 temperat.
735 1610 779 1664 Tu
793 1609 870 1664 altus
886 1625 936 1664 se·
993 1608 1121 1664 fructum
1137 1613 1299 1679 exspectat.
1317 1609 1456 1680 Sequitur
1466 1610 1623 1680 processio
1639 1610 1671 1663 in
1685 1608 1827 1664 crucibus

103 1696 190 1765 dens,
199 1712 259 1750 non
270 1696 325 1750 ulta
334 1698 455 1768 sapiens
465 1699 518 1768 sis,
530 1700 582 1753 sed
596 1698 793 1754 humiliadete
802 1699 935 1754 sentiens
993 1701 1022 1753 et
1032 1698 1161 1753 vexillis.
1176 1698 1208 1751 ln
1217 1714 1305 1753 cruce
1318 1700 1417 1753 carnis
1428 1699 1600 1767 afflictio,in
1610 1697 1730 1753 vexillis
1739 1713 1825 1754 men-

102 1784 934 1858 humilibusconsentiusProindesiconsideresquantus
993 1786 1827 1855 tiselevati03crucibusvexillaaddimuscumexcarnis

102 1873 158 1943 sis,
169 1874 266 1946 cogita
277 1877 305 1928 et
316 1875 423 1945 qualis,
436 1879 464 1929 et
475 1876 601 1930 maxime
612 1879 803 1930 monstruosa
820 1892 869 1930 res
888 1879 934 1930 est
951 1850 977 1912 Β
993 1876 1190 1931 maceratione
1206 1875 1242 1929 ad
1254 1875 1354 1930 cordis
1368 1876 1618 1948 magnificentiam
1640 1874 1825 1945 proficimus.

103 1963 324 2033 grandissimus
341 1963 457 2018 animus
481 1968 510 2019 et
530 1964 676 2034 infirmus,
692 1965 782 2019 sedes
796 1964 891 2034 prima
907 1968 935 2018 ct
993 1965 1089 2018 Prima
1100 1964 1297 2035 processiotlt
1307 1965 1343 2018 de
1355 1964 1478 2019 domoin
1489 1964 1638 2033 templum,
1651 1962 1828 2020 secundade

100 2050 170 2114 imo,
187 2060 261 2105 vana
276 2052 378 2124 lingua
392 2055 421 2107 et
436 2053 635 2125 magniloqua,
653 2057 681 2107 et
704 2068 808 2107 manus
825 2053 931 2123 otiosa,
991 2054 1058 2107 vico
1069 2054 1100 2107 in
1112 2053 1267 2122 civitatem,
1285 2053 1425 2125 tertialde
1439 2056 1517 2108 terra
1532 2052 1563 2106 in
1578 2052 1694 2107 coelum.
1713 2050 1827 2107 Domus

101 2156 201 2195 sermo
214 2140 334 2210 multuS,
351 2144 379 2195 et
394 2140 509 2196 fructus
526 2142 636 2210 nullus3
652 2141 752 2196 vultus
776 2142 888 2214 gravis,
907 2146 936 2197 et
991 2144 1037 2196 cst
1052 2143 1167 2214 mansio
1178 2142 1284 2196 usibus
1294 2142 1438 2197 destinata
1450 2142 1590 2212 propriis3
1607 2139 1757 2211 templum,
1774 2140 1827 2197 dc·

101 2233 186 2283 artus
203 2229 289 2298 levis3
304 2230 412 2300 ingens
428 2231 599 2299 auctoritas,
610 2234 638 2284 et
653 2234 761 2284 nutans
777 2230 934 2284 stabilitas.
990 2247 1056 2286 mus
1072 2231 1181 2285 divinis
1198 2230 1342 2285 dedicata.
1366 2229 1555 2285 Conscientia
1578 2245 1651 2301 ergo
1674 2227 1827 2285 immunda

989 2320 1095 2375 domus
1107 2322 1163 2390 est,
1173 2319 1281 2374 munda
1289 2319 1441 2389 templum,
1452 2322 1481 2373 et
1495 2319 1534 2373 ita
1549 2318 1642 2389 prima
1657 2317 1824 2389 processio,

990 2409 1026 2463 ab
1036 2409 1187 2463 immunda
1197 2409 1344 2478 incipiens
1356 2408 1548 2476 conscientia,
1558 2407 1589 2460 in
1600 2407 1696 2477 ipsius
1706 2405 1825 2461 mundi·

988 2497 1058 2551 tiam
1074 2499 1256 2552 terminatur.
1288 2496 1379 2551 Vicus
1408 2511 1480 2551 vero
1496 2495 1637 2549 habitatio
1660 2494 1823 2551 immunita.

988 2586 1125 2641 Secunda
1144 2601 1217 2657 ergo
1233 2586 1420 2656 processioa
1443 2583 1684 2655 pusillanimitate
1700 2582 1824 2653 spiritus

988 2677 1016 2730 et
1026 2678 1209 2745 tempestate,
1220 2675 1308 2729 modo
1317 2673 1454 2745 ejusdem
1465 2674 1640 2727 terminatur
1651 2671 1822 2728 securitate.

987 2765 1095 2819 Ultima
1112 2764 1143 2818 fit
1158 2764 1194 2818 de
1208 2767 1287 2818 terra
1296 2763 1332 2817 ad
1344 2763 1468 2818 coelum:
1482 2761 1518 2816 de
1530 2761 1596 2816 loco
1607 2758 1778 2815 afflictionis
1794 2763 1824 2815 θῖ

986 2853 1116 2908 miseriae
1126 2853 1163 2906 ad
1179 2853 1276 2906 locum
1292 2850 1488 2922 jucunditatis
1503 2853 1531 2904 et
1545 2849 1661 2921 gloriae.
1685 2848 1718 2903 In
1727 2848 1823 2921 prima

99 2318 355 2372 Considerandum
365 2334 438 2390 ergo
448 2319 517 2388 quid
529 2319 584 2389 sis,
596 2322 626 2373 ut
634 2321 661 2372 te
673 2319 702 2372 in
713 2323 741 2373 te
750 2323 863 2389 teneas,
876 2336 935 2374 non

99 2407 255 2463 ambulans
264 2423 293 2459 m
305 2423 432 2479 magnus
442 2423 537 2478 neque
548 2409 579 2462 in
594 2408 778 2463 mirabilibus
794 2411 933 2479 superte,

99 2511 196 2566 neque
213 2496 269 2549 sub
285 2499 312 2550 ῖθ
328 2495 558 2566 inplorandam,
575 2497 643 2566 quia
658 2496 868 2551 locusmedius
887 2501 935 2552 θεῖ

99 2586 179 2652 tuus,
196 2587 224 2638 θῖ
238 2584 333 2638 virtus
350 2588 395 2639 est
420 2585 516 2656 utqui
542 2585 578 2640 hs
601 2587 744 2651 sentiens,
766 2602 826 2641 non
840 2586 934 2641 decus

99 2675 195 2742 tuum,
205 2673 259 2728 sed
268 2674 467 2728 ministerium
478 2674 576 2728 datum
588 2675 772 2729 consideres.
789 2675 934 2745 Propheta

100 2777 169 2815 cum
185 2761 321 2815 similiter
336 2761 503 2817 elevaretur
516 2762 637 2817 audivit:
655 2763 693 2817 Ut
707 2763 822 2818 evellas
832 2765 935 2818 etdes-

99 2855 192 2914 truas,
212 2855 241 2904 ct
257 2849 390 2906 oedidces
400 2857 430 2906 et
437 2850 640 2922 planteshlcr.
655 2851 685 2923 ι).
700 2852 890 2920 RusticareS,
903 2853 933 2905 iu

98 2938 219 2994 sudoris
231 2942 328 2993 autem
339 2939 472 2995 ehemate
483 2940 929 3011 quidamlahorspiritualisnon
985 2942 1189 3012 processione,
1207 2941 1255 2994 hic
1271 2941 1460 3009 adsuntpuer
1474 2940 1503 2994 et
1517 2937 1624 3008 puella,
1642 2937 1713 2994 inde
1724 2952 1819 2995 senex

97 3027 367 3099 honorexpressus
380 3032 435 3084 est.
452 3029 490 3083 Ut
500 3030 578 3084 enim
587 3029 731 3083 rusticum
740 3029 833 3084 facias
843 3045 930 3099 apua,
987 3034 1015 3086 ct
1030 3030 1127 3085 vidua.
1141 3031 1273 3099 lnpuero
1284 3029 1458 3098 lacrymaeet
1476 3043 1596 3090 moeror,
1610 3027 1640 3081 iu
1650 3025 1749 3096 puella
1762 3042 1820 3097 pu-

97 3117 249 3188 prophetae
265 3118 384 3173 sarculo
399 3134 474 3189 opus
491 3122 548 3186 est,
564 3135 623 3172 non
639 3121 768 3187 sceptro.
784 3117 928 3172 Attendas
987 3119 1051 3188 dor,
1068 3121 1098 3173 in
1110 3134 1181 3173 seue
1197 3121 1317 3186 tremor,
1335 3117 1363 3170 in
1379 3116 1468 3170 vidua
1486 3118 1602 3170 notatur
1625 3113 1721 3170 dolor.
1744 3113 1821 3186 Eget

97 3207 235 3277 regimini
247 3223 306 3262 non
321 3207 529 3277 imperaturus,
541 3208 595 3261 sed
614 3206 684 3260 vitia
698 3207 926 3277 exstirpaturus.
988 3209 1106 3264 omnino
1121 3206 1334 3278 purificationis
1351 3210 1461 3260 nostrae
1476 3204 1586 3260 festum
1599 3200 1708 3259 talibus
1724 3202 1820 3261 culto·

95 3294 179 3350 lllius
196 3300 297 3350 tenore
313 3299 479 3363 contentus,
492 3312 593 3351 curam
608 3295 793 3351 haereditabit
813 3299 841 3350 et
857 3312 929 3366 ope·
987 3298 1071 3352 ribus
1087 3314 1124 3353 ex
1139 3296 1343 3352 recordatione
1358 3298 1547 3365 peccatorum
1575 3291 1819 3364 lacrymantibus,

94 3399 169 3450 ram,
186 3399 245 3438 non
260 3384 400 3456 gloriam
424 3385 478 3439 sed
493 3389 521 3439 et
545 3384 668 3439 duritias
691 3401 744 3456 pro
768 3384 928 3440 blanditiis.
986 3386 1244 3450 erubescentibus,
1256 3385 1450 3440 trementibus
1460 3387 1489 3439 et
1499 3382 1679 3439 dolentibus.
1691 3381 1768 3438 Nam
1776 3383 1819 3437 ta·

95 3470 241 3526 Cathedra
259 3473 437 3544 episcopalis
449 3474 643 3544 speculaest3
659 3474 728 3529 inde
744 3475 930 3544 superiutcn·
983 3478 1055 3532 lium
1070 3481 1116 3531 est
1131 3473 1588 3545 circumducereprocessionem
1600 3487 1668 3528 cum
1680 3471 1816 3527 immola-

95 3560 170 3615 dens
181 3577 293 3616 sonans
304 3563 438 3633 episcopi
447 3579 565 3632 nomen,
576 3563 928 3636 ofilciumsignificatnon
983 3568 1062 3622 tione
1073 3567 1103 3620 in
1117 3564 1226 3635 templo
1242 3562 1475 3619 vociferationis.
1492 3561 1525 3616 ln
1541 3561 1674 3616 secunda
1688 3574 1815 3632 proces-

94 3648 267 3704 domiuium.
279 3650 385 3706 Tertiae
395 3652 625 3718 considerationi
634 3651 844 3723 adjiciendum,
853 3667 928 3722 qua·

93 3736 131 3792 ils
141 3738 185 3792 sis
195 3739 224 3792 in
235 3741 438 3796 condonandis
447 3741 577 3813 injuriis
589 3742 685 3813 qualis
695 3739 925 3807 inulciscendiS,

94 3843 182 3898 quom
198 3828 229 3881 in
245 3832 369 3901 utroque
385 3831 527 3900 providus
543 3831 601 3885 loci
616 3834 645 3884 et
653 3830 732 3885 modi
741 3829 925 3898 observator,

92 3916 191 3987 qualis
217 3917 247 3971 in
268 3919 432 3990 prosperis,
449 3920 546 3991 qualis
570 3920 601 3974 in
625 3919 772 3987 adversis,
799 3916 926 3988 qualiter

92 4009 236 4077 constans
252 4007 422 4078 inpropriis
436 4008 566 4080 injuriis,
584 4007 747 4063 condolens
763 4006 794 4060 in
807 4004 924 4060 alienis.

91 4095 220 4167 Magnus
231 4096 336 4167 estqui
347 4096 481 4151 incideris
491 4098 521 4151 in
532 4098 668 4164 adversa,
681 4111 741 4149 non
750 4093 859 4148 excidit
878 4092 925 4147 vel

90 4200 219 4254 parumn
231 4185 385 4254 sapientia3
396 4185 630 4257 maj01·quicum
641 4199 777 4254 praesens
797 4181 925 4236 felicitas

90 4271 149 4326 sibi
161 4272 270 4343 arrisit,
282 4272 325 4326 illi
343 4289 403 4328 non
414 4273 523 4329 arrisit.
540 4273 668 4329 Facilius
684 4273 763 4326 enim
777 4271 924 4326 contraria

81 4359 208 4419 ,fortuna
223 4377 310 4432 quam
325 4377 469 4433 prospera
485 4363 629 4433 snpientia
644 4362 798 4417 retinetur.

982 3656 1077 3725 sione,
1094 3654 1162 3709 hinc
1185 3654 1286 3708 videre
1306 3656 1353 3708 est
1382 3650 1597 3721 discipulorum
1624 3652 1731 3719 cretus,
1747 3649 1816 3705 inde

981 3744 1137 3816 utriusque
1153 3759 1246 3798 sexus
1261 3740 1387 3810 turbam,
1403 3756 1470 3811 qum
1490 3743 1671 3794 convenerat
1685 3738 1723 3793 ad
1738 3737 1818 3794 diem

980 3833 1100 3889 festum.
1118 3832 1235 3902 Recipit
1251 3832 1315 3886 haec
1339 3845 1460 3901 pueroS,
1483 3828 1704 3896 adolescentes,
1728 3829 1816 3883 erata

980 3924 1122 3976 maturos.
1140 3921 1172 3974 ln
1188 3920 1292 3991 primis
1308 3918 1425 3973 virtutis
1450 3917 1609 3987 inchoatio,
1626 3916 1657 3970 in
1672 3914 1815 3972 secundis

979 4010 1135 4082 promotio,
1146 4009 1175 4063 in
1184 4008 1279 4064 tertiis
1288 4012 1406 4063 notatur
1417 4006 1570 4078 perfectio.
1582 4006 1657 4061 Cum
1665 4003 1714 4061 his
1725 4019 1815 4076 opor·

978 4102 1019 4155 tet
1038 4098 1200 4168 procedere
1219 4098 1269 4169 qui
1291 4096 1353 4151 vult
1369 4099 1503 4152 sanctam
1520 4095 1637 4169 ingredi
1653 4094 1813 4151 civitatem.

980 4189 1087 4242 Ultima
1098 4187 1254 4257 processio
1263 4186 1368 4256 recipit
1382 4186 1465 4242 solos
1476 4186 1637 4257 perfectoS,
1650 4185 1720 4240 hinc
1730 4183 1814 4241 viros

978 4277 1132 4348 angelicos
1141 4276 1359 4331 descendentes
1378 4278 1406 4329 et
1420 4275 1560 4331 Galilaeos
1577 4289 1699 4331 sursum
1715 4272 1812 4330 inton-

980 4365 1093 4420 deutes:
1111 4365 1241 4420 modium
1254 4365 1358 4419 lesum
1372 4379 1389 4417 a
1404 4367 1484 4418 terra
1500 4364 1724 4433 sublevatum,a
1734 4359 1815 4418 nube

90 4448 153 4503 Trr.
172 4448 252 4504 xlN.
274 4450 319 4504 Da
341 4451 440 4505 tribus
459 4451 737 4522 supplicationibus,
760 4465 814 4504 seu
833 4463 922 4520 roqa-
936 4484 964 4546 D
980 4457 1163 4524 susceptum,
1180 4456 1209 4508 et
1227 4453 1257 4506 in
1277 4453 1386 4509 coelum
1408 4454 1604 4522 assumptum.
1630 4449 1723 4505 Primi
1743 4452 1815 4507 sunt

322 4539 454 4594 tionibus
461 4539 688 4611 principalibus.
979 4542 1050 4597 boni
1065 4543 1223 4612 doctores3
1240 4542 1365 4597 secundi
1379 4541 1450 4596 boni
1464 4540 1633 4608 auditores3
1654 4536 1733 4593 tertii
1758 4551 1812 4594 eos

128 4627 202 4682 Tres
222 4631 291 4683 sunt
314 4628 493 4699 principales
517 4629 746 4700 processiones:
773 4625 871 4681 Prima
895 4626 925 4679 in
980 4632 1030 4704 qui
1046 4647 1083 4686 ex
1097 4631 1145 4686 his
1161 4635 1189 4686 et
1203 4631 1263 4686 illis
1278 4633 1310 4686 in
1321 4631 1428 4686 coelum
1443 4628 1626 4699 recipiuntur
1640 4627 1812 4699 designant.

92 4716 405 4772 Purificatiouebeatae
417 4717 517 4772 Mariae
531 4733 597 4772 cum
613 4717 754 4771 cereisac
773 4715 925 4783 lucernis3
980 4720 1013 4774 ln
1033 4720 1163 4774 secunda
1178 4721 1374 4790 processione
1396 4734 1472 4789 opus
1492 4721 1538 4772 est
1561 4719 1611 4771 aut
1634 4718 1748 4772 turture
1763 4717 1814 4771 eut

90 4805 225 4861 secunda
237 4805 266 4859 in
277 4808 368 4861 ramis
380 4805 762 4875 Palmarum,cumlloribus
774 4803 924 4875 ctpnlmis,
980 4808 1133 4877 columha3
1157 4812 1280 4879 uterque
1309 4808 1450 4880 gemitum
1468 4821 1522 4876 pro
1544 4808 1631 4861 cantu
1654 4803 1754 4861 habet.
1778 4804 1814 4860 In

90 4893 178 4948 tertia
194 4895 274 4948 circa
288 4895 505 4949 ascensionem
521 4894 647 4963 Domini,
660 4910 728 4947 cum
743 4892 883 4948 crucibus
900 4893 929 4945 et
979 4898 1065 4951 cantu
1074 4896 1197 4951 turturis
1207 4897 1410 4968 gemitumpro
1421 4895 1563 4965 peccatis3
1581 4895 1660 4950 unde
1677 4893 1813 4951 solitudi-

92 4981 221 5037 vexillis·
238 4983 270 5037 ln
285 4983 402 5038 duobus
427 4987 524 5038 autem
550 4983 687 5038 consistit
712 4979 927 5052 purificationis
979 5000 1046 5040 nem
1061 4983 1816 5058 amat.lncantucolumbeenotamusgemitumpro·

91 5073 204 5127 nostrae
220 5071 342 5127 festum:
361 5073 390 5127 in
406 5072 590 5127 emundanda
610 5069 793 5126 conscientia
808 5071 928 5140 propter
979 5073 1136 5129 dilectione
1145 5074 1262 5145 patriae:
1280 5074 1358 5128 unde
1368 5074 1632 5146 congregationem
1647 5076 1735 5130 amat.
1748 5073 1814 5131 Hoc

91 5160 196 5229 Deum,
213 5163 242 5214 et
262 5159 339 5213 fama
356 5165 476 5231 propter
497 5160 674 5230 proximum.
700 5158 888 5215 Conscientia
910 5175 927 5212 a
979 5179 1054 5233 opus
1063 5164 1093 5217 in
1102 5163 1296 5233 processione
1305 5162 1492 5233 expiationis.
1504 5164 1536 5216 In
1552 5164 1685 5218 secunda
1693 5159 1817 5235 pulloet

91 5247 297 5303 manifestiset
308 5249 444 5304 occultis.
462 5248 559 5304 Unde:
577 5247 713 5319 Amplius
722 5246 789 5302 lava
799 5265 856 5318 me,
875 5248 929 5302 Do·
978 5252 1061 5307 asina
1071 5268 1137 5323 quae
1147 5255 1216 5306 sunt
1225 5251 1337 5307 minora
1347 5251 1559 5308 subselliorum
1568 5256 1597 5307 et
1605 5251 1814 5308 clitellatcrum

90 5336 182 5406 mine,
194 5336 396 5409 abiniquitate
406 5354 478 5406 mco,
487 5342 542 5393 etc.
551 5336 646 5407 (Psal.
656 5339 696 5405 a).
711 5336 787 5418 Ecce
797 5336 929 5392 demani-

91 5424 189 5479 festis.
202 5424 252 5479 Et:
262 5425 311 5480 Ab
323 5427 446 5482 occultis
458 5427 532 5481 meis
541 5425 646 5479 nrunde
656 5441 702 5478 rna
721 5424 817 5496 (Psal.
830 5424 924 5494 xvur).

92 5512 171 5568 Ecce
182 5519 218 5568 de
227 5515 362 5582 occultis.
375 5514 463 5569 Fama
472 5530 589 5586 quoque
602 5513 768 5567 mundanda
782 5517 811 5567 et
826 5517 926 5583 prote-

92 5609 191 5681 genda
201 5625 217 5663 a
228 5626 298 5665 vera
307 5610 552 5665 etfalsainfamia.
564 5610 731 5680 lnhisopus
740 5612 787 5664 est
795 5608 926 5681 lucerna,

91 5698 122 5755 id
130 5701 178 5760 eat
186 5699 442 5772 prudentiamulta
452 5714 519 5772 quae
527 5699 813 5759 insecretioribuset
821 5698 926 5758 obscu-

978 5357 1099 5414 genera.
1111 5341 1143 5394 ln
1160 5340 1413 5411 asinahumilitas,
1423 5342 1454 5396 in
1470 5342 1550 5412 pullo
1560 5339 1735 5395 humiliatio.
1751 5339 1815 5396 Hu-

978 5430 1086 5484 militas
1096 5445 1154 5501 qua
1163 5430 1290 5500 quisquc
1300 5430 1380 5484 intus
1388 5430 1505 5485 vilescit
1515 5429 1572 5484 sibi
1587 5429 1617 5482 in
1627 5427 1724 5484 oculis
1738 5428 1793 5484 Dei
1807 5445 1815 5501 ς

979 5518 1142 5574 humiliatio
1151 5517 1218 5589 ejus
1227 5516 1361 5587 effectus,
1372 5519 1459 5589 quasi
1472 5517 1604 5573 exterius
1614 5532 1648 5571 se
1662 5514 1767 5588 abjicit
1779 5517 1812 5574 in
1893 5537 1895 5541 ⁴

980 5609 1075 5665 oculis
1081 5609 1231 5678 proximit;
1240 5607 1324 5663 multi
1334 5607 1412 5662 enirn
1423 5609 1492 5662 sunt
1501 5606 1633 5661 exterius
1644 5604 1754 5677 abiecti
1762 5607 1814 5680 qui

979 5713 1051 5756 vere
1060 5697 1188 5757 humiles
1197 5713 1258 5753 non
1266 5698 1346 5754 sunt.
1357 5695 1435 5754 liiin
1443 5694 1537 5769 pullo,
1549 5709 1615 5755 noa
1620 5694 1752 5755 masma
1759 5711 1820 5750 sa-
