3796 6022
1738 292 1820 376 11‘70

90 310 170 380 1169
743 306 971 374 SERMONES
994 305 1181 375 CENTUM.

90 516 184 589 (Psal.
199 516 328 586 auxum).
342 513 377 570 Et
387 515 456 570 licet
466 515 533 582 ista,
546 530 612 586 quaa
623 513 700 569 dieta
715 514 794 583 sunt,
811 527 919 568 secun·
937 497 968 559 Α
983 512 1082 583 Spolia
1099 512 1290 583 Assyriorum
1303 511 1474 585 significant
1482 512 1666 584 sapientiam,
1679 513 1817 587 eloquen-

90 608 321 677 dumntrumque
334 609 444 659 sanctae
457 604 922 674 Ecclesiaestatumexponamus,
981 602 1061 672 tiam,
1078 617 1167 672 opera
1184 601 1318 674 quaedam
1334 604 1362 655 et
1377 601 1512 671 virtutes,
1529 605 1557 656 et
1573 603 1819 658 benorumdisci-

89 696 125 749 ad
143 695 268 750 laturam
285 698 381 748 tamea
396 692 502 748 melius
517 692 696 748 referuntur.
714 692 924 748 Undeetsub-
980 691 1088 762 plinam
1123 706 1237 746 morum
1266 691 1430 762 gentilium.
1466 691 1498 745 ln
1533 693 1642 764 quibus
1677 695 1815 749 omnibus

90 785 184 839 ditur:
197 783 379 839 Benedictus
388 782 539 851 Dominus
549 783 598 854 qui
604 781 828 848 exaltaritcam,
842 786 871 836 ut
885 781 925 836 sit
979 779 1119 834 nonnulla
1136 780 1298 850 probantur
1312 780 1473 835 imitatione
1489 781 1580 836 utilia.
1598 784 1712 838 Aurum
1722 784 1815 858 signi-

89 870 922 944 regnmnejussnpereaminsmerlasreeulorum.Amen.
979 868 1255 939 ticatsapienliam3
1287 873 1443 941 argentum
1467 871 1683 942 eloquentiam3
1713 877 1814 942 vestes

91 960 233 1026 Quamvis
244 961 323 1016 enim
339 975 464 1032 regnum
482 961 533 1014 Dei
549 976 641 1030 super
656 959 822 1013 Ecclesiam
837 959 924 1014 eliam
978 957 1056 1013 bona
1072 973 1179 1028 opera,
1198 975 1333 1030 gemmae,
1349 960 1490 1028 virtntcs;
1507 961 1588 1013 varia
1604 961 1753 1032 supellex,
1764 962 1816 1018 bo·

89 1051 118 1104 in
130 1051 272 1121 praesenti
287 1049 334 1113 sit,
349 1050 378 1104 in
392 1048 489 1105 lutura
502 1053 597 1103 tamen
616 1048 705 1103 multo
717 1048 844 1118 amplius
861 1047 923 1103 lore
978 1065 1083 1103 norum
1100 1053 1266 1103 ornamenta
1279 1066 1403 1105 morum.
1414 1049 1485 1115 Quae
1497 1050 1547 1104 tihi
1566 1049 1658 1104 lsrael
1673 1051 1813 1107 hostibus

90 1139 216 1209 ridetur,
227 1139 544 1194 cumvidelicctomnis
555 1138 699 1193 calumnia
711 1137 823 1208 peccati
839 1136 922 1192 delc—
978 1139 1125 1207 auserunt,
1143 1138 1243 1192 ludith
1258 1139 1400 1209 tribuunt,
1418 1139 1487 1194 dum
1503 1139 1607 1194 fideles
1624 1155 1728 1196 omnes
1748 1140 1813 1196 haeo

88 1231 171 1299 serit,
180 1228 626 1284 camnocmorsneemortalitas
639 1228 713 1282 ultra
722 1226 920 1280 dominabitur
979 1231 1154 1282 exercentes
1166 1243 1199 1282 ca
1211 1227 1246 1282 ad
1258 1227 1384 1297 laudem,
1393 1231 1420 1281 et
1432 1229 1562 1283 studium
1576 1228 1721 1284 Ecclesiae
1732 1229 1812 1285 rele-

89 1318 250 1389 nobis,sed
258 1317 512 1390 corruptibilelroo
520 1315 920 1387 indueritincorruptionem,
979 1320 1056 1372 runt.
1069 1316 1118 1371 Sic
1134 1317 1261 1388 populns
1277 1316 1329 1370 Dei
1346 1316 1382 1370 ab
1407 1316 1539 1388 zligppto
1555 1318 1701 1372 recedens
1718 1319 1814 1390 ipsam

91 1407 452 1463 ctmortalclroeinduerit
469 1405 721 1461 immortalitatem
734 1426 742 1459 :
756 1422 819 1460 cum
827 1404 922 1459 Filius
979 1405 1126 1476 spoliavit,
1147 1406 1224 1459 unde
1241 1405 1463 1459 tabernaculum
1480 1407 1655 1461 construxit.
1677 1406 1726 1463 Sic
1738 1407 1814 1479 justi

90 1497 254 1552 tradiderit
264 1513 386 1566 regnam
399 1496 459 1550 Dco
470 1503 498 1550 ct
509 1495 605 1559 l'atri,
615 1501 643 1549 et
660 1495 720 1550 crit
732 1494 811 1549 Deus
820 1494 917 1549 onznia
979 1495 1035 1549 sub
1045 1495 1232 1550 Testamenta
1243 1493 1352 1563 Veteri,
1361 1510 1427 1565 qum
1436 1495 1774 1567 hostibusabstulerunt,
1783 1498 1814 1554 in

87 1586 303 1655 inornnibusll
311 1586 448 1654 Comxv).
463 1584 497 1638 Et
508 1601 596 1652 nunc,
615 1583 794 1654 charissimi,
812 1584 916 1638 videa·
979 1583 1175 1637 ministerium
1188 1583 1289 1654 templi
1310 1586 1571 1638 consecraverunt.
1588 1584 1697 1639 Omnes
1713 1586 1814 1656 populi

88 1692 166 1743 mus,
183 1692 219 1729 aa
244 1675 279 1729 de
296 1674 408 1729 semine
432 1674 510 1728 bcali
535 1673 630 1726 Patris
646 1673 816 1744 Augustini,
830 1672 859 1727 id
875 1674 921 1727 cst
978 1673 1147 1744 gaudebant
1163 1689 1230 1727 cnm
1246 1672 1431 1742 mulieribuS,
1450 1676 1478 1728 et
1493 1673 1672 1743 virginibus,
1690 1678 1719 1728 et
1731 1674 1815 1745 juve·

93 1765 256 1819 imitatores
272 1763 338 1836 ejas
355 1764 449 1818 simus
469 1762 546 1816 sieut
561 1776 630 1815 esso
646 1761 798 1816 debemus
816 1763 920 1816 Atten·
939 1809 964 1870 Β
980 1762 1069 1816 nibus
1085 1763 1115 1816 in
1139 1762 1270 1834 organis,
1297 1766 1325 1816 et
1341 1763 1472 1817 citharis
1501 1762 1641 1819 blulicres
1665 1766 1743 1833 suut,
1761 1765 1812 1835 qui

88 1854 204 1922 damna,
234 1870 271 1907 an
300 1852 423 1907 verbum
448 1851 510 1916 Del,
537 1867 604 1922 epis
625 1850 760 1920 exemplo
780 1851 917 1922 legendo,
981 1853 1112 1905 materno
1137 1850 1242 1905 nllcctu
1266 1867 1337 1923 erga
1362 1851 1553 1922 aliosagunt,
1577 1852 1627 1921 qui
1653 1855 1814 1909 cosvarbo

88 1943 265 2011 meditando,
281 1942 441 2010 tractando,
459 1938 836 2011 p1·aedicando,secundnm
852 1955 919 2012 gra·
981 1942 1122 1996 doctrinae
1139 1941 1264 2011 pariunt,
1291 1944 1319 1995 ct
1344 1941 1483 1994 nutriunt.
1512 1940 1618 1994 Mulier
1639 1941 1704 1996 sive
1720 1925 1813 2011 mater

91 2033 161 2087 tiam
173 2032 260 2087 nobis
271 2031 540 2102 datamdiligimus3
552 2046 588 2084 nn
600 2028 667 2101 ejus
680 2028 923 2084 honestissimam
978 2030 1033 2085 fuit
1047 2030 1167 2100 Paulus,
1180 2030 1298 2102 quando
1307 2030 1360 2085 ait:
1374 2029 1485 2093 Filiolr',
1500 2046 1571 2101 quos
1581 2030 1689 2084 iterum
1699 2037 1806 2102 partu-

91 2121 267 2194 religionem
283 2124 384 2174 sancte
399 2120 526 2174 vivendo
542 2120 611 2174 totis
627 2118 743 2173 viribus
763 2118 921 2174 imitamur.
977 2121 1032 2185 rio,
1052 2120 1144 2175 donec
1159 2119 1306 2174 lormetur
1324 2119 1465 2173 Christus
1475 2120 1506 2172 in
1520 2119 1603 2173 rolris
1617 2118 1697 2185 (Gal.
1711 2123 1760 2191 rr).
1774 2121 1810 2175 Et

88 2211 121 2265 Si
136 2211 213 2264 enim
229 2210 293 2264 haec
303 2208 438 2278 tacimus,
456 2223 525 2263 vere
538 2207 714 2280 semenejus
724 2223 839 2277 sumus,
852 2222 921 2263 vere
977 2209 1060 2265 item:
1073 2209 1132 2263 Lae
1142 2208 1224 2264 robis
1235 2215 1335 2281 petum
1351 2208 1496 2277 dcdi,non
1514 2207 1808 2278 oscamllCor.x1u).

83 2299 246 2354 claritatem
260 2297 390 2352 caelestis
402 2297 566 2352 Jerusalem
578 2313 645 2352 cum
660 2297 726 2368 ipso
738 2297 918 2367 contempla·
976 2298 1355 2371 Namvirginessunt,quia
1365 2298 1810 2369 nogotiodoctr·inaequicscunt;

83 2388 192 2443 bimur.
204 2386 287 2453 Quod
299 2385 386 2441 nobis
397 2389 539 2457 praestare
555 2386 694 2459 dignatur
707 2385 798 2442 lesus
815 2386 918 2442 Chris·
977 2389 1027 2459 qui
1043 2404 1107 2443 eam
1122 2391 1243 2458 tantum,
1260 2403 1327 2458 quaa
1343 2387 1406 2457 Dei,
1424 2403 1483 2442 non
1500 2388 1586 2441 ctiam
1602 2403 1669 2458 quaa
1683 2386 1812 2457 parolll·

89 2480 139 2532 tus
154 2476 297 2531 Dominus
312 2479 424 2532 uester.
441 2477 545 2532 Amen.
979 2478 1057 2532 cium
1072 2476 1214 2532 doctrinae
1229 2477 1357 2547 proximi
1373 2479 1451 2545 sunt,
1470 2476 1609 2547 cogitant,
1621 2479 1649 2530 et
1660 2477 1808 2547 quomodo

350 2564 480 2622 SERMO
504 2565 654 2620 LXXXV.
976 2569 1110 2622 mentcet
1122 2581 1245 2636 corpore
1257 2565 1355 2620 sancti
1368 2566 1427 2619 Deo
1443 2565 1578 2635 placeant
1593 2564 1691 2619 solum
1706 2564 1809 2620 elabo-
1826 2588 1829 2592 ⁴

86 2654 216 2711 Infesta
239 2655 337 2710 sancti
352 2654 512 2710 Michaelis
531 2656 657 2726 primus.
673 2684 709 2694 —
728 2653 780 2709 Ex
792 2653 921 2724 historia
977 2659 1053 2711 rant.
1069 2655 1202 2711 iuvenes
1218 2657 1299 2723 sunt,
1314 2654 1365 2724 qui
1381 2669 1434 2723 por
1449 2652 1561 2707 nullum
1575 2653 1646 2707 boni
1663 2653 1811 2723 operisal·

405 2743 479 2798 libri
495 2743 608 2798 luditl.
977 2745 1087 2801 lectum
1102 2746 1274 2814 senescunt,
1291 2743 1345 2798 sed
1362 2744 1521 2798 renovatur
1535 2744 1566 2796 at
1581 2742 1687 2813 aquilae
1701 2741 1812 2813 juven-

123 2831 434 2888 Notacsthistoriade
445 2831 556 2902 ludith,
568 2832 716 2903 quomodo
729 2831 921 2887 llololerncm
975 2838 1023 2889 tus
1039 2849 1141 2889 corum
1156 2833 1250 2903 (Psal.
1271 2834 1331 2902 cu),
1349 2834 1377 2886 ct
1400 2832 1426 2886 si
1448 2831 1577 2885 exterior
1601 2846 1703 2885 eorum
1719 2831 1807 2886 homo

84 2921 920 2995 principemexercitusregisAsspriorum,quiincadem
975 2921 1181 2991 corrumpitur,
1208 2920 1331 2976 interior
1356 2922 1452 2974 tamen
1474 2922 1633 2972 renovatur
1654 2919 1689 2974 do
1714 2919 1761 2974 dio
1777 2921 1808 2975 in

84 3011 209 3068 historia
225 3009 501 3066 Nabuchodsnosor
515 3009 689 3081 appellatur,
715 3012 743 3064 ct
758 3010 788 3063 in
812 3009 919 3064 Ninive
974 3011 1052 3067 diem
1067 3010 1109 3079 (ll
1120 3010 1187 3064 Gor.
1208 3012 1259 3078 iv).
1276 3008 1349 3062 Cum
1364 3008 1411 3060 his
1433 3007 1570 3060 omnihus
1588 3006 1690 3060 fideles
1707 3008 1809 3078 populi

83 3116 231 3174 regnasse
240 3099 420 3172 perhibetur,
436 3098 592 3154 interfecit.
601 3098 662 3164 Qua
670 3097 918 3169 perae-tarictoria
937 3099 1134 3179 cersultant,
1151 3102 1179 3153 et
1201 3097 1271 3169 quid
1287 3097 1467 3150 intrinsecus
1492 3095 1593 3166 gaudii
1617 3095 1652 3149 do
1680 3096 1806 3166 spiritali

87 3194 117 3246 et
145 3189 250 3262 spoliis
266 3188 396 3244 hostium
422 3187 566 3257 collectis,
583 3188 727 3242 dederunt
749 3186 801 3241 filii
827 3186 919 3243 lsrael
976 3188 1098 3245 victoria
1114 3187 1249 3255 habeant,
1267 3186 1455 3241 extrinsecus
1465 3185 1667 3239 demonstrant
1678 3185 1708 3239 in
1719 3201 1810 3258 orga-

89 3279 192 3335 ludith
209 3278 238 3333 in
253 3294 335 3347 auro,
353 3281 381 3333 et
395 3279 529 3349 argento,
547 3278 575 3331 et
583 3276 728 3346 vestibus,
741 3279 770 3331 et
779 3277 917 3349 gemmis,
975 3292 1032 3347 ma,
1050 3277 1078 3332 id
1093 3281 1140 3332 est
1154 3275 1277 3331 canticis
1293 3274 1498 3344 spiritualibus
1514 3277 1542 3328 et
1567 3274 1699 3343 citharis,
1717 3274 1746 3329 id
1762 3277 1810 3331 est

89 3371 118 3424 et
127 3368 206 3423 omui
217 3366 393 3439 supellectili
404 3366 556 3435 universa,
566 3381 633 3436 qum
644 3364 815 3422 llololernis
826 3380 919 3436 pecn—
973 3367 1061 3423 bonis
1070 3366 1221 3436 operibus.
1233 3363 1350 3436 Organa
1359 3380 1494 3434 namque,
1513 3367 1543 3417 ut
1552 3378 1658 3417 sonum
1669 3354 1805 3433 reddant,

86 3457 170 3511 liaria
181 3456 277 3512 fuisse
291 3457 413 3527 probata
428 3458 512 3526 sunt3
523 3458 551 3509 ct
567 3470 673 3510 omnes
687 3454 790 3526 populi
805 3454 919 3527 gaude·
972 3448 1131 3525 implentur
1141 3456 1238 3522 vento,
1252 3457 1280 3508 ct
1291 3468 1343 3523 per
1353 3452 1587 3523 hocsignillcant
1598 3451 1804 3524 cauticaplenn

84 3545 157 3600 hant
172 3562 237 3600 cum
249 3545 435 3622 mulieribus,
448 3547 476 3600 et
490 3543 669 3617 virginibus,
682 3541 920 3615 etinvenibusin
973 3543 1083 3614 Spiritu
1093 3545 1206 3598 sancto.
1217 3540 1435 3609 Citharaevcro,
1453 3543 1485 3594 ut
1500 3543 1616 3608 sonent,
1635 3556 1723 3597 manu
1737 3545 1803 3595 tan-

89 3635 223 3707 organis,
240 3637 268 3689 et
284 3633 417 3690 citharis.
434 3633 517 3688 Tunc
534 3632 641 3688 cecinit
656 3632 757 3688 ludith
773 3631 919 3687 canticum
972 3636 1092 3705 guntur,
1110 3635 1137 3686 et
1153 3633 1309 3702 propterea
1323 3645 1376 3701 por
1392 3628 1521 3683 citharas
1538 3645 1628 3701 opera
1642 3629 1720 3686 bona
1731 3630 1808 3702 sigu-

90 3724 148 3779 hoc
158 3723 291 3794 Domino,
303 3723 421 3778 dicens:
435 3722 692 3795 lncrpiteDornino
703 3722 733 3776 in
750 3721 919 3794 tympanis:
970 3725 1082 3777 rantur.

90 3811 346 3868 Cantatellomino
361 3812 391 3867 ln
406 3810 560 3884 cymbalis,
577 3809 769 3866 modulamini
780 3809 826 3864 illi
836 3808 920 3881 psal·
1008 3810 1134 3882 Incipite
1150 3808 1273 3864 Domino
1287 3807 1318 3862 in
1330 3807 1485 3880 tympanis,
1498 3812 1615 3861 cantate
1634 3806 1757 3862 Domino
1769 3808 1801 3876 in

85 3898 919 3972 mumnorum,exsultate,·etirroratenomenejusllorni·
973 3898 1128 3972 cymbalis,
1139 3897 1329 3952 modulamini
1344 3896 1390 3951 illi
1401 3895 1545 3968 psalmum
1562 3913 1677 3951 uorum.
1699 3895 1806 3954 Sancta

88 3989 404 4055 nascenterensbella,
420 3990 673 4045 Domiunsnomen
681 3995 726 4045 ost
733 3987 789 4043 illi.
800 3986 855 4054 Qut
863 4003 918 4059 po·
972 3987 1106 4043 Ecclesia
1122 3987 1152 4041 in
1167 3987 1224 4041 hoc
1240 3987 1354 4041 cantico
1369 3988 1397 4040 et
1412 4002 1464 4056 pro
1481 3986 1585 4056 adepta
1597 3986 1721 4040 victoria
1737 4003 1807 4059 gra-

85 4081 146 4135 suit
153 4084 311 4134 rusticana
318 4079 453 4135 inmedio
458 4078 558 4152 populi
570 4078 868 4150 sui,uter1'perctnos
881 4076 918 4131 de
971 4077 1028 4132 tias
1038 4076 1109 4149 agit,
1122 4074 1340 4130 etlrdelessuos
1349 4074 1466 4145 quando
1476 4075 1502 4128 ei
1512 4075 1804 4131 concinantinstruit.

83 4184 172 4225 mann
193 4168 379 4223 inimicorum
396 4175 563 4223 nostrorum
585 4167 799 4237 (ludith.xr1l.
816 4165 917 4221 ludith
971 4164 1269 4237 Incipithominoin
1288 4163 1446 4236 tympanis.
1464 4162 1617 4233 lntendite,
1638 4163 1810 4220 fratres.Ut

85 4256 235 4329 significat
250 4256 424 4326 Ecclesiam,
441 4255 681 4311 Nabuchodosor
696 4254 855 4322 diabolum,
869 4253 918 4308 Ni·
972 4239 1408 4324 enimexhisverbisperpendi
1422 4255 1530 4323 potest3
1545 4253 1805 4327 nonestfspeciosa

84 4347 153 4402 nive
168 4346 319 4414 mundum,
336 4345 515 4400 Hololernes
530 4344 658 4416 aliquem
672 4342 915 4399 robustissimum
972 4340 1486 4415 lausiaorepeccatorislb'ccli.xv),
1505 4328 1665 4417 quicarnis¹
1677 4355 1805 4396 suaevo-

83 4435 248 4507 prineipem
259 4435 436 4502 daemonum,
449 4433 513 4489 sive
522 4433 716 4505 principatum
727 4431 859 4509 gentium
869 4430 917 4485 ad·
973 4431 1076 4486 luntati
1086 4433 1189 4486 servit.
1201 4429 1256 4496 Qui
1264 4431 1343 4485 enim
1352 4428 1663 4497 commessationibus,
1672 4427 1805 4499 etabrie-

84 4538 194 4578 versus
209 4522 375 4579 Ecclesiam
388 4521 622 4594 malignantium.
634 4520 736 4590 iudith
750 4518 849 4592 gladio
860 4519 918 4576 Ho-
975 4519 1092 4584 tatibus,
1106 4518 1255 4575 cubilibus
1276 4520 1304 4574 et
1317 4517 1509 4589 impudicitiis
1520 4516 1662 4585 descruit,
1676 4531 1809 4572 carnem-

85 4610 212 4668 loleruis
228 4614 315 4681 caput
329 4609 396 4682 ejus
411 4610 556 4673 abscidit:
580 4609 649 4680 quia
663 4610 765 4665 sancta
781 4607 916 4663 Ecclesia
971 4624 1028 4680 qua
1043 4600 1127 4663 subm
1143 4622 1196 4679 per
1211 4606 1429 4674 abstinentiam,
1449 4608 1477 4660 et
1491 4605 1701 4660 continentiam
1712 4605 1802 4667 casti·

89 4699 250 4772 cujuslibet
264 4698 361 4754 hostis
381 4698 527 4754 adversus
539 4697 730 4771 malignantia
745 4696 916 4769 superbiam

85 4777 440 4860 perpropria'mmalitiam
456 4785 619 4841 contundit.
638 4785 714 4840 Dum
729 4782 918 4839 animadver-

86 4893 140 4933 sus
148 4875 322 4945 Ecclesiam,
330 4874 545 4947 volquamlibet
558 4874 692 4929 sanctam
698 4873 826 4927 animam
833 4871 917 4927 calli·

89 4965 146 5020 dus
158 4963 255 5020 bostis
264 4962 449 5034 malignatur,
462 4963 490 5017 et
498 4961 563 5033 ipsa
573 4960 733 5033 adjuvaute
743 4959 839 5033 gratia
847 4958 916 5031 ejus

85 5051 338 5121 malitiamevadit,
347 5050 590 5122 inipsumeadem
596 5049 705 5105 malitia
717 5051 915 5120 retorquetur,

83 5155 139 5212 par
152 5155 240 5213 quam
263 5141 292 5195 et
314 5138 468 5196 occiditur.
484 5136 570 5193 Unde
585 5139 614 5194 ct
634 5135 724 5211 impio
738 5135 914 5208 presbytero

84 5227 349 5300 adversusjustam
363 5226 531 5283 Susannam
545 5224 719 5298 malignitati
729 5222 838 5279 dictum
854 5225 914 5279 ast:

87 5315 416 5372 Reclamantitusestin
423 5317 508 5386 eaput
516 5318 604 5369 tuum.
612 5312 698 5382 (Dan.
711 5310 832 5383 aurant
845 5311 916 5366 item

88 5404 293 5475 scriptumest:
299 5403 427 5459 Meutita
442 5401 638 5475 estiniquitas
651 5398 915 5470 sibitPsal.xxv1).

86 5492 204 5549 lustum
215 5494 261 5548 est
271 5491 349 5546 enim
359 5493 391 5547 ut
400 5490 480 5562 quod
497 5489 607 5560 impius
623 5488 751 5560 quisquc
768 5487 915 5543 adversus

80 5575 914 5651 justumconatur,ipseanatinerecogatur.0maesenim,

82 5661 913 5748 quiacceperintgladium,gladloperibunt(Matthxav).

972 4712 1043 4768 gare
1058 4696 1193 4773 negligit,
1218 4710 1351 4767 congrue
1375 4694 1436 4749 Deo
1452 4694 1564 4767 gratias
1588 4709 1678 4765 agere
1692 4694 1804 4771 nequit.

973 4784 1165 4855 lympanum,
1175 4782 1255 4854 qnod
1264 4781 1341 4854 pella
1361 4782 1471 4837 siccata
1487 4783 1516 4836 et
1529 4784 1653 4836 extensa
1668 4782 1710 4854 fit,
1726 4776 1804 4839 affli-

973 4872 1098 4927 ctionem
1109 4871 1209 4926 carnis
1219 4870 1364 4942 exprimit.
1388 4870 1509 4942 lncipite
1528 4871 1640 4942 ergoin
1657 4875 1804 4945 tympanis

973 4962 1002 5015 et
1016 4962 1120 5031 postca
1135 4961 1249 5015 cantate
1264 4960 1295 5014 iu
1311 4958 1465 5031 cymbalis.
1482 4959 1632 5030 Cymbala,
1649 4977 1716 5031 quaa
1727 4962 1807 5037 invi-

975 5063 1039 5103 cem
1053 5063 1198 5118 percussa
1212 5050 1328 5114 sonant,
1345 5047 1424 5103 labia
1446 5050 1548 5104 nostra
1573 5035 1713 5119 figurant,
1739 5067 1807 5121 quaa

975 5135 1044 5190 dum
1059 5135 1187 5190 invicem
1203 5133 1347 5192 cautando
1365 5137 1558 5207 percutimua,
1576 5151 1684 5191 sonum
1707 5136 1804 5193 laudis

975 5223 1084 5279 divina
1095 5222 1257 5280 reddimus.
1268 5213 1441 5280 Praeedanl
1449 5240 1521 5297 ergo
1531 5226 1677 5297 tympana,
1689 5224 1807 5281 utbeue

972 5313 1080 5368 sonent
1094 5311 1237 5382 cymbala,
1263 5311 1293 5367 id
1316 5315 1364 5369 est
1385 5313 1588 5386 nosmetipsos
1612 5312 1741 5382 primum
1756 5327 1811 5384 per

973 5399 1165 5455 afflictionem
1180 5399 1311 5470 perfecte
1326 5401 1512 5470 mundamus,
1530 5402 1560 5454 ut
1575 5403 1679 5470 postea
1689 5394 1807 5456 landem

971 5487 1025 5542 Dei
1037 5502 1170 5560 congrue
1180 5491 1208 5543 et
1219 5491 1338 5559 accepte
1347 5488 1548 5543 decantemus.
1558 5487 1697 5542 Psalmus
1708 5489 1774 5545 sive
1786 5504 1804 5542 a

972 5574 1811 5648 psallendosiva[psalleinlpsalloiaGraeco,quodesttan·

972 5659 1810 5739 gara,dicatur,ellectumsignitloatbonioperis.Incipite
