3816 6030
55 108 124 172 ⁷25

643 106 950 174 Misenensem.
974 144 1011 156 -
1034 109 1113 174 LlB.
1139 110 1195 173 lv.

1730 107 1790 175 726

63 309 99 364 in
115 325 151 365 eo
164 309 242 382 quod
258 308 400 365 velociter
422 312 554 380 currunt,
570 313 726 381 serpentes
741 325 801 364 non
816 308 897 363 ocei-
915 286 944 349 Α
958 311 1057 366 ornari
1077 312 1165 383 cupit,
1195 315 1227 366 ut
1255 311 1344 367 alium
1366 326 1452 384 reque
1469 309 1571 367 utilem
1594 311 1788 384 aspernetur3

60 399 149 467 dunt,
165 399 219 454 sed
234 399 374 468 nutriunt,
392 399 459 470 quia
474 399 504 453 in
520 415 555 454 eo
571 399 649 470 quod
665 398 781 453 fortiter
794 400 896 470 agunt,

65 488 325 558 superbiaetvana
341 488 435 560 gloria
445 488 494 542 alii
505 491 660 559 serpentes
671 488 896 542 convalescunt.

64 576 128 630 Alii
140 579 170 631 in
184 578 273 632 bonis
289 578 429 648 operibus
449 578 557 632 bonam
573 577 764 632 intentionem
789 577 898 631 habent

57 670 90 719 et
103 667 273 737 serpentina
288 667 426 721 vitiorum
443 683 556 721 venena
571 667 748 721 mortificare
765 666 895 733 student,

56 755 200 809 seddum
215 756 334 810 modum
354 760 382 810 et
411 759 526 826 tempus
550 771 670 810 servare
700 755 847 823 nesciunt,
866 754 895 809 in

57 845 229 899 daemonum
245 845 370 899 insidias
382 846 468 916 quasi
495 844 798 914 venantiumlaqueos
815 843 893 896 inci-

56 934 143 988 dunt.
162 934 214 988 Est
225 950 297 1006 ergo
309 950 368 988 vox
384 935 578 1004 praeparantis
587 948 704 1001 cervos,
718 932 803 1003 juxta
814 932 894 986 illud:

58 1023 88 1077 F
88 1023 132 1092 ifi,
146 1024 293 1077 accedens
306 1024 343 1076 ad
351 1023 607 1091 servitutcmllci,
616 1028 662 1076 sta
670 1022 700 1074 in
701 1021 896 1094 justitiaetin

57 1114 178 1181 timore,
197 1119 225 1166 et
239 1129 377 1184 prapara
404 1113 529 1165 animam
549 1118 625 1165 tuam
652 1111 690 1165 ad
705 1111 896 1165 tentationem

55 1201 162 1262 (Eeeli.
173 1202 214 1270 n).
233 1201 344 1255 Etillud
359 1218 364 1255 ε
379 1201 502 1255 Serrite
512 1201 635 1255 Domino
643 1201 673 1254 in
686 1198 894 1269 timoretPsaf.

58 1292 102 1352 nl.
122 1291 159 1344 l't
183 1291 274 1362 igitur
298 1292 333 1343 ad
364 1306 519 1345 cervorum
544 1305 699 1344 numerum
719 1288 893 1359 pertineant.

59 1382 177 1448 oportet
196 1395 248 1433 cos
264 1383 292 1433 et
315 1380 458 1434 velociter
483 1395 613 1448 currere,
638 1381 666 1432 et
682 1381 765 1432 caute
781 1377 893 1431 timere.

56 1469 181 1522 Talibus
199 1468 298 1522 cervis
314 1469 359 1522 sie
382 1469 556 1539 praeparatis
576 1467 720 1522 revelabit
745 1466 895 1521 eondensa

57 1557 288 1627 Scripturarum,
304 1558 449 1628 profunda
460 1558 779 1629 allegoriarum,opnca
795 1571 895 1609 suera-

958 400 1110 455 ebaritatis
1125 403 1259 482 ornatum
1277 400 1435 456 nonhabet
1459 416 1526 472 quoe
1540 399 1667 458 vestitur
1687 398 1787 457 verie-

957 493 1025 544 tate.

1043 579 1105 632 Trr.
1117 579 1223 633 XLIX.
1240 578 1284 633 De
1299 579 1457 650 opprobrio
1471 585 1501 632 et
1515 583 1694 650 contemptu.

954 667 1082 723 Aufera
1111 685 1157 723 me
1183 667 1371 739 opprobrium
1408 675 1437 722 et
1466 673 1661 739 contemptam
1688 663 1786 738 (eset.

954 759 1068 818 cxvnrl.
1080 756 1278 826 Opprobrium
1294 760 1340 810 est
1368 757 1463 827 culpa,
1486 759 1673 829 contemptus
1688 772 1786 829 poena.

953 845 1045 917 Culpa
1056 846 1229 917 iniquitatis,
1246 863 1332 916 poena
1347 846 1519 900 mortalitas.
1532 846 1656 916 Propter
1677 846 1789 919 iniqui·

953 935 1147 989 tatemfaetus
1163 951 1229 989 sum
1238 934 1456 1005 exprobrabilis
1469 951 1476 1003 3
1492 939 1613 1006 propter
1627 935 1790 990 mortalite-

952 1031 1021 1095 tem,
1038 1024 1278 1095 contemptibilis.
1290 1024 1525 1079 abominabilem
1538 1040 1584 1079 me
1600 1024 1669 1079 facit
1680 1004 1805 1082 conen-⁸

952 1114 1106 1184 piscentia,
1119 1114 1208 1168 vilem
1223 1114 1353 1167 miseria.
1369 1112 1497 1167 Aufera'
1521 1129 1567 1168 me
1584 1112 1785 1185 opprobrium,

952 1206 1007 1257 etc.
1024 1203 1056 1257 Si
1067 1203 1141 1257 facis
1153 1219 1199 1257 me
1212 1202 1337 1274 iustum,
1368 1201 1454 1257 aufer
1483 1219 1560 1256 ame
1576 1201 1776 1274 opprobrium,

954 1292 1040 1347 aufer
1054 1297 1260 1364 contemptum.
1497 1280 1500 1286 ¹

953 1381 1015 1435 'l'rr.
1033 1381 1055 1435 l.
1071 1381 1259 1436 Deentrenro
1274 1381 1450 1436 terraeunde
1463 1379 1783 1452 producunturnubes,

1220 1452 1338 1524 fulgura
1355 1458 1384 1507 et
1396 1452 1516 1523 plurim.

989 1536 1787 1612 Producensnubesabentremoterrmfulgnrninplu-

57 1651 224 1701 mentorum
240 1647 390 1718 mysteria,
401 1647 608 1716 mysteriorum
617 1649 742 1699 secreta.
752 1644 894 1714 Dubitque
912 1634 939 1696 B
958 1631 1032 1685 Viam
1048 1632 1129 1700 feeit,
1140 1630 1298 1698 ³¹⁰·(PSHL
1312 1631 1444 1700 ωωίΜ·
1455 1630 1555 1684 Tffl'fae
1565 1633 1676 1684 ΗΘΜ
1685 1628 1799 1683 θῐῗΐθῗ

59 1736 89 1789 in
105 1736 256 1789 montibus
279 1735 439 1789 condensis
469 1738 497 1788 et
513 1735 663 1788 umbrosis
693 1734 892 1805 requiescere,

56 1825 108 1879 ubi
123 1827 225 1877 contra
240 1827 412 1878 venatorum
430 1824 555 1881 insidias
585 1824 713 1877 latebras
734 1821 892 1893 reperient,

56 1916 85 1966 et
99 1915 201 1967 contra
212 1913 285 1968 solis
298 1917 390 1967 aestus
407 1913 594 1985 refrigerium
610 1912 764 1982 accipient.
781 1910 894 1976 Quanto

55 2000 892 2074 enimaltiusScripturorunrintelligentiamperceperint,

56 2092 139 2145 tanto
156 2092 292 2145 securius
308 2095 336 2146 et
351 2092 480 2162 quietius
496 2091 582 2162 quusi
598 2092 624 2145 in
644 2089 805 2145 condensis
820 2088 889 2142 lati-

65 2180 180 2248 tabunt,
192 2185 219 2234 et
233 2181 262 2234 in
280 2180 431 2234 umbrosis
447 2180 610 2251 quiescent.

55 2287 263 2341 Tinxbl'lll.
283 2287 377 2352 Quaen
394 2288 513 2341 destris
525 2294 554 2341 et
571 2304 633 2359 (pina³
651 2302 667 2340 a
685 2285 823 2340 sinistris
838 2285 896 2339 Ilei

103 2365 193 2423 stent,
206 2365 234 2412 et
247 2359 316 2430 quid
330 2360 370 2412 sit
387 2360 547 2412 eharitatis
566 2359 713 2413 varietate
731 2356 849 2411 vestiri.

93 2466 585 2536 :lstistitrepinaadentristnisin
610 2466 721 2519 vestitu
736 2465 893 2520 deaurato:

55 2555 277 2610 circumamicta
287 2555 433 2609 varietate
444 2555 537 2614 lI’sal.
546 2553 636 2623 κων).
648 2553 790 2607 Dmninus
800 2553 894 2606 virtu-

58 2647 157 2697 tumut
167 2643 373 2713 aitpsalmista,
386 2645 451 2714 ipse
467 2644 535 2697 eslf
538 2646 586 2697 ter
593 2641 892 2715 pferireif’salmxnr).

58 2733 136 2786 Hine
152 2732 220 2786 dicit
237 2732 342 2786 David:
356 2732 463 2786 Astilit
472 2733 596 2802 flegma,
609 2736 664 2787 ete.
677 2733 779 2786 llerito
792 2731 894 2802 regina

55 2823 199 2875 virtutum
215 2821 561 2889 charitasdiriereditur,
584 2821 652 2891 quia
675 2821 769 2875 virtus
777 2820 894 2874 virtutis

57 2926 167 2965 nomen
182 2911 294 2975 amittit,
312 2926 497 2981 quaeeunque
509 2911 642 2964 charitati
655 2926 713 2963 non
725 2909 892 2963 famulatur.
914 2932 940 2995 Ο

58 2998 891 3069 AsinistrisDeisuntbonatemporaliumdextrisaeterna.

59 3090 206 3143 ilderatus
218 3089 426 3160 ergocharitas
434 3089 707 3159 ‹licitur-stareqnia
717 3087 896 3141 bonisaeter-

59 3178 117 3247 niS,
130 3194 187 3232 non
203 3178 414 3247 temporalibus
426 3178 566 3231 munitur.
576 3178 607 3231 ln
618 3177 692 3230 solis
704 3190 829 3246 namque
837 3175 896 3229 illis

59 3267 190 3321 charitas
204 3271 316 3338 regnat,
331 3282 406 3337 quos
422 3282 505 3320 amor
525 3269 703 3320 aeternorum
725 3265 895 3318 inflammat.

59 3357 253 3427 :tstititergo
266 3356 371 3427 regina
387 3355 818 3424 cha1·itaS,sedadextrisetin
835 3369 898 3407 res·

61 3447 118 3500 titn
138 3445 288 3499 deaurato.
306 3444 416 3498 Summi
428 3444 898 3516 Degisoculisvultplacere,quae

61 3535 277 3605 tampretiosas
286 3539 387 3589 vestes
396 3535 458 3588 vult
466 3535 585 3588 habere.
597 3534 734 3589 Probatio
746 3533 898 3589 charitatis

62 3623 900 3695 exhibitioestoperis.Operabonnejusvestimentasunt

60 3713 95 3766 In
111 3713 228 3779 vestitu,
240 3713 343 3784 inquit,
355 3713 506 3767 deaurato.
516 3713 547 3766 ln
557 3714 666 3767 vestitu
678 3728 765 3783 opera
774 3710 898 3783 justitiae

60 3803 91 3856 in
108 3817 179 3855 auro
199 3801 332 3874 intellige
352 3802 513 3855 claritatem
534 3802 697 3872 sapientiae.
715 3801 898 3855 Vestimenta

60 3891 256 3963 igituruurea,
275 3906 362 3960 opera
374 3894 444 3944 sunt
464 3891 602 3943 discreto.
615 3889 766 3944 Fortassis
789 3889 898 3961 tnagis

60 3980 158 4036 omnia
176 3979 299 4049 fortiter,
314 3980 432 4033 minime
456 3983 553 4032 tamen
578 3979 720 4046 suaviter,
751 3978 898 4049 quianon

60 4068 220 4127 sapienter.
238 4068 369 4139 Ideoque
384 4069 559 4122 vestimenta
575 4068 694 4138 quidem
711 4066 814 4136 habeS,
841 4067 898 4120 cla·

59 4159 176 4213 ritatem
205 4157 359 4226 sapientiae
375 4173 434 4211 non
458 4157 562 4226 habes,
589 4157 657 4228 quia
681 4157 829 4227 Sapientia
854 4161 897 4209 at-

954 1737 999 1775 ma
1015 1726 1134 1791 peccota
1151 1721 1249 1774 inilmn
1258 1723 1286 1774 et
1301 1735 1388 1789 opera
1397 1718 1522 1790 abjecta.
1540 1723 1565 1771 Α
1579 1718 1629 1772 tali
1644 1717 1786 1772 extremi-

953 1814 1010 1864 tate
1020 1810 1115 1865 nubes
1131 1809 1303 1879 producitur
1315 1825 1321 1879 3
1338 1809 1406 1879 quia
1417 1823 1455 1861 ex
1467 1806 1658 1877 turpitudinis
1674 1808 1787 1860 nostrie

952 1899 1156 1955 recordatione
1173 1899 1269 1969 caligo
1286 1897 1473 1951 confusionis
1494 1899 1663 1967 generatur.
1679 1893 1784 1950 Nubes

952 1988 1124 2060 hujusmodi
1135 1988 1204 2041 dum
1216 1991 1342 2042 mentem
1359 1986 1511 2040 obnubilat
1526 1987 1628 2039 contra
1642 1982 1787 2053 concupi-

951 2078 1073 2132 scentiae
1079 2080 1171 2132 aestus
1179 2077 1263 2147 quasi
1272 2075 1584 2130 eontrasolisardores
1596 2071 1787 2145 refrigerium

952 2169 1082 2238 praestat.
1100 2166 1174 2220 Nam
1186 2166 1236 2237 qui
1251 2181 1395 2235 peccasse
1407 2181 1441 2218 se
1456 2163 1597 2233 meminit,
1615 2164 1643 2217 et
1665 2177 1699 2217 se
1712 2176 1785 2232 pec·

953 2272 1040 2310 casse
1055 2256 1215 2324 erubescit,
1232 2258 1341 2326 quanto
1357 2254 1453 2326 magis
1476 2253 1511 2308 de
1527 2251 1676 2323 praeterito
1696 2249 1794 2326 dolet¹

952 2348 1031 2399 tanto
1048 2345 1083 2399 de
1095 2345 1193 2399 futuro
1208 2361 1242 2398 se
1254 2344 1414 2398 cautiorem
1442 2342 1547 2397 reddit.
1579 2339 1716 2412 Fulgura
1754 2338 1787 2393 in

949 2433 1081 2506 pluriam
1097 2433 1179 2488 fecit.
1197 2436 1271 2488 Ante
1283 2433 1400 2504 fulgura
1410 2432 1505 2486 nubes
1516 2429 1688 2502 producitur
1700 2443 1708 2500 3
1718 2429 1788 2498 post

953 2524 1070 2595 fulguru
1086 2523 1184 2593 pluvia
1194 2523 1338 2595 sequitur.
1351 2522 1455 2576 Nubes
1472 2521 1568 2593 caligo
1579 2518 1784 2589 confusioni83

953 2613 1082 2684 fulgura,
1095 2616 1191 2667 terror
1200 2612 1365 2683 maiestatis
1379 2627 1386 2680 3
1404 2610 1503 2681 pluvia
1529 2609 1607 2664 fetus
1624 2622 1786 2679 compunc-

953 2702 1052 2757 tionis,
1064 2702 1239 2771 Dispensatn
1251 2717 1322 2772 ergo
1332 2701 1430 2754 divina
1438 2700 1552 2770 pietate,
1565 2699 1648 2768 prius
1658 2697 1695 2752 ob
1705 2711 1795 2769 men1

953 2794 991 2846 tis
1003 2793 1107 2846 oculos
1122 2791 1313 2861 turpitudinis
1331 2794 1441 2844 nostrae
1461 2789 1603 2843 memoria
1624 2787 1786 2858 reducitur,

953 2887 1030 2954 post,
1044 2899 1128 2937 mens
1149 2881 1354 2937 recordatione
1371 2879 1461 2933 divini
1485 2878 1609 2933 terroris
1630 2876 1788 2932 formidine

955 2973 1121 3028 concutitur
1133 2988 1139 3042 3
1151 2971 1278 3038 tandem,
1296 2970 1371 3024 inter
1383 2967 1588 3023 confusionem
1603 2968 1631 3021 et
1651 2964 1789 3021 formidi-

955 3078 1021 3117 nem
1032 3063 1217 3132 dcprehensa
1229 3059 1312 3114 etdiu
1324 3056 1556 3131 fatigatajinlletu
1567 3055 1786 3127 compnngitur.

955 3153 1228 3222 Nubemsuperme
1245 3149 1359 3220 aspexi,
1390 3147 1625 3218 quotiescunque
1655 3143 1789 3200 confusio

955 3242 1047 3296 faciei
1062 3257 1134 3295 mea>
1149 3240 1308 3311 cooperuit
1340 3253 1387 3291 me
1407 3236 1501 3306 (f'sel.
1531 3235 1635 3305 xnrn):
1665 3233 1787 3307 fulgura

956 3332 1072 3401 excipio
1089 3331 1205 3402 quando
1221 3332 1351 3384 terrores
1368 3327 1484 3381 Domini
1501 3326 1624 3380 militant
1639 3324 1790 3379 adversus*

956 3437 1002 3476 me
1019 3438 1026 3490 3
1041 3421 1139 3491 pluvia
1155 3418 1318 3487 descendit,
1336 3416 1453 3488 quoties
1464 3415 1546 3486 potui
1565 3415 1675 3469 lectum
1690 3427 1789 3470 meum

956 3512 1054 3583 rigare
1069 3509 1219 3580 lacrymis.

1088 3599 1149 3653 Trr.
1160 3598 1207 3652 Ll.
1223 3597 1268 3652 De
1276 3595 1488 3669 primogenitis
1504 3593 1644 3666 AEpypti.

992 3689 1048 3754 Qui
1050 3687 1202 3760 percussit
1206 3686 1406 3757 primogenita
1413 3683 1552 3756 AEqppti,
1561 3680 1724 3737 abdomine
1738 3696 1789 3735 us·

956 3768 1791 3851 queadpeeus(Psal.cxxxiv).PrimogeuitaAEgyptisunt

955 3867 1109 3921 diabolica
1118 3865 1260 3920 elationes
1272 3864 1443 3918 ethumanae
1458 3860 1718 3933 praesumptiones.
1730 3857 1789 3913 Alii

955 3956 1130 4026 superbiunt
1138 3954 1174 4008 de
1189 3953 1509 4023 rebustcmporalibus,
1526 3951 1575 4005 alii
1590 3950 1791 4004 intumescunt

953 4048 983 4101 in
1000 4046 1090 4100 rebus
1106 4042 1323 4114 spiritualibus.
1337 4042 1414 4097 Vere
1429 4043 1535 4097 brutus
1547 4045 1576 4096 et
1590 4039 1726 4094 animalis
1743 4039 1790 4093 est

954 4134 1199 4205 sensuS,quando
1218 4132 1254 4185 od
1266 4132 1424 4204 imaginem
1448 4132 1500 4186 Dei
1517 4131 1613 4185 faetus
1628 4144 1731 4184 amens
1751 4141 1790 4182 ex

61 4247 152 4318 tinpit
177 4244 265 4299 adue
291 4262 380 4318 usque
400 4246 437 4299 ad
457 4245 544 4300 finem
565 4246 699 4316 fortiter,
721 4253 751 4300 et
765 4245 896 4318 disponit
910 4246 937 4307 D
955 4225 1003 4279 his
1017 4221 1523 4293 intumescit‘1⁰²⁸⁰0¹1¹¹¹¹¹¹1¹il¹⁵³¹¹1¹¹
1538 4236 1604 4273 cum
1615 4216 1788 4289 P⁰⁰⁰fibu⁸·

60 4335 303 4391 omniasuaviter
318 4335 395 4407 (Sap.
409 4349 506 4405 ruma
523 4336 579 4390 fine
590 4336 786 4390 inchoationis
800 4350 896 4406 usque

60 4425 97 4478 ad
109 4424 480 4480 tinemconsummntionis.
511 4426 555 4480 Tu
571 4425 685 4480 fortiter
699 4425 834 4495 inchoas,
851 4428 897 4478 te-

60 4514 128 4584 pide
145 4515 444 4569 consummatior?
471 4514 543 4580 Quia
560 4531 618 4569 non
634 4515 780 4584 disponis
798 4513 896 4568 omnia

60 4603 202 4668 suaviter,
211 4619 265 4657 nec
278 4604 461 4674 scisoperari
469 4604 628 4672 sapienter.
647 4603 769 4673 Incipis,
783 4603 893 4671 curris,

62 4692 199 4760 festinae,
214 4692 350 4760 lassaris,
363 4692 521 4761 deciperis.
541 4692 606 4745 Non
633 4692 729 4746 dicum
743 4693 779 4747 ad
796 4691 895 4760 linem,

62 4781 115 4836 sed
133 4796 187 4835 nec
203 4782 239 4835 ad
255 4781 382 4835 medium
398 4781 699 4853 pertingisl'rocedit
713 4797 786 4853 ergo
798 4781 897 4835 cbari-

62 4875 118 4938 tas,
131 4871 189 4925 imo
198 4871 323 4938 assistit,
334 4885 568 4941 quaenunquam,
587 4869 664 4924 aDei
689 4870 809 4924 dextris
819 4884 899 4924 rece·

62 4960 104 5013 dit
128 4960 159 5012 in
182 4960 291 5013 vestitu
314 4960 465 5026 deamata,
489 4959 708 5013 emcumamieta
738 4959 896 5013 varietate.

64 5049 154 5103 Decet
165 5064 237 5102 sanc
248 5051 347 5118 utpote
358 5048 492 5119 reginam
509 5047 700 5116 multiplicem
715 5049 829 5101 vestem
842 5047 896 5101 ha-

64 5137 136 5191 bere
150 5143 178 5191 et
193 5137 315 5190 variam.
333 5137 375 5191 Tu
392 5137 573 5207 nescioquis
590 5151 709 5205 semper
724 5136 770 5189 vis
786 5152 855 5190 esse
867 5137 896 5190 in

63 5225 319 5295 contemplatione,
332 5226 433 5280 nescis
454 5230 482 5279 nt
498 5225 595 5292 audio,
617 5224 721 5279 vestiri
745 5224 895 5280 varietate.

64 5314 149 5368 itlius
160 5315 266 5385 quierit
281 5315 402 5369 assidue
418 5329 487 5368 esse
506 5314 684 5382 inor-atione,
697 5329 752 5368 nec
767 5314 897 5368 animad-

64 5402 151 5456 vertit
167 5403 245 5474 quod
258 5403 386 5458 charites
403 5403 502 5457 ornari
512 5403 574 5456 vult
588 5403 737 5457 varietate.
756 5401 899 5474 Quisquis

65 5491 268 5562 unoquolibet
281 5493 412 5562 pretioso
428 5508 485 5564 quo
502 5492 663 5546 delectatur
683 5493 713 5546 in
729 5507 828 5563 opere,
856 5491 900 5546 sic

956 4315 1012 4370 Alii
1024 4312 1298 4387 igitursuperbiunt
1309 4311 1344 4365 de
1352 4311 1479 4364 vanitate
1492 4325 1499 4377 3
1515 4308 1565 4362 ulii
1581 4307 1616 4361 de
1632 4304 1787 4362 sanctitate

954 4404 1099 4475 Superbia
1115 4401 1253 4456 vanitatis
1263 4403 1309 4454 est
1320 4399 1548 4470 primogenitum
1556 4396 1686 4468 pecoris.
1697 4394 1788 4450 Arro-

954 4494 1053 4566 gantia
1070 4492 1234 4548 sanctitatis
1245 4495 1291 4547 est
1300 4488 1528 4561 primogenitum
1537 4484 1676 4541 hominis.
1688 4482 1788 4556 AEgy-

953 4585 1021 4654 ptus
1036 4586 1134 4637 autem
1145 4582 1257 4636 erroris
1268 4579 1409 4634 tenebrae.
1425 4577 1506 4632 Talia
1517 4574 1661 4649 generant
1674 4572 1788 4646 primo·

954 4673 1062 4744 genita.
1074 4670 1176 4725 Flante
1185 4670 1282 4723 autem
1290 4668 1382 4722 divini
1393 4666 1520 4737 Spiritus
1529 4680 1610 4734 aura,
1620 4661 1788 4735 percutiun-

954 4765 1001 4815 tur
1015 4759 1212 4832 primogenita
1221 4756 1389 4829 AEgyptinb
1401 4755 1519 4811 homine
1528 4769 1623 4824 usque
1634 4753 1672 4808 ad
1681 4767 1788 4834 pecus,
1839 4774 1846 4783 ·

953 4851 1022 4922 quia
1037 4850 1124 4903 flante
1140 4847 1247 4918 spiritu
1262 4845 1377 4901 timoris
1403 4844 1520 4900 Domini
1536 4843 1675 4915 dejicitur
1689 4841 1787 4901 omnis

956 4942 1052 4994 tumor
1067 4937 1214 4993 elationis.

1037 5046 1099 5099 Trr.
1118 5044 1240 5099 1.11.De
1258 5043 1354 5112 vulva,
1369 5042 1485 5108 liberis,
1500 5048 1529 5096 et
1547 5041 1702 5097 uberibus.

953 5133 1028 5199 Quid
1043 5133 1205 5189 dabiseis‘l
1229 5133 1333 5188 Dacis
1355 5133 1474 5186 vulvam
1502 5131 1617 5202 absque
1637 5127 1740 5183 liberis
1756 5127 1786 5181 et

953 5223 1172 5278 uberaarentia.
1182 5223 1277 5277 Vulva
1287 5225 1333 5277 est
1347 5221 1532 5290 studiositas,
1541 5233 1653 5282 semen,
1661 5215 1785 5285 veritas,

953 5313 1031 5366 bona
1045 5312 1192 5366 voluntas.
1209 5310 1254 5365 nd
1270 5310 1326 5365 hoe
1351 5311 1444 5365 debes
1467 5310 1578 5380 legere,
1593 5308 1714 5377 propter
1725 5303 1784 5361 hoe

954 5404 1068 5471 oportet
1088 5399 1263 5472 intelligere,
1281 5403 1312 5454 ut
1327 5399 1448 5454 studeas
1463 5395 1636 5466 adimplere.
1661 5392 1790 5453 notram

954 5490 1059 5562 habes,
1072 5487 1504 5546 desideriumdiseendihabes.
1517 5485 1548 5541 Si
1554 5484 1707 5544 veritatem
1713 5498 1788 5541 eon-
