3796 6022
65 303 146 369 1141
721 296 949 363 SEBMONES
972 297 1159 364 CENTUM.
1717 302 1797 367 1142

67 520 168 579 egere.
181 503 279 576 Hujus
291 503 389 575 itaque
400 503 612 574 laudisexpers
622 502 818 574 estEpliraim
827 503 902 558 vitu·
918 480 947 541 Α
963 505 1055 556 morte
1066 503 1140 556 mori
1152 502 1330 572 desiderant,
1341 504 1571 574 quorumtamen
1580 502 1670 558 vitam
1685 503 1793 560 imitari

67 596 187 651 ladocta
198 592 327 666 diligere
345 594 494 648 trituram.
506 593 637 664 Populus
648 594 901 664 autcmp'ustorum
962 595 1111 645 recusant.
1127 591 1232 646 Carnis
1246 592 1526 662 concupiscentiam,
1547 593 1648 648 mundi
1665 593 1791 665 gloriam

66 681 901 754 solusliabitat,necinterpentesreputatur-(Osa.x).quia
962 684 1021 736 toto
1034 682 1122 736 corde
1134 681 1269 754 diligunt,
1281 685 1308 735 et
1323 682 1388 736 haec
1400 682 1559 736 virtutibus
1576 685 1604 736 et
1614 683 1702 738 bonis
1719 699 1793 754 ope-

67 776 183 828 ceeteree
194 775 300 844 gentes
312 771 462 826 universae
481 772 578 825 cardis
588 771 746 838 desideria,
763 771 900 825 elmundi
961 770 1045 825 ribus
1056 774 1251 841 anteponunt,
1267 770 1321 825 sed
1329 771 1432 825 nescio
1444 787 1500 842 qua
1512 771 1608 826 fronte
1624 786 1690 826 cum
1700 772 1794 843 justia

66 861 193 934 gloriam
218 865 398 932 sequuntur3
422 860 479 915 soli
495 875 565 914 vero
581 860 666 914 electi
687 859 844 930 justitiam,
866 876 900 913 ao
961 861 1046 930 mori,
1059 863 1088 913 et
1102 860 1253 929 percipere
1268 860 1388 929 praemia
1404 860 1515 914 volunt.
1533 859 1591 914 Sed
1607 861 1675 931 quia
1691 875 1794 916 eorum

67 950 482 1022 spiritualiabouasectantur.
492 949 554 1003 Nee
566 949 898 1019 solumeontemplativi,
960 953 1060 1020 typum
1073 949 1158 1021 gerit,
1169 949 1237 1019 quia
1246 949 1304 1003 vita
1313 949 1679 1020 justarumviverenoluit,
1690 965 1794 1006 eorum

67 1043 207 1094 verumet
219 1040 306 1094 activi
318 1039 375 1093 soli
387 1038 527 1106 habitant,
541 1039 813 1108 dumreproborum
828 1053 900 1108 ope·
960 1040 1052 1092 morte
1064 1038 1138 1092 mori
1151 1053 1210 1092 non
1222 1038 1335 1093 meruit.
1348 1038 1402 1104 Qui
1413 1039 1516 1109 procul
1535 1038 1624 1091 dubio
1641 1038 1671 1092 in
1682 1039 1794 1094 oratio-

66 1129 149 1184 ribus
160 1145 219 1184 nou
235 1127 461 1183 communicant.
479 1126 552 1182 Cum
564 1127 656 1198 igitur
668 1127 817 1181 universis
829 1127 900 1181 lide-
960 1143 1006 1195 ne,
1030 1143 1087 1198 qua
1108 1127 1183 1181 bene
1199 1127 1274 1180 mori
1288 1127 1379 1196 petiit,
1403 1127 1520 1180 auditus
1536 1125 1654 1196 luisset,
1677 1128 1705 1182 si
1725 1130 1794 1199 poet

64 1218 144 1272 libus
170 1218 324 1273 conveniat
345 1219 376 1272 ut
402 1233 460 1271 non
482 1219 541 1270 tam
565 1217 719 1270 mansione
742 1232 898 1285 corporum
960 1215 1213 1271 orationembene
1229 1215 1329 1269 vivere
1344 1215 1519 1269 studuisset.

65 1324 153 1377 quam
164 1307 353 1362 unanimitate
365 1307 499 1361 cordium
510 1305 641 1360 habitent
653 1305 722 1373 soli,
732 1305 799 1359 illos
813 1304 900 1358 maxi·
995 1304 1039 1357 Ex
1048 1304 1095 1357 his
1107 1318 1174 1373 quae
1186 1303 1349 1369 dictasunt,
1363 1302 1480 1373 fratrea,
1492 1303 1667 1376 colligamur
1677 1305 1792 1361 undein

64 1412 112 1451 me
126 1397 220 1466 decet,
238 1399 269 1450 ut
292 1396 423 1450 habitent
447 1396 514 1465 soli,
535 1411 594 1450 non
618 1399 730 1449 tautum
753 1393 899 1449 bonorum
957 1394 1005 1446 via
1022 1392 1073 1447 Dei
1089 1392 1288 1462 proficiamus.
1309 1391 1485 1446 Studeamus
1502 1393 1634 1450 habitare
1650 1395 1718 1464 soli,
1735 1410 1791 1450 nee

66 1485 274 1557 singularitate
290 1501 411 1554 operum
425 1527 432 1554 ,
448 1501 552 1538 verum
568 1485 673 1552 etiam,
699 1486 838 1554 quantum
855 1484 899 1536 est
957 1483 1034 1537 inter
1048 1485 1154 1554 gentes
1175 1481 1275 1552 aliqua
1297 1480 1503 1536 dissolutionis
1524 1483 1726 1553 inquietudine
1741 1500 1790 1540 re-

64 1574 222 1644 pussibile,
235 1575 389 1628 mensione
401 1570 899 1644 corporum,quireligionisbabitu
958 1571 1062 1642 putari.
1079 1570 1255 1626 Studeamus
1271 1587 1337 1625 eum
1352 1570 1479 1626 deremia
1495 1571 1551 1626 soli
1567 1572 1681 1641 sedere,
1698 1576 1727 1628 et
1742 1589 1792 1630 se·

65 1668 135 1717 sunt
145 1663 316 1718 circumdati
325 1663 561 1735 religionemque
573 1661 712 1732 professi.
723 1660 785 1715 Hoc
796 1675 898 1714 eorum
959 1661 1086 1714 eundum
1102 1659 1169 1731 ejus
1184 1660 1276 1715 verba
1291 1676 1346 1715 nos
1363 1677 1454 1732 super
1474 1677 1529 1715 nas
1544 1661 1643 1716 levare
1664 1662 1789 1732 (l'bren.

64 1751 225 1822 professio,
236 1751 293 1805 hoe
305 1751 435 1821 habitus,
448 1752 604 1822 hoeexigit
613 1751 695 1813 ordo,
710 1752 766 1803 ute
780 1749 897 1803 cacteris
957 1751 1009 1819 ιιι).
1027 1748 1203 1804 Studeamus
1213 1765 1279 1803 cum
1291 1750 1383 1821 justis
1395 1749 1478 1821 juste
1492 1751 1605 1819 vivere,
1621 1754 1652 1806 ut
1667 1767 1735 1806 eum
1748 1752 1792 1823 ip-

65 1856 123 1895 non
139 1840 236 1895 solum
249 1840 347 1910 maliS,
365 1842 418 1895 sed
435 1841 547 1895 etbene
564 1839 721 1911 agentibus
741 1837 828 1910 longe
847 1853 897 1892 se-
958 1838 1001 1892 sis
1018 1838 1093 1893 bene
1109 1838 1193 1906 mori,
1212 1839 1290 1893 etad
1306 1854 1464 1909 supernam
1480 1839 1604 1911 gloriam
1624 1856 1792 1895 mereamur

63 1931 213 1998 parentur,
227 1929 276 2000 qui
295 1930 478 1984 sanctitatem
494 1929 666 1999 habituprae
682 1928 798 1982 caeteris
809 1927 898 1996 prali-
958 1943 1060 1982 eorum
1076 1927 1189 1982 meritis
1214 1931 1242 1982 et
1257 1928 1397 1998 precibus
1418 1929 1585 1998 pervenire.
1601 1930 1687 1994 Quod
1701 1930 1789 1988 nobis

65 2018 244 2074 tentur.Nec
255 2019 445 2074 debentinter
456 2018 639 2090 genteralias
654 2017 783 2088 reputari
794 2033 898 2088 corpo·
958 2019 1099 2088 praestere
1115 2016 1253 2089 dignetur
1267 2016 1357 2071 lesus
1373 2015 1520 2072 Christus.
1537 2019 1641 2073 Amen.

63 2107 120 2161 reli
138 2109 364 2179 conversatione
376 2108 425 2179 qui
441 2108 477 2162 ab
489 2108 555 2162 aliis
567 2107 737 2161 dividuntur
753 2105 898 2176 singulari
1222 2105 1350 2161 SBBMO
1371 2106 1519 2160 LXXVII.

62 2196 218 2270 religionis
224 2193 899 2269 professione.Quisdinurnerarepossitpulve·
1011 2195 1044 2248 ln
1058 2193 1136 2250 leste
1152 2194 1348 2266 quorumlibet
1363 2201 1531 2250 sanctorum
1546 2196 1583 2251 de
1600 2195 1731 2269 ejusdem

64 2284 898 2356 ranclaaobptaossanumrrumatior-umbraciainpiae
1248 2283 1369 2339 Balaam
1387 2284 1500 2339 verbis.

64 2375 179 2430 cedenti
191 2391 328 2431 sermone
342 2376 471 2430 diximus
482 2392 535 2446 per
545 2376 698 2446 pulverem
709 2374 801 2430 Jacob
812 2375 896 2428 intel·
991 2373 1134 2438 Quoniam
1157 2373 1186 2428 in
1202 2389 1339 2428 sermone
1364 2375 1544 2445 praecedenti
1559 2391 1625 2446 quae
1645 2376 1675 2429 in
1694 2375 1789 2446 prima

63 2464 116 2536 ligi
128 2464 236 2519 debere
247 2465 370 2532 activos,
383 2465 714 2535 pernumerumstirpis
725 2463 817 2518 lsrael
830 2479 896 2519 eon·
954 2463 1249 2536 benedictioneque
1273 2464 1391 2518 Balaam
1414 2464 1482 2518 liliis
1508 2465 1598 2518 lsrael
1622 2464 1784 2535 benedixit,

62 2553 261 2623 templativos.
288 2552 433 2619 Quantum
453 2554 489 2607 ad
513 2554 638 2608 litteram
663 2554 750 2608 etiam
769 2554 895 2623 pertinet
954 2553 1148 2622 eontinentur,
1156 2569 1209 2624 pro
1220 2570 1310 2624 posse
1326 2557 1439 2622 nostro,
1450 2553 1648 2624 digessimus:
1662 2570 1740 2608 nune
1749 2554 1786 2609 ad

62 2641 599 2713 populumIsraelnonnumeraripree
610 2642 894 2712 multitudineposse
954 2658 997 2709 ea,
1015 2659 1081 2713 quae
1100 2642 1128 2696 in
1145 2644 1276 2697 secunda
1292 2645 1476 2698 continenter
1496 2643 1657 2714 digerenda
1675 2658 1784 2698 suece-

62 2746 244 2786 verumesse
256 2731 394 2796 creditur,
409 2731 486 2785 sicut
500 2731 635 2802 pluribus
652 2747 688 2784 cx
699 2731 774 2785 locis
784 2731 895 2785 veteris
955 2731 1262 2785 denter-transeamus
1274 2731 1384 2786 Dolens
1400 2731 1540 2805 graviter,
1556 2734 1584 2786 et
1596 2747 1785 2804 conquerens

62 2819 180 2892 paginae
192 2819 350 2892 colligitur,
358 2819 435 2874 siout
446 2819 494 2874 ubi
503 2820 609 2874 dicitur
619 2820 698 2891 quod
710 2820 895 2874 lsraelinnu-
955 2820 1043 2874 Balac
1059 2820 1136 2890 quod
1155 2820 1272 2874 Balaam
1285 2820 1354 2875 liliis
1371 2820 1462 2876 lsrael
1476 2821 1675 2892 benediceret,
1695 2837 1784 2894 quem

61 2908 215 2964 morabilis
233 2912 295 2963 erat
310 2909 388 2965 sicut
403 2907 497 2963 stellae
513 2909 597 2979 eoeli,
616 2913 644 2964 et
659 2925 762 2979 arene
785 2909 896 2981 quaein
954 2911 1127 2979 speraverat
1140 2909 1184 2963 eis
1200 2910 1433 2979 maledicturum,
1446 2913 1488 2964 ait
1503 2910 1541 2964 ad
1551 2910 1672 2965 Balaam
1688 2931 1696 2966 .·
1714 2911 1789 2967 Veni

63 2998 161 3053 littore
170 2998 259 3053 maris
270 2997 376 3070 (Hebr.
385 3001 436 3067 xi).
446 2997 591 3063 Quantum
602 3015 673 3053 vero
686 2999 722 3053 ad
733 2998 896 3069 spiritalem
955 2999 1105 3053 mecumin
1114 2998 1240 3053 alterum
1251 2998 1354 3068 lucum,
1371 2999 1447 3054 uude
1458 3004 1576 3070 partem
1595 2997 1721 3054 Israelis
1744 3000 1790 3055 vi-

61 3087 285 3160 intelligentiam
306 3091 421 3159 spectet
436 3088 526 3143 multo
541 3088 784 3143 innumerabilior
796 3088 896 3159 justo·
916 3105 942 3169 Ο
955 3088 1037 3155 deas,
1048 3093 1077 3142 et
1089 3093 1177 3142 totum
1188 3088 1290 3143 videre
1301 3104 1357 3143 non
1369 3088 1555 3159 possis,inde
1566 3087 1737 3143 maledicito
1755 3088 1786 3145 ei

62 3194 130 3232 rum
153 3178 280 3248 populus
296 3177 464 3233 credendus
480 3181 535 3232 est.
560 3177 645 3233 Unde
669 3180 697 3232 et
713 3177 806 3231 David
831 3178 893 3231 ait:

60 3266 897 3322 itlilriautemnimislionorilrcatisuntamicitui.Deusni·

60 3357 120 3410 mis
130 3355 314 3412 confortatus
326 3361 371 3411 est
375 3357 563 3428 principatus
573 3372 682 3411 eorum.
695 3355 896 3411 Dinumerabo

61 3459 122 3514 eos,
136 3445 165 3500 id
174 3445 253 3500 estsi
265 3445 451 3500 dinumerare
463 3446 585 3501 volucro
596 3461 659 3514 eae,
672 3461 763 3516 super
774 3460 894 3500 arenam

60 3533 644 3605 multiplicabuntur(Psal.cxxxvni).De
653 3533 894 3605 multiplicatione

61 3622 190 3677 earnalis
208 3624 311 3695 lsrael,
336 3624 518 3694 dictumest,
536 3625 614 3679 sicut
634 3639 725 3678 arena
749 3621 893 3694 multipli-

60 3711 221 3775 cabuntur,·
247 3713 283 3768 de
306 3714 548 3783 multiplicatione
572 3713 714 3784 spiritalis
740 3713 841 3779 lsrael,
863 3710 892 3764 id

60 3801 277 3856 estamieorum
288 3801 339 3856 Dei
352 3803 459 3856 dieitur
472 3819 563 3874 super
573 3818 704 3856 arenam.
721 3801 780 3856 Sed
795 3803 824 3855 et
837 3799 893 3853 hee

62 3887 489 3962 innumerabilitatejustorum
503 3891 608 3946 beatus
624 3890 755 3945 loannes
769 3889 798 3944 in
812 3891 893 3960 Apo·

29 4010 34 4017 ·
61 3978 174 4049 calypsi
183 3982 338 4050 postquam
351 3980 505 4034 duodecim
516 3980 604 4035 millia
617 3980 752 4052 signatos
763 3995 800 4035 ex
814 3977 893 4034 omni

59 4068 389 4124 t1·ibul1liorumlsrael
405 4070 541 4138 vidisset,
559 4068 694 4140 adjunxit
713 4085 720 4124 :
736 4069 810 4123 Post
831 4067 893 4122 boec

61 4157 126 4211 virli
133 4157 402 4230 turbanrmapnanr,
416 4175 499 4231 quani
506 4160 698 4213 dinumerare
713 4174 798 4213 nerito
810 4162 893 4229 pote·

58 4253 108 4301 rat
120 4246 300 4302 exornnibus
310 4248 460 4319 paratibus
473 4254 501 4303 et
518 4247 665 4317 tribubuS,
681 4252 710 4302 et
724 4246 848 4319 populis
862 4251 893 4301 et

60 4335 174 4409 linguis
186 4342 379 4391 stantesnntc
390 4338 535 4405 tirrenum,
548 4345 577 4391 et
590 4337 619 4390 in
631 4335 890 4408 conspeetuApni,

955 3177 1054 3247 (Num.
1067 3176 1162 3245 xxiii).
1184 3177 1219 3231 Et
1232 3178 1314 3231 duxit
1325 3193 1392 3232 eum
1409 3177 1439 3230 in
1455 3176 1553 3231 locum
1571 3177 1720 3232 sublinem
1734 3193 1788 3232 su-

954 3281 1008 3336 per
1017 3267 1159 3320 vorticem
1174 3266 1282 3322 montis
1291 3266 1419 3339 Phesga.
1430 3264 1486 3332 Qui
1501 3282 1568 3320 eum
1579 3266 1788 3322 divertissetet

954 3358 1074 3426 accepto
1082 3355 1266 3410 eonsilioDei
1274 3371 1415 3410 reversus
1423 3355 1541 3425 luisset,
1551 3354 1785 3425 aittSta,Balac,

954 3450 983 3498 et
994 3444 1135 3499 ausculta.
1143 3445 1233 3516 Audi,
1244 3443 1300 3499 lilii
1310 3445 1414 3516 Sapor.
1423 3444 1490 3499 Non
1500 3450 1546 3500 est
1554 3445 1633 3500 Deus
1644 3445 1729 3517 quasi
1736 3445 1788 3501 lio·

952 3534 1789 3604 moutmentiatur:necutliliusdominiautmuteturlli·

952 3623 1789 3696 xitergoetnenlaciet:loeutuscstetuonimplebittrld

951 3711 1186 3767 benedicendum
1196 3714 1417 3778 adductussum,
1428 3712 1667 3768 benedictionem
1677 3712 1784 3785 prelii-

951 3800 1026 3857 bere
1038 3817 1094 3858 noa
1103 3801 1194 3857 valeo.
1205 3801 1273 3858 Nun
1282 3808 1327 3858 est
1336 3802 1446 3859 idolum
1457 3803 1488 3856 in
1496 3802 1594 3868 laceb,
1605 3818 1659 3857 nee
1667 3803 1788 3858 videtur

952 3891 1141 3947 simulacrum
1153 3891 1183 3944 in
1199 3891 1306 3956 lsrael
1317 3892 1459 3947 Dominus
1471 3891 1553 3946 Deus
1564 3891 1629 3963 ojus
1637 3891 1668 3945 in
1679 3906 1714 3947 ee
1725 3897 1783 3964 est,

952 3988 982 4037 et
993 3981 1102 4036 clamer
1113 3980 1245 4036 victoriae
1253 3981 1379 4053 regiain
1390 3980 1450 4036 illu.
1461 3981 1543 4036 Deus
1556 3982 1660 4036 eduxit
1672 3997 1736 4038 eum
1748 3982 1786 4038 de

951 4071 1096 4143 AEpypto,
1113 4069 1197 4142 crpus
1213 4067 1358 4125 tortitudo
1377 4070 1487 4126 similis
1502 4076 1549 4126 est
1569 4070 1781 4128 rhinocerotis.

950 4160 1018 4215 Non
1030 4158 1236 4231 estaupurium
1252 4159 1282 4212 in
1296 4158 1395 4230 Jacob,
1410 4177 1463 4215 nec
1472 4161 1620 4217 divinatio
1630 4162 1661 4216 in
1672 4160 1780 4218 lsrael.

956 4248 1473 4321 Temporibnssuisdicetur-tarot>et
1482 4250 1592 4306 Israeli
1599 4252 1675 4323 quod
1681 4266 1784 4324 opera·

953 4340 1045 4393 tussit
1055 4338 1144 4393 Deus.
1158 4338 1236 4393 Ecce
1244 4338 1368 4410 populus
1379 4343 1408 4393 ut
1418 4338 1465 4395 leo
1476 4344 1643 4412 consurget,
1656 4344 1687 4394 et
1695 4339 1780 4412 quasi

60 4426 163 4480 amicti
168 4424 383 4494 stolisalbis,el
387 4426 491 4497 paliano
498 4427 528 4479 in
538 4426 781 4481 manibusearum
788 4425 890 4497 (Apoe.
906 4418 936 4482 D
951 4427 1044 4483 leaena
1055 4427 1200 4499 erigetur.
1215 4427 1283 4483 Non
1294 4426 1451 4483 accubabit
1466 4428 1776 4497 donecdevoretprae-

59 4516 122 4585 vu).
148 4514 399 4580 Quemadmodum
421 4531 547 4587 namque
573 4517 720 4586 scriptura
735 4517 809 4581 leste
826 4516 893 4571 dies

60 4604 451 4659 lsraelinumerabilessunl
461 4604 568 4676 (liceli.
579 4608 704 4676 xxxvii),
718 4606 756 4659 ita
764 4607 792 4661 et
800 4605 892 4661 lsrael

60 4692 284 4747 innumerabilis
307 4696 362 4747 est.
390 4693 456 4748 Non
478 4693 575 4748 solum
600 4697 698 4748 autem
719 4695 816 4763 activi,
843 4695 893 4766 qui

59 4781 264 4851 multoplures
277 4786 346 4836 sunt
355 4782 601 4853 contemplativis,
614 4798 717 4837 verum
726 4786 754 4837 et
765 4787 894 4838 oontem-

59 4870 170 4942 plativi,
195 4871 245 4942 qui
260 4872 417 4941 pauciores
440 4877 509 4926 sunt
523 4872 638 4941 activis,
662 4872 892 4927 innumerabiles

60 4963 139 5014 sunt.
152 4959 235 5024 Quod
247 4961 475 5029 demonstratur,
490 4962 540 5015 ubi
550 4978 615 5015 eum
624 4960 822 5032 praemisisset
829 4962 894 5033 quis

59 5047 893 5122 dinumerarepessitpulveremiraeabuddidit,autnosse

63 5155 215 5192 numerum
226 5139 334 5211 stirpis
345 5138 444 5194 lsrael
456 5142 470 5193 t
481 5138 570 5204 Quasi
587 5139 708 5211 diceret,
725 5156 821 5196 nemo.
837 5140 892 5196 Se-

59 5228 168 5298 quitur.

92 5316 241 5370 Moriatur
252 5318 348 5371 aalma
360 5317 689 5388 mearnortejustorunr
707 5325 736 5373 et
751 5318 822 5373 liant
839 5334 891 5374 no·

62 5405 891 5477 vissimamealiorumsimilial‘rolanipraesentissaeculi

59 5492 221 5563 sepienteS,
231 5494 280 5564 qui
290 5495 436 5551 adversus
444 5495 555 5567 justos,
565 5495 594 5548 in
602 5501 741 5567 quantum
753 5499 888 5566 possunt,

56 5582 263 5655 malignantur,
282 5584 352 5638 dum
362 5585 538 5656 quandoque
553 5587 658 5640 timore
675 5584 815 5638 stimulati
833 5585 891 5639 ele·

56 5675 123 5727 vata
142 5676 238 5729 mente
251 5672 402 5746 justorum
421 5673 509 5728 vitam
525 5674 769 5744 contemplantur,
787 5688 889 5728 eorum

952 4517 1027 4581 dam,
1041 4522 1071 4571 et
1081 4517 1423 4589 occisurumsanguinem
1437 4517 1531 4572 bibat.
1543 4515 1628 4571 Dixit
1638 4514 1730 4570 Balae
1741 4514 1779 4570 ad

952 4603 1781 4674 Balaam:N0nmaledieasei,aecbenedicas.le'tilleait:

950 4695 1057 4751 Nonne
1071 4694 1136 4750 dixi
1155 4693 1212 4748 tibi
1221 4692 1297 4765 quod
1307 4693 1449 4766 quidquid
1462 4693 1605 4749 Dominus
1618 4694 1784 4764 imperaret

950 4785 1033 4853 milii,
1048 4781 1261 4838 lroel'acerein?
1271 4782 1425 4852 blultiplex
1439 4785 1484 4837 est
1500 4782 1644 4837 calliditas
1660 4782 1781 4855 diaboli,

951 4890 1008 4944 qua
1022 4872 1122 4944 justos
1138 4871 1320 4943 aggreditur,
1337 4873 1365 4925 et
1385 4886 1438 4926 eos
1460 4872 1590 4943 quotidie
1607 4872 1782 4930 subvertere

951 4965 1082 5016 canatur.
1096 4960 1180 5016 Unde
1190 4959 1276 5014 Baiae
1288 4959 1405 5014 Balaam
1415 4960 1566 5015 delocoad
1576 4963 1675 5018 locum
1684 4966 1782 5034 vocat,

950 5055 981 5105 ut
995 5050 1103 5121 populo
1120 5050 1172 5104 Dei
1187 5048 1342 5103 maledicat
1358 5065 1364 5103 :
1382 5049 1451 5120 quia
1468 5049 1614 5122 diabolus,
1638 5054 1709 5110 dum
1719 5067 1783 5109 ,une

949 5140 1037 5194 modo
1046 5139 1191 5194 adversus
1202 5137 1303 5209 justos
1313 5153 1371 5192 non
1382 5139 1532 5209 praevalet,
1549 5141 1606 5197 alio
1618 5145 1705 5201 niodo
1720 5145 1785 5200 niti·

950 5232 1007 5300 tur,
1028 5231 1059 5283 ut
1073 5228 1179 5282 vineat.
1193 5226 1381 5283 Vanissimos
1392 5229 1461 5283 vani
1474 5230 1574 5300 pupuli
1583 5232 1731 5301 sollicitat,
1749 5234 1782 5287 ut

949 5319 1093 5373 bonarum
1101 5316 1413 5372 laudemdetraetionis
1425 5320 1454 5372 ct
1464 5318 1657 5389 blasphemia
1665 5320 1783 5375 maledi-

950 5408 1045 5462 ctione
1063 5406 1109 5461 vol
1130 5421 1167 5459 ex
1177 5408 1258 5477 parte
1275 5411 1454 5478 corrumpat,
1474 5410 1502 5461 nt
1513 5408 1622 5462 duuiiu
1635 5410 1781 5467 tolosan-

949 5500 1062 5550 etorum
1074 5495 1240 5565 apinionem
1248 5495 1401 5552 destruere
1414 5512 1471 5550 non
1482 5499 1588 5566 petest,
1602 5513 1667 5552 eam
1677 5498 1783 5554 saltem

950 5585 979 5638 in
993 5585 1090 5656 aliqua
1101 5588 1182 5655 parte
1195 5585 1291 5639 laedat.
1305 5587 1368 5641 lloe
1377 5585 1485 5641 etenim
1496 5588 1525 5639 et
1537 5587 1566 5640 in
1576 5590 1658 5657 parte
1667 5588 1780 5659 videre,

952 5676 980 5729 et
995 5673 1024 5728 in
1039 5677 1120 5745 parte
1136 5674 1322 5730 maledicere.
1346 5675 1465 5731 Balaam
1480 5674 1607 5750 divertit,
1633 5679 1662 5737 et
1685 5678 1785 5736 utrum
