3796 6022
122 263 181 329 247
503 265 724 331 APPENDlX
744 265 801 330 AD
824 265 1017 334 HUGONlS
1040 266 1183 332 OPERA
1205 267 1470 332 nuenarius.
1794 268 1852 335 248

122 468 954 540 vasalucernasdnas,mensas,crateras,phislasauraas
971 450 1000 512 Α
1231 470 1301 525 Cir.
1319 471 1389 526 XII.
1404 471 1448 526 lle
1462 471 1640 527 Douritianu.

123 557 957 631 etperipetasmatatempli.Phinesquoquecustosgazo·
1051 559 1848 632 Domitianus‚Titiirsterjunior,imperavitannisquin

122 646 957 719 phylaciicomprehensus,ostenditsacerdotumpurpu-
1014 648 1851 716 decim,etmensibussex.lsteCattosetGermunosderi-

122 753 186 791 ram
200 736 330 804 multum,
349 750 481 803 coccum,
498 738 527 789 et
543 735 770 805 cinnamomum,
788 740 817 790 et
831 736 955 806 thymia·
1013 736 1062 806 cit,
1070 740 1099 791 et
1109 737 1210 792 Rumae
1220 737 1309 791 multa
1318 737 1442 792 aedilicia
1454 738 1628 792 construxit.
1643 738 1711 809 lpse
1724 739 1849 792 ardition-

123 829 213 895 mam,
240 828 269 879 et
291 826 434 891 aromata,
458 827 486 877 et
509 840 597 890 vasa,
622 828 650 878 et
670 828 784 879 vestem
810 827 956 879 sacratum
1012 827 1055 879 vit
1064 826 1204 896 templum
1215 826 1378 896 Pantheon,
1392 827 1471 897 quod
1483 843 1563 881 nunc
1578 826 1609 880 in
1625 827 1769 881 honorem
1786 843 1848 880 out-

123 914 230 969 summi
244 913 403 982 pontillcis.
419 912 552 984 Denique
564 913 694 968 loannes
706 914 769 968 Tito
782 928 816 968 se
826 913 954 982 tradidit,
1013 914 1094 968 nium
1106 917 1549 970 sancturumestconsecratum.
1558 915 1847 970 llomiliunusuulem

122 1005 151 1057 et
164 1003 270 1056 Simon
285 1017 302 1055 a
320 1000 397 1056 llulo
413 1001 551 1057 Terentio
568 1003 814 1072 comprehensus,
830 1003 894 1057 Tito
910 1005 957 1057 est
1012 1005 1096 1057 atrox
1108 1002 1204 1057 iactus
1216 1001 1324 1059 multos
1333 1003 1467 1058 illustres
1476 1004 1557 1058 viros
1567 1005 1685 1073 occidit,
1698 1005 1808 1059 multos
1820 1004 1847 1058 iu

121 1093 330 1161 presentatus.
341 1091 532 1145 Concremata
541 1095 587 1145 est
596 1091 686 1163 igitur
695 1091 809 1159 civitas,
818 1094 955 1146 etmurus
1013 1091 1151 1146 exsilium
1162 1092 1251 1145 misit.
1266 1092 1344 1146 Inter
1354 1108 1429 1162 qnos
1446 1097 1474 1146 et
1483 1092 1498 1146 l
1503 1108 1628 1146 oannem
1639 1094 1809 1163 apostolum
1820 1095 1847 1147 iu

121 1180 158 1235 ad
173 1179 271 1234 sulum
286 1195 382 1250 usque
396 1179 541 1250 deiectus.
559 1180 691 1251 lienique
703 1180 917 1250 Vespasiamus
928 1183 956 1234 et
1012 1179 1152 1235 l‘albmos
1162 1180 1288 1236 insulam
1297 1181 1441 1252 relegavit
1452 1182 1575 1236 exsilic·
1587 1182 1679 1236 Porro
1691 1182 1846 1239 Domitiani

122 1268 205 1323 Titus
214 1268 404 1341 magnificum
416 1268 451 1322 de
462 1268 576 1322 ludaris
584 1272 768 1339 reportantes
775 1269 955 1339 triumphum
1012 1269 1195 1339 temporibus
1211 1269 1348 1325 Clemens
1363 1286 1437 1340 papa
1453 1269 1483 1323 in
1493 1270 1617 1326 Galliam
1627 1271 1710 1325 virus
1720 1271 1756 1325 ad
1768 1288 1846 1340 prm-

123 1358 236 1413 Roman
247 1357 379 1429 ingressi
391 1362 470 1427 sunt,
483 1361 511 1412 et
527 1358 666 1413 continuo
683 1359 788 1412 inloto
805 1359 954 1413 Romano·
1012 1356 1168 1412 dicandum
1192 1359 1368 1413 destinauit:
1386 1359 1646 1430 Lugdunensibus
1672 1360 1844 1429 Photinum,

121 1462 188 1501 rum
202 1461 297 1518 regno
311 1462 414 1517 pacem
430 1446 704 1516 pronuntiaverunt.
722 1447 822 1518 ltaque
840 1447 955 1516 Vespa·
1012 1447 1161 1502 Narbonae
1178 1447 1312 1515 l'aulum,
1329 1448 1457 1503 Turonis
1472 1447 1653 1517 Gratianum,
1669 1449 1846 1503 Cenomanis

121 1535 239 1590 sianum
252 1535 421 1606 respublica
440 1537 571 1590 Romana
582 1535 642 1590 istu
652 1536 825 1607 quodamne
836 1536 954 1607 penitus
1012 1535 1287 1591 lulianumverum
1303 1537 1487 1592 Domitianus
1498 1551 1565 1591 cum
1576 1537 1735 1592 crudeliter
1749 1552 1844 1609 popu·

121 1628 221 1679 rueret
235 1627 373 1679 assecuta
390 1626 444 1680 est.
458 1625 568 1679 Verum
583 1641 660 1679 annu
676 1625 744 1679 vitae
760 1641 824 1679 suae
837 1629 956 1695 septua-
1011 1623 1072 1679 lum
1094 1625 1123 1678 in
1147 1625 1221 1679 urbe
1245 1625 1427 1692 Flauiorum,
1453 1625 1616 1680 exercitum
1640 1626 1713 1680 ioris
1739 1626 1843 1680 hostes

121 1714 238 1785 gesimo
248 1712 425 1784 seriisjoca,
438 1714 547 1784 quilius
562 1713 773 1783 delectabatur,
784 1714 954 1768 admiscens
971 1712 1169 1804 Beaederent,
1185 1730 1202 1768 a
1218 1718 1323 1768 senatu
1338 1714 1512 1768 interiectus
1523 1717 1578 1783 est,
1592 1730 1760 1785 corpusque
1776 1714 1843 1784 ejus

121 1801 240 1856 interiit.
251 1802 400 1857 Nemeum
407 1803 521 1858 ventris
532 1802 629 1858 eluvie
641 1802 744 1857 lessus
754 1802 953 1858 surrexisset:
1013 1801 1105 1856 caruit
1120 1801 1282 1872 sepultura.

121 1889 268 1960 Stantem,
289 1891 343 1960 ait,
365 1892 571 1962 imperatorem
589 1892 734 1946 excedere
752 1891 839 1946 terris
858 1891 953 1948 decet.
1252 1890 1323 1946 Cir.
1343 1891 1418 1945 Xlll.
1435 1892 1480 1946 De
1494 1891 1608 1946 Nerva.

121 1977 229 2050 Sicque
249 1980 434 2037 exanimatus
456 1983 516 2048 est,
541 1981 589 2035 cui
612 1981 762 2036 successit
776 1981 859 2036 Titus
874 1980 953 2036 lilius
1047 1980 1145 2034 Nerva
1161 1980 1197 2033 ad
1212 1979 1367 2050 imperium
1383 1980 1560 2036 sublimatus
1576 1981 1670 2052 primo
1680 1981 1777 2037 edicto
1790 1997 1845 2036 suo

121 2066 199 2139 ejus.
1012 2071 1136 2124 cunctos
1151 2068 1256 2124 exules
1272 2070 1432 2139 revocavit,
1446 2086 1523 2142 quos
1539 2070 1723 2125 Domitianus
1740 2071 1847 2128 exsilio

253 2157 323 2214 Car.
342 2159 393 2214 Xl.
411 2159 455 2215 De
474 2159 539 2215 Tito
554 2159 734 2230 Vespasiani
748 2158 819 2214 Alio.
1012 2157 1210 2213 damnaverat.
1243 2157 1327 2212 Unde
1352 2161 1380 2212 et
1405 2159 1511 2213 heatus
1536 2158 1667 2214 loannes
1695 2159 1846 2229 Ephesum

156 2247 240 2303 'l'ilus
253 2249 291 2302 ad
305 2249 462 2319 imperium
476 2252 612 2319 sumptus
628 2249 773 2319 inperauit
783 2248 870 2303 annis
882 2248 954 2303 duo·
1011 2247 1108 2302 rediit.
1121 2246 1214 2301 Porro
1224 2262 1277 2317 per
1288 2247 1390 2301 Asiam
1401 2246 1620 2317 pullulaverunt
1630 2248 1764 2305 haereses
1776 2249 1850 2304 mul-

121 2335 188 2390 bus.
210 2337 267 2391 Hic
290 2337 345 2391 fuit
366 2337 445 2391 omni
468 2352 578 2408 genere
599 2338 739 2392 virtutum
755 2337 909 2407 mirabilis,
927 2339 955 2391 et
1011 2334 1846 2409 tseCerinthi,etEbionis,etaliorumquinegantChris·

121 2439 238 2479 murum
248 2426 443 2495 imperialium
454 2426 578 2481 Auribus
594 2426 764 2480 adornatus.
781 2425 837 2491 Qui
847 2427 877 2479 in
888 2428 954 2479 tan·
1011 2423 1113 2478 lumin
1127 2439 1214 2478 carne
1231 2424 1363 2479 venisse.
1379 2423 1461 2489 Quos
1477 2425 1630 2496 apostolus
1644 2425 1848 2480 Antichristus

120 2512 183 2565 lum
198 2511 432 2568 iucundissimus
448 2514 513 2582 luit,
530 2516 561 2569 ut
576 2529 684 2568 causas
701 2514 804 2568 Latino
820 2517 954 2583 poemate
1011 2515 1106 2566 vocat.
1120 2512 1851 2585 lgiturcontraeorumpravitatempraet'atusapus-

123 2604 286 2669 peroraret,
295 2600 458 2672 ¹tragoedias
466 2601 570 2658 Graece
582 2605 781 2672 componeret.
788 2602 899 2656 Verum
910 2618 955 2656 as·
1011 2600 1091 2655 tolus
1106 2604 1211 2672 rogatu
1226 2600 1385 2655 multorum
1400 2602 1523 2672 scripsit
1536 2602 1741 2674 Euangelium.
1758 2603 1850 2658 Deni-

122 2692 247 2758 aumptae
263 2678 471 2745 dominationis
488 2691 615 2746 decurso
630 2691 748 2746 biennio
764 2707 831 2746 cum
842 2690 955 2764 ingenti
1012 2705 1069 2760 que
1078 2689 1176 2746 Nerva
1184 2689 1286 2745 Caesar
1295 2690 1468 2760 reipublice
1476 2691 1764 2762 multumcunsuluit,
1773 2693 1844 2747 dum

123 2790 246 2831 suorum
261 2777 341 2832 luctu
355 2779 433 2848 apud
451 2779 580 2835 Sabinos
594 2779 781 2835 exanimatus
796 2783 844 2834 est
858 2779 953 2837 tebru.
1012 2777 1172 2850 Traianum
1186 2780 1284 2834 virum
1299 2783 1453 2835 strenuum
1465 2781 1521 2835 sibi
1534 2783 1565 2836 iu
1579 2781 1672 2836 tilium
1687 2782 1847 2852 adoptavit.

776 3097 924 3178 LIBER
949 3095 1190 3177 surtinus

158 3295 292 3359 Tractat
312 3292 352 3359 de
373 3291 620 3376 imperatoribus
641 3312 662 3356 a
682 3292 823 3374 Trojano
845 3311 947 3374 usque
966 3291 1007 3355 ad
1030 3291 1280 3356 Constantinum
1304 3291 1483 3374 Magnum
1506 3292 1648 3356 continet
1668 3291 1810 3374 capitula

884 3398 998 3482 viginti
1021 3400 1093 3462 trie.

313 3765 383 3821 Car.
401 3768 422 3822 l.
440 3767 484 3822 De
503 3766 631 3839 Trojano
646 3731 777 3822 Caesare.
977 3754 1092 3831 Cctor,
1103 3761 1851 3834 lictorqueexaere,atqueiacetuaidcstacerrimus

165 3853 312 3927 Traianus
323 3856 422 3929 igitur,
435 3872 545 3929 gauere
560 3857 721 3926 Hispanus,
738 3853 815 3924 apud
829 3851 963 3925 Agrippi·

130 3959 198 3998 nam
207 3946 313 4002 urbem
322 3946 451 4019 insignia
462 3947 577 4016 imperii
593 3944 736 4014 suscepit.
748 3943 876 4013 Moxque
886 3942 962 3997 Ger·

130 4033 304 4105 maniam,et
311 4038 393 4090 trans
402 4035 568 4091 Danubium
576 4033 790 4106 gentesmultas
798 4031 960 4101 superavit,

131 4125 159 4176 et
168 4123 302 4179 nationes
310 4127 393 4178 trans
401 4124 514 4196 Tigrim
523 4125 552 4178 et
563 4122 740 4193 Euphratem
751 4123 781 4175 in
791 4120 961 4191 provincias

130 4211 255 4284 redegit,
271 4216 410 4284 utusque
426 4214 462 4267 ad
478 4212 573 4267 lndiae
591 4213 665 4267 lines
680 4215 747 4281 post
762 4209 962 4264 Alexandrum

130 4301 271 4374 Magnum
292 4303 431 4357 accessit.
457 4301 525 4356 Erat
550 4302 577 4356 ei
599 4301 678 4355 domi
702 4300 859 4367 sanctitas,
882 4298 962 4353 etin

131 4391 222 4446 armis
241 4391 391 4447 fortitudo.
416 4390 515 4463 Huius
537 4390 720 4460 temporibus
742 4388 873 4444 loannes
893 4403 962 4456 apo·

131 4482 226 4536 stolam
235 4481 391 4554 requievit.
399 4480 533 4552 Eiusque
541 4479 724 4550 temporibus
734 4477 892 4533 ebulliente
900 4492 963 4546 per

131 4571 294 4641 secutione,
306 4569 443 4625 Clemens
456 4585 531 4640 papa
546 4569 576 4622 in
592 4583 673 4623 mare
689 4567 888 4637 precipitatus
904 4568 960 4632 est,

19 4724 25 4733 ,
130 4659 233 4715 Simon
247 4660 328 4715 illins
342 4659 481 4730 Cleophae
500 4656 679 4724 crucifixus,
706 4654 838 4727 lgnatius
854 4653 961 4708 bestiis

130 4749 256 4804 traditus
270 4752 300 4804 et
309 4766 382 4820 papa
394 4748 562 4803 Alexander
572 4747 712 4816 martyrio
723 4748 893 4799 coronatus.
906 4742 963 4796 Ve-

130 4850 197 4890 rum
212 4837 326 4892 Plinius
341 4837 511 4906 secundus,
528 4839 628 4892 emtor
642 4839 671 4890 et
685 4831 960 4905 historiographus,

131 4925 253 4994 scripsit
267 4925 447 4995 imperatori,
462 4930 572 4996 praeter
581 4924 803 4982 confessionem
813 4921 924 4976 Christi
935 4923 964 4975 el

1019 3850 1056 3904 nd
1066 3850 1297 3920 provocandum,
1310 3855 1339 3906 et
1348 3850 1587 3923 respondendum
1597 3854 1689 3921 serio,
1697 3853 1779 3924 joco,
1791 3870 1852 3907 ma·

1020 3938 1146 3994 ledictis.
1171 3939 1226 3994 llic
1245 3940 1368 3995 edoctus
1388 3950 1442 4011 pel·
1455 3940 1633 4004 Quadratum
1648 3947 1677 3996 et
1692 3942 1855 3997 Aristidem

1021 4028 1142 4098 scripsit
1157 4029 1312 4099 epistolam
1326 4029 1362 4082 ad
1378 4030 1531 4083 hlinutium
1546 4032 1756 4101 proconsulem
1772 4032 1856 4087 Asia)

1022 4118 1131 4171 nemini
1142 4118 1231 4173 licere
1246 4117 1445 4172 Christianum
1462 4120 1527 4174 sine
1539 4119 1673 4174 criminis
1684 4120 1854 4192 objectione

1022 4206 1384 4276 etprobationedamnare.
1394 4206 1515 4262 ludaeos
1524 4207 1855 4279 denique,pruvinciam

1022 4294 1199 4351 palestinam
1210 4296 1357 4366 quondam
1364 4312 1449 4350 suam
1458 4296 1682 4367 depopulantes,
1692 4297 1793 4352 ultima
1800 4314 1856 4353 coe·

1008 4384 1854 4455 3deperdomuit,etlerusolpmamreedificavitet:Ellam

1022 4472 1058 4528 de
1070 4490 1125 4528 suo
1136 4475 1254 4528 nomine
1262 4472 1428 4543 appellavit.
1440 4472 1535 4544 Cujus
1546 4489 1636 4544 opera
1646 4473 1757 4528 iactum
1767 4480 1814 4529 est
1822 4478 1855 4529 ut

1023 4561 1086 4616 loca
1107 4567 1208 4616 sanctu
1225 4562 1386 4616 Dominicae
1402 4562 1563 4632 passionis,
1581 4567 1610 4617 st
1624 4563 1855 4618 resurrectionis

1022 4651 1149 4721 quodam
1159 4653 1241 4706 extra
1252 4649 1501 4720 urbemjacentia,
1514 4667 1592 4705 nunc
1600 4651 1685 4706 urbis
1694 4667 1778 4706 muro
1790 4667 1856 4722 sep·

1021 4740 1188 4795 tentriunsli
1199 4740 1428 4795 circumdentur.
1439 4739 1571 4810 lienique
1581 4741 1721 4810 praecepit
1733 4757 1770 4795 ne
1786 4742 1854 4812 quis

1023 4828 1147 4883 ludaeus
1161 4844 1225 4883 eam
1237 4830 1368 4895 intraret,
1381 4827 1558 4882 Christianis
1570 4832 1681 4883 tantum
1696 4829 1769 4883 urhe
1785 4845 1855 4899 per-

1020 4918 1123 4972 missa.
1146 4916 1258 4971 Floruit
1276 4932 1330 4994 per
1351 4917 1428 4971 idem
1450 4922 1567 4988 tempus
1584 4918 1688 4989 Aquila
1702 4920 1811 4986 oratur,
1826 4921 1856 4972 et

132 5013 257 5068 honeste
272 5014 486 5084 conventicula,
499 5015 686 5070 Christianos
696 5012 769 5067 nihil
781 5011 963 5066 contrarium
977 5045 1004 5106 D
1021 5005 1127 5077 Aquila
1141 5006 1299 5075 interpres.

133 5102 275 5158 Romanis
290 5102 409 5176 legibus
425 5102 538 5171 lacere,
560 5118 690 5174 moxque
706 5103 759 5157 Dei
774 5104 847 5156 nutu
861 5099 963 5154 Caesar

131 5191 305 5263 temperavit
319 5190 459 5247 edictum.
480 5190 534 5244 Hic
556 5189 659 5246 Cacsar
672 5189 819 5261 Traianus
834 5189 962 5259 denique

131 5281 209 5352 apud
222 5280 398 5350 Seleuciam,
415 5280 537 5334 Isauriae
555 5280 670 5349 urbem,
686 5279 832 5347 profluvio
846 5277 961 5334 ventris

131 5371 297 5427 exstinctus
311 5372 367 5424 est.

324 5458 395 5514 Car.
412 5456 448 5512 ll.
465 5456 509 5513 De
523 5454 610 5513 AEliu
624 5456 769 5511 Adriano.

166 5550 266 5606 AElius
282 5547 445 5616 Adrianus,
469 5545 624 5617 imperium
647 5543 785 5613 adeptus,
808 5541 961 5613 imperarit

130 5640 216 5702 annis
230 5638 336 5715 viginti
350 5652 420 5693 unu.
439 5635 494 5690 Hic
509 5638 571 5691 erat
585 5633 730 5697 musicus,
747 5634 898 5703 geometra
914 5630 960 5701 pi-

1225 5093 1294 5148 Car.
1312 5093 1361 5148 lll.
1378 5093 1422 5149 De
1436 5095 1567 5149 Antonio
1581 5094 1647 5150 Pio.

1055 5182 1202 5240 Antonius
1217 5182 1288 5237 Pius
1303 5182 1441 5253 proinde,
1458 5183 1494 5236 ab
1510 5183 1639 5238 Adriano
1655 5183 1810 5254 adoptetus
1825 5185 1855 5238 in

1019 5273 1122 5341 illium,
1135 5273 1290 5343 imperium
1300 5275 1347 5326 est
1358 5271 1493 5342 adeptus.
1512 5271 1597 5325 llunc
1612 5271 1750 5327 lustinus
1760 5273 1856 5343 philu-

1020 5362 1134 5432 sophus
1149 5362 1312 5433 benignum
1327 5375 1399 5431 erga
1413 5360 1599 5415 Christianos
1611 5361 1748 5416 reddidit.
1762 5362 1856 5416 Porro

1021 5451 1166 5506 Antonius
1181 5451 1220 5505 ita
1235 5449 1412 5521 tranquillus
1427 5449 1550 5518 exstitit,
1567 5452 1599 5504 ut
1612 5451 1718 5506 merito
1732 5450 1805 5505 Pius
1817 5451 1857 5505 sit

1020 5541 1194 5612 appellatus.
1206 5539 1276 5595 Erat
1285 5542 1383 5593 nutem
1399 5554 1506 5592 carens
1520 5538 1697 5609 gloriatione
1711 5542 1741 5594 et
1756 5543 1856 5594 osten·

1019 5630 1141 5685 tatione.
1151 5629 1197 5683 Ad
1208 5628 1286 5682 bunc
1304 5627 1377 5694 ludi,
1396 5627 1545 5682 Bactriani
1558 5631 1587 5683 et
1602 5627 1724 5682 Hiresni
1738 5628 1855 5700 legatos
