3796 6022
538 330 844 397 MISCELLANEA.
867 368 905 381 ·-
927 334 1006 398 LIB.
1032 336 1088 399 IV.

1621 342 1681 409 ma

64 526 333 596 nsquemdcvorot‚
350 527 443 583 Evam
452 532 585 584 nostram
600 530 639 583 ita
662 531 789 601 decipiat
803 517 833 577 Α
845 534 936 603 ptum,
952 535 1172 604 etsuspirernus
1179 537 1216 591 ad
1225 539 1299 594 ollas
1308 540 1440 594 carnium
1456 542 1588 614 AEgypti.
1599 544 1674 598 Pro-

64 628 97 666 m
111 614 228 668 obediat
243 617 309 670 voci
326 618 431 672 uxoris
457 635 531 680 suae.
556 619 585 672 id
601 622 647 673 est
664 621 788 689 spiritus

68 703 234 757 consentiat
246 704 431 761 delectationi
442 709 541 762 carnis
553 712 674 776 nostrae,
691 709 790 763 carnis

69 790 183 845 faciens
200 793 229 845 in
246 793 415 849 desideriis.
432 795 544 850 Clanrat
566 797 646 851 enim
660 797 790 867 quotidie

64 879 90 934 is
105 880 166 933 Eva
182 881 217 934 ad
236 882 385 937 Adamcui
400 885 427 937 si
443 886 591 939 consentit
607 885 791 940 maledicitur

64 968 141 1022 ninat
175 970 279 1039 spinas
304 971 455 1040 culparum
484 976 512 1027 et
541 974 667 1029 tribulos
690 990 794 1044 poena·

64 1056 139 1129 Ergo
167 1059 341 1130 priusquam
370 1061 463 1130 spinae
488 1066 600 1117 nostrae
628 1064 792 1133 producant

64 1162 123 1215 um,
150 1152 319 1202 scrutemur
340 1148 416 1203 viam
432 1155 563 1206 nostram
593 1168 629 1205 ne
645 1152 790 1221 perviam

64 1250 109 1288 um
124 1251 304 1306 generemus
321 1238 408 1292 nobis
426 1240 552 1295 tribulos
571 1256 742 1310 panarum,
758 1246 787 1295 et

64 1339 142 1377 amur
155 1326 191 1378 ad
208 1326 364 1380 [lominum
375 1343 428 1397 per
441 1328 614 1398 proplietam
629 1346 685 1385 nos
702 1345 790 1384 revo-

64 1411 128 1467 tubi
140 1413 223 1468 dicit:
236 1415 415 1484 Revertoro,
424 1415 522 1470 Israel
534 1418 628 1489 virpo.
642 1418 734 1490 Virgo
743 1421 790 1473 est

67 1518 83 1555 a
99 1502 159 1556 Deo
175 1520 247 1572 pura
264 1507 361 1559 creata
382 1508 410 1559 et
424 1505 550 1577 integra.
567 1506 724 1579 Virginem
738 1525 786 1562 au-

64 1591 318 1661 iap1·udenS,alia
335 1593 413 1647 latua
430 1611 435 1648 :
458 1594 562 1663 Fatua,
581 1613 644 1668 quac
660 1596 792 1667 acceptis

64 1678 141 1733 libus
151 1695 207 1733 non
218 1682 444 1752 sunrpsitoleum
455 1701 554 1738 seorim
567 1705 575 1744 ,·
583 1686 792 1757 prudensque

63 1768 80 1821 ‘t
91 1768 184 1822 oleum
195 1770 225 1822 in
236 1771 316 1824 vasis
325 1772 389 1825 suis
397 1789 460 1826 cum
471 1773 656 1844 lampadibus
667 1774 770 1843 (tirtel
781 1816 788 1828 .

847 621 1142 692 licispendumautem
1154 627 1324 682 noverimus
1340 629 1376 681 ad
1391 632 1500 684 terram
1514 634 1676 687 viventium

847 726 906 764 non
921 727 974 782 per
989 713 1075 767 latam
1089 715 1167 769 viam
1183 733 1249 787 quae
1264 717 1344 771 ducit
1359 719 1394 772 ad
1411 723 1545 789 mortem,
1558 723 1611 776 sed
1626 737 1680 790 per

845 803 1002 870 angustam
1019 818 1085 872 quae
1106 803 1187 858 ducit
1201 806 1237 860 ad
1253 806 1353 861 vitam.
1372 807 1448 862 Hinc
1467 811 1602 879 proecipit
1619 811 1677 865 Do-

846 888 944 943 minus
959 889 1029 944 liliis
1045 891 1136 946 lsrael
1154 895 1230 968 :Ber
1241 897 1349 950 terram
1364 895 1442 950 Seon
1459 913 1562 969 regem
1576 899 1679 953 Amor·

845 977 995 1032 rhaeorum
1010 980 1195 1036 transibitis:
1213 986 1241 1036 et
1258 986 1363 1038 caetera
1379 987 1518 1057 superius
1534 987 1610 1041 dicta
1628 1003 1678 1042 us·

846 1082 902 1137 que
918 1067 955 1122 ad
969 1082 1071 1140 regem
1087 1068 1292 1143 diabolumqui
1309 1088 1363 1126 nos
1380 1075 1485 1144 quaerit
1500 1075 1677 1130 concludere

844 1155 881 1209 ad
897 1160 959 1211 tres
979 1158 1115 1213 civitates
1140 1160 1212 1214 citra
1228 1164 1257 1215 et
1276 1162 1351 1215 ultra
1378 1164 1536 1219 lordanem
1551 1167 1675 1234 positas,

845 1243 915 1298 dum
931 1245 967 1298 ad
982 1249 1090 1301 terram
1108 1248 1194 1304 lactis
1223 1254 1251 1303 et
1276 1251 1371 1305 mellis
1386 1253 1544 1307 tendimus.
1563 1255 1676 1308 Rever-

843 1334 949 1388 tamur.
967 1335 1030 1389 Hoc
1046 1340 1093 1390 est
1119 1338 1197 1391 enim
1221 1339 1300 1409 quod
1329 1341 1473 1411 sequitur,
1504 1348 1674 1410 revertere,

844 1425 899 1476 cte.
918 1422 1000 1478 Ubi?
1024 1425 1062 1478 ad
1081 1425 1225 1480 civitates
1250 1431 1315 1481 tuas
1342 1429 1417 1498 (der.
1449 1429 1542 1499 xxxi),
1572 1430 1675 1500 inquit.

844 1511 918 1566 Tres
935 1516 1003 1567 sunt
1019 1513 1153 1568 civitates
1169 1515 1339 1585 spirituales
1350 1518 1386 1570 ad
1398 1533 1472 1588 quas
1488 1533 1671 1573 revocamur.

845 1600 942 1654 Prima
958 1605 1004 1656 est
1020 1617 1114 1671 mens,
1127 1605 1256 1658 secunda
1266 1605 1400 1660 Ecclesia
1415 1607 1578 1675 terrestris,
1593 1608 1677 1662 tertia

846 1689 988 1745 coelestis.
1000 1691 1031 1743 ln
1043 1691 1189 1745 civitatem
1196 1694 1303 1748 mentis
1312 1698 1533 1767 congregantur
1541 1696 1676 1764 virtutes3

846 1779 876 1831 in
892 1779 1039 1834 civitatem
1055 1780 1199 1836 Ecclesiae
1208 1785 1507 1855 congreganturbonl
1518 1788 1547 1839 ct
1558 1786 1636 1853 mala
1648 1786 1677 1840 in

65 1873 175 1927 empus
187 1861 307 1913 estcaro
319 1863 700 1933 quamacccpitprudenset
710 1863 789 1918 latua
805 1847 833 1910 Β
847 1868 993 1923 civitatem
1000 1869 1214 1925 coelestemsoli
1224 1872 1293 1926 boni
1304 1874 1495 1943 recipiuntur.
1510 1875 1677 1946 lnsingulis

68 1947 127 2002 Sed
137 1948 267 2017 prudens
279 1949 309 2002 in
320 1966 374 2003 sna
390 1951 523 2021 lampade
539 1954 634 2006 oleum
650 1952 787 2022 sumpsit,
846 1957 965 2028 singula
979 1958 1085 2012 dantur
1099 1959 1188 2014 hona.
1201 1961 1233 2014 ln
1242 1963 1333 2030 prima
1345 1963 1430 2032 fides,
1443 1979 1524 2034 spes,
1535 1964 1675 2034 charitaS,

66 2036 313 2092 misericordiam.
337 2039 419 2094 Sicut
443 2042 520 2094 enim
553 2042 650 2095 oleum
670 2041 789 2095 caeteris
846 2047 920 2100 solis
936 2047 1033 2101 bonis
1052 2048 1226 2103 Insecunda
1238 2054 1432 2121 sacramenta,
1449 2055 1480 2106 ut
1494 2051 1672 2122 baptismus

65 2124 133 2194 buS,
146 2126 190 2180 sio
200 2127 402 2182 misericordia
412 2132 533 2199 praestat
548 2130 615 2184 aliis
631 2130 784 2184 charitatis

64 2228 108 2268 [18.

69 2320 195 2388 primum
212 2323 344 2391 scipsum
359 2324 446 2379 debet
456 2340 569 2396 ungere
588 2325 787 2380 omnishomo

65 2411 128 2476 ter3
145 2410 250 2464 deinde
267 2414 444 2480 proximum.
471 2414 638 2483 Tripliciter
653 2415 788 2484 seipsum

63 2501 145 2569 ragat
161 2500 329 2555 miserando
338 2503 443 2557 animae
456 2520 519 2557 suae
531 2519 585 2573 per
597 2504 697 2557 cordis
714 2519 786 2558 con-

64 2602 113 2656 am,
130 2589 191 2643 oris
203 2589 433 2660 confessionem,
451 2597 479 2646 ct
495 2593 593 2662 operis
610 2592 788 2647 satisfactio-

64 2676 92 2730 )e
107 2676 162 2731 bac
178 2679 271 2747 prima
286 2682 368 2749 prius
380 2681 601 2736 sibiinferenda
617 2681 786 2736 misericor-

64 2768 130 2819 .tur:
139 2767 291 2823 Miserere
298 2770 403 2823 animm
410 2775 466 2823 tum
472 2770 596 2841 placens
607 2771 668 2825 Deo
676 2770 785 2840 (Eccli.

64 2854 92 2908 tn
103 2856 238 2924 proximo
255 2858 458 2928 condonando,
469 2861 495 2914 si
504 2860 582 2914 laesit
593 2860 746 2930 ;doeendo,
759 2861 786 2914 si

64 2946 96 3011 t,
114 2947 284 2999 neccssaria
305 2948 509 3016 ministrando,
540 2950 567 3003 si
581 2950 704 3020 indiget.
722 2948 785 3004 Hoc

72 3033 170 3087 oleum
187 3034 401 3092 misericordiae
417 3040 475 3093 sibi
499 3043 527 3094 et
555 3040 691 3110 proximo
707 3038 785 3092 latua

844 2134 932 2189 bonis
948 2136 976 2189 et
985 2136 1082 2190 malis.
1091 2137 1123 2190 ln
1132 2139 1216 2191 tertia
1229 2138 1322 2210 gloria
1333 2140 1407 2194 solis
1418 2140 1523 2196 beatis.
1533 2142 1574 2195 Dc
1583 2142 1675 2211 prima

844 2222 1677 2301 dicitur:1nmatutinointerficiebamomnaspcceatores

844 2316 945 2376 terrae,
957 2313 1200 2384 utdisperderem
1207 2316 1374 2371 decivitate
1382 2317 1501 2372 Domini
1507 2333 1607 2374 onrnes
1613 2335 1677 2390 ope·

843 2407 948 2455 rantes
963 2402 1149 2473 iniquitatem
1169 2403 1263 2471 (Psal.
1281 2408 1318 2476 c),
1337 2406 1427 2460 idest
1444 2409 1475 2460 nt
1489 2407 1674 2462 destruerem

843 2504 946 2544 ornnes
957 2506 975 2543 a
989 2492 1259 2548 menteimmundos
1271 2495 1404 2565 spiritus,
1421 2498 1471 2567 qui
1482 2498 1676 2567 operanturin

843 2594 877 2633 ea
888 2581 991 2635 vitiaet
1005 2587 1125 2651 peccata
1143 2583 1335 2638 desecanda:
1352 2585 1480 2657 Maqnus
1494 2585 1637 2641 Dominus
1646 2592 1676 2641 et

843 2669 1004 2729 laudabilis
1018 2675 1108 2728 nimis
1122 2675 1153 2728 in
1177 2675 1300 2729 civitate
1315 2675 1372 2729 Dei
1386 2677 1491 2739 nostri,
1509 2679 1564 2730 etc.
1582 2675 1674 2736 (Psal.

843 2764 946 2821 xnvul.
965 2763 1036 2818 Haec
1047 2766 1094 2818 est
1104 2763 1239 2818 Ecclesia
1250 2779 1316 2835 quae
1332 2765 1361 2818 in
1377 2768 1475 2820 monte
1491 2768 1594 2820 sancto
1606 2780 1676 2821 con·

844 2853 946 2907 stituet
955 2857 1011 2921 est,
1019 2869 1050 2908 in
1065 2869 1122 2924 qua
1138 2869 1264 2926 magnus
1282 2855 1425 2908 Dominus
1440 2858 1561 2926 peccata
1576 2855 1676 2909 dimit-

845 2942 943 3009 tendo,
968 2943 1057 2997 nimis
1072 2944 1230 2999 laudabilis
1258 2944 1379 3013 praemia
1408 2943 1615 3013 promittendo.
1633 2944 1674 2998 De

845 3030 962 3086 civitate
978 3032 1093 3086 coelesti
1104 3032 1229 3086 dicitur:
1250 3032 1385 3087 Gloriosa
1401 3033 1481 3087 dicta
1504 3038 1574 3086 sunt
1585 3032 1622 3087 de
1634 3036 1673 3096 te,

64 3137 115 3176 ron
131 3124 220 3176 sumit
230 3126 342 3194 etideo,
356 3144 423 3181 cnm
438 3130 551 3183 venerit
566 3133 594 3185 et
608 3129 782 3200 pulsaverit,
802 3154 829 3217 c
845 3118 955 3174 civitas
968 3120 1026 3175 Dei
1036 3121 1128 3181 (Psal.
1145 3123 1277 3183 nxxxvrl·
1296 3122 1367 3176 Haess
1383 3124 1429 3176 est
1447 3121 1551 3176 civitas
1566 3121 1602 3176 de
1618 3137 1676 3192 (1¹18

63 3214 165 3266 eturet
179 3215 314 3269 trudetur
328 3217 357 3269 in
372 3218 510 3272 tenebras
527 3220 702 3273 exteriores
716 3218 785 3272 Ideo

64 3302 122 3356 ritae
139 3303 281 3358 Dominus
306 3311 425 3360 revocat
440 3323 536 3360 cuma
561 3309 608 3361 via
623 3323 677 3361 sua
694 3322 785 3376 prava

75 3407 81 3445 :
98 3391 277 3462 Revertar-c,
294 3401 466 3457 revertere,-
479 3396 679 3467 virqolsrael.
695 3395 787 3461 Quasi

71 3479 188 3553 Ovirgo
200 3485 288 3551 latua,
305 3486 330 3537 si
345 3487 392 3539 vis
408 3501 477 3539 esse
489 3487 576 3557 virgo
592 3485 723 3555 sapiens,
740 3485 784 3539 sis

65 3570 154 3637 srael,
172 3589 237 3641 qum
249 3574 363 3629 scilicet
381 3575 485 3629 videas
503 3575 615 3644 Deum,
643 3576 688 3630 sic
704 3575 782 3629 enim

64 3661 163 3713 etatur
179 3661 278 3715 lsrael.
294 3663 454 3718 Revertere
466 3669 494 3718 et
510 3666 615 3719 iterum
625 3667 784 3735 revertere,

64 3748 264 3819 uplicitercam
277 3757 404 3819 revocat,
413 3754 520 3823 priusa
534 3755 652 3809 rnaload
664 3755 785 3822 bonum,

64 3855 67 3890 ι
82 3838 119 3893 ad
133 3839 256 3894 virtutes
270 3857 277 3910 3
294 3844 425 3897 secundo
442 3861 457 3897 a
473 3844 551 3897 bono
567 3844 604 3897 ad
619 3844 785 3913 praemium.

79 3944 95 3983 a
111 3944 168 3999 quo
181 3945 244 3983 earn
260 3936 380 3985 revocat
393 3936 439 3986 est
454 3934 538 3987 locus
555 3934 685 3987 miserias
701 3935 728 3986 et
743 3932 787 3986 lu·

64 4017 125 4088 teis,
142 4019 170 4072 in
183 4036 241 4090 quo
265 4020 371 4090 jacens
395 4025 534 4093 peccator
562 4022 649 4077 bomo
669 4022 786 4092 plorare

843 3223 914 3263 vere
930 3210 1062 3281 gloriosa
1078 3211 1224 3277 dicuntur,
1242 3214 1272 3264 et
1285 3211 1314 3265 in
1331 3226 1388 3283 qua
1403 3211 1678 3281 dantur,quiaquod

845 3305 945 3360 oculus
961 3322 1019 3361 non
1034 3306 1117 3370 vidit,
1131 3309 1185 3360 etc.
1197 3305 1225 3359 tl
1239 3304 1306 3359 Cor.
1318 3305 1358 3373 n),
1375 3303 1427 3358 ubi
1444 3303 1495 3358 lux
1507 3302 1572 3357 sine
1587 3301 1675 3369 nube,

844 3395 904 3449 vita
920 3394 985 3449 sine
1000 3394 1067 3458 line,
1081 3394 1202 3449 satietas
1213 3395 1278 3449 sine
1287 3394 1417 3461 fastidio,
1428 3392 1523 3464 gloria
1534 3391 1598 3444 sine
1613 3392 1675 3443 ter-

846 3480 1676 3556 mino.Oquamgloriosumestchorisangelicispntriar-

846 3574 968 3628 charum
983 3573 1119 3641 coetibus,
1133 3573 1303 3642 apostoloru
1316 3572 1466 3637 nsenatui,
1476 3572 1582 3627 turmis
1597 3586 1676 3624 mar-

844 3661 1166 3734 tyrum,conlessorum
1176 3662 1517 3733 etvirginuminteresse
1533 3659 1677 3716 societati-

845 3753 1024 3821 hue,etcum
1033 3753 1176 3807 eisDeum
1185 3750 1331 3805 laudando
1342 3765 1468 3821 regnare
1478 3748 1483 3804 Ι
1496 3750 1559 3804 Nos
1567 3750 1674 3819 itaque,

845 3846 877 3896 ut
887 3842 924 3897 ad
934 3842 1080 3896 civitatem
1096 3841 1182 3895 istam
1203 3839 1423 3910 perveniamus,
1440 3841 1623 3893 revertamur
1646 3837 1687 3904 in,

844 3931 986 4002 praesenti
999 3931 1036 3985 ad
1047 3930 1194 3984 civitatem
1208 3930 1316 3985 mentis
1333 3933 1361 3985 et
1371 3928 1524 3995 Ecclesiae,
1541 3927 1593 3981 sed
1607 3926 1675 3998 quia

845 4037 902 4076 non
917 4025 964 4075 est
977 4020 1114 4083 volentis
1124 4019 1177 4074 sed
1195 4034 1249 4074 nec
1263 4020 1425 4075 currentis.
1437 4018 1493 4073 sed
1500 4016 1678 4071 miserentis

64 4108 86 4161 et
95 4109 273 4178 supplicare.
287 4111 424 4166 Ambnlet
437 4112 530 4182 igitur
547 4111 716 4182 quicunque
728 4111 786 4164 Do·
844 4110 902 4165 Dei
909 4111 1000 4171 (Rom.
1008 4109 1050 4179 rx)
1059 4128 1068 4172 ,·
1077 4109 1194 4163 creavit
1201 4109 1345 4164 Dominus
1355 4124 1460 4163 novum
1467 4111 1677 4178 superterram

64 4197 93 4250 st
102 4199 268 4266 proximum
293 4201 436 4269 docendo,
461 4204 519 4255 stet
542 4201 676 4270 seipsum
692 4199 786 4254 corri-
844 4199 935 4265 Quasi
946 4199 1045 4254 dicat:
1064 4199 1236 4269 Revertere,
1252 4197 1451 4270 virgolsrael,
1467 4195 1535 4268 quia
1549 4195 1579 4250 in
1594 4195 1677 4249 auxi·

66 4326 73 4354 ,
90 4285 220 4341 elevetur
235 4289 401 4343 mercedem
417 4304 540 4359 operum
568 4290 661 4344 aDeo
676 4303 787 4359 exspe·
844 4289 917 4344 lium
931 4292 1012 4343 tuum
1028 4287 1098 4342 lecit
1107 4286 1256 4342 incarnari
1272 4287 1376 4343 Filium
1391 4302 1479 4341 suum
1495 4286 1574 4340 [lens
1590 4286 1678 4340 Pater

77 4377 105 4428 et
120 4376 298 4445 recipiendo.
318 4379 392 4432 ilinc
422 4382 524 4433 sancta
554 4379 786 4433 animaliarotas
846 4381 898 4450 qui
915 4378 1025 4434 creavit
1040 4392 1151 4432 novum
1174 4393 1266 4449 super
1295 4380 1413 4431 terram.
1439 4375 1523 4440 Quod
1547 4386 1675 4429 novum:

64 4464 116 4517 rtes
125 4464 152 4517 in
165 4464 464 4538 Ezechielelegnntnr
474 4467 655 4536 ambulasse,
666 4467 787 4522 stetisse
802 4467 829 4529 D
845 4468 957 4523 Mulier
967 4467 1164 4522 circumdabit
1176 4469 1280 4521 virum.
1294 4465 1384 4520 Maria
1398 4464 1484 4536 virgo
1496 4461 1677 4531 concipietin

64 4571 68 4605 l
82 4567 151 4607 esse
167 4553 288 4617 (Ezeclr.
301 4557 332 4623 rt,
345 4556 413 4626 quia
422 4557 516 4610 sancti
528 4557 676 4624 doctores,
693 4558 786 4625 rotas,

64 4639 229 4711 Scripturas
253 4648 373 4698 sanctas
390 4649 550 4716 sequentes
566 4645 717 4700 ambulant
731 4646 786 4700 do·

75 4733 154 4785 stant
183 4749 216 4786 se
245 4733 428 4804 castigando,
460 4735 614 4788 elevantur
636 4735 782 4788 adlleum

64 4818 111 4873 do.
130 4820 183 4873 His
199 4821 295 4892 itaque
312 4823 438 4890 pedibus
450 4822 666 4892 spiritualibus,
680 4823 786 4877 fratres

64 4907 135 4976 rimi,
159 4914 322 4964 revertatur
352 4912 556 4982 unusquisque
586 4915 720 4967 nostrum
750 4912 786 4965 ad

66 4995 785 5069 ipsonosadsevooante:Revertcro,reve1·tere,

64 5085 127 5139 imo
142 5088 172 5138 ut
188 5091 368 5141 revertamur
379 5089 415 5142 de
426 5089 555 5161 AEgypto
571 5090 606 5144 ad
624 5091 784 5159 desertum,

64 5188 82 5228 a
97 5174 144 5227 via
155 5175 242 5228 trium
254 5177 368 5231 dierum
380 5179 585 5233 sacrificemus
595 5179 656 5233 Deo
671 5181 784 5248 nostr03

64 5278 97 5330 ao,
114 5265 145 5316 ut
160 5264 195 5317 de
211 5265 329 5319 deserto
345 5271 528 5322 revertamur
542 5268 579 5322 ad
595 5269 703 5321 terram
717 5284 785 5337 pro-

64 5351 119 5405 nis.
133 5351 197 5406 dam
209 5353 371 5424 AEgpptum
383 5355 588 5426 hujusmundi
604 5356 783 5426 dimisimus,

64 5440 179 5495 enimus
189 5441 380 5496 addesertum
392 5444 781 5514 monastioaeprolessionis.

63 5529 99 5582 im
116 5528 277 5584 claustrum
288 5531 451 5587 solitudoet
462 5534 623 5603 desertum,
640 5534 692 5587 ubi
703 5533 786 5590 dese·

64 5634 68 5670 r
84 5634 143 5673 non
159 5618 256 5672 solum
270 5623 381 5688 nostra,
398 5622 451 5676 sed
468 5623 555 5676 etiam
567 5638 622 5678 nos
638 5623 733 5694 ipsos.
752 5624 784 5678 In

64 5705 141 5762 mino
150 5723 307 5763 caveamus
314 5713 454 5768 comente
467 5712 625 5768 redeamus
640 5712 677 5769 ad
688 5710 783 5786 AEgy-

846 4562 928 4614 utero
943 4557 1104 4612 Christum.
1116 4557 1192 4612 Vera
1201 4556 1258 4611 boc
1268 4557 1314 4611 est
1328 4569 1448 4619 novum,
1461 4567 1537 4606 nova
1549 4565 1676 4623 genera-

845 4648 925 4703 tione
935 4647 1131 4718 procreatum.
1149 4645 1223 4699 Tres
1238 4644 1304 4698 alias
1319 4642 1528 4715 generationes
1543 4656 1675 4710 praeces·

845 4738 967 4804 serunt,
990 4751 1058 4790 nam
1073 4738 1199 4805 quatuor
1212 4735 1281 4786 sunt
1296 4748 1302 4786 :
1334 4731 1442 4799 Prima,
1468 4729 1534 4785 sine
1549 4731 1631 4800 patre
1647 4732 1677 4785 et

844 4827 955 4889 matre;
971 4822 1113 4890 secunda,
1130 4821 1166 4875 de
1177 4824 1258 4890 patre
1274 4822 1302 4875 et
1317 4820 1383 4874 sine
1398 4820 1509 4887 matr-03
1524 4818 1619 4888 tertia,
1636 4819 1672 4874 de

843 4915 924 4983 patre
939 4913 1069 4966 etmutre
1082 4912 1212 4982 3quarta,
1230 4909 1265 4964 de
1279 4911 1371 4962 matre
1386 4907 1451 4963 sinc
1466 4911 1558 4978 patre.
1578 4907 1673 4963 Prima

842 5001 1033 5074 generatione
1049 4999 1143 5053 Adam
1155 4998 1279 5054 venitin
1294 4997 1446 5067 mundum,
1462 4998 1594 5053 secunda
1608 5013 1676 5068 pro-

841 5090 960 5145 ducitur
973 5089 1044 5157 Eva,
1060 5089 1145 5144 tertia
1160 5089 1248 5144 homo
1264 5088 1406 5154 nascitur,
1423 5090 1528 5159 quarta
1544 5087 1673 5141 inaudita

841 5181 887 5234 est
897 5181 927 5234 et
939 5195 1025 5235 nova.
1043 5177 1116 5243 Quia
1126 5176 1263 5232 Christus
1278 5177 1402 5231 venitin
1417 5177 1569 5242 mundum,
1587 5179 1673 5229 natus

840 5270 887 5324 est
897 5268 1076 5324 otmundum
1091 5267 1224 5322 redemit.
1241 5266 1333 5321 Valde
1350 5267 1465 5321 creavit
1474 5265 1616 5320 Dominus
1623 5279 1675 5317 no·

844 5375 908 5413 vum
924 5363 1148 5430 superterram.
1167 5355 1231 5410 Hoc
1259 5357 1305 5410 est
1328 5355 1401 5409 illud
1416 5370 1525 5409 novum
1539 5367 1597 5422 quo
1613 5350 1675 5404 Eli-

842 5462 914 5503 seus
930 5461 1036 5517 aquarn
1047 5445 1167 5500 Jeriebo
1178 5459 1308 5499 amaram
1319 5443 1444 5498 sanavit.
1462 5441 1574 5495 Mulier
1584 5438 1676 5510 igitur

841 5532 1036 5600 circumdabit
1056 5534 1160 5587 virum.
1178 5532 1231 5586 Vir
1245 5532 1301 5586 iste
1313 5532 1420 5585 dicitur
1439 5529 1667 5583 circumdatusa

840 5623 973 5690 muliere,
983 5622 1051 5693 quia
1060 5615 1673 5691 Moysescircumscriptusdicituratlscel·

839 5712 866 5766 la
877 5711 1004 5784 scirpea.
1015 5710 1087 5766 Hac
1101 5710 1204 5765 antem
1215 5711 1266 5765 est
1284 5706 1385 5776 *tingo
1391 5705 1589 5771 beata,an
1596 5701 1698 5767 ἥκω
