3796 6022
504 294 881 360 misserrima-
903 296 973 359 me
1007 298 1033 361 1.
1124 311 1143 340 -,
1294 279 1297 282 ’
1556 259 1559 263 ’
1626 303 1686 371 ιιι

64 514 101 553 ιι.
118 498 251 553 Alterum
267 498 376 553 malum
387 498 416 552 in
427 498 523 552 anima
533 498 570 553 ad
579 498 797 569 corruptionem
812 478 916 580 A*non
931 500 1080 571 pervenis.
1096 501 1183 559 Facis
1198 505 1297 573 opus?
1312 503 1338 558 si
1353 520 1412 560 non
1427 505 1506 575 linis,
1527 522 1588 562 non
1598 507 1686 579 perli-

64 587 162 658 ilpam:
180 588 304 642 alterum
319 588 426 642 malum
442 589 610 658 incorpore
634 588 671 641 ad
696 603 797 642 corre·
857 590 910 644 cis.
928 589 1008 662 Ergo
1023 590 1091 645 sinis
1107 592 1319 647 consummatio
1331 596 1387 662 est,
1399 593 1617 666 smisperlectio
1629 599 1684 665 est,

66 692 96 730 m
110 692 164 747 per
178 693 304 746 poenam.
321 676 428 732 Contra
445 681 600 748 utrumque
616 677 724 731 malum
740 674 801 731 Sal·
856 678 923 732 fluis
938 679 1090 750 perventio
1106 683 1166 749 est3
1183 684 1211 734 et
1225 681 1297 735 nihil
1313 682 1432 752 plenum
1447 683 1512 738 sine
1524 684 1592 740 fine.
1605 685 1687 739 Nihil

64 769 168 821 noster
183 766 344 820 remedium
360 770 490 838 praestat,
503 767 672 821 memoriam
684 769 799 820 sancto·
854 782 926 838 ergo
942 767 995 822 tibi
1010 768 1139 823 sufficiat
1152 773 1219 823 ante
1234 771 1338 838 finam,
1355 770 1428 825 nihil
1439 771 1687 843 sufficiatpraeter

64 871 180 911 uorum.
198 857 272 911 Dum
288 857 366 911 enim
381 857 546 928 cogitamus
563 856 640 927 quod
652 855 796 926 fecerunt,
838 854 1013 925 Christum,
1030 858 1169 928 quoniam
1184 857 1321 913 Christus
1333 863 1378 913 est
1389 860 1467 914 finis.
1479 860 1688 916 Doneclmris-

64 961 129 1000 mur
143 947 179 1000 ad
195 946 385 1000 imitationem
399 946 546 999 bonorum
564 961 695 1029 operum.
723 945 797 999 Dum
853 948 913 999 tum
928 944 1038 1000 habeas
1054 962 1114 1000 uon
1128 947 1320 1017 requiescas3
1336 964 1394 1003 non
1411 949 1531 1004 deficias
1543 950 1637 1005 donee
1648 951 1685 1006 ad

64 1035 278 1090 consideramus
295 1036 373 1106 quod
389 1037 595 1106 perceperunt,
609 1033 798 1089 consolamur
852 1033 1001 1090 Christum
1012 1036 1180 1105 pervenias.
1193 1034 1329 1091 Christus
1338 1038 1431 1091 verita
1440 1040 1495 1105 θεῖ,
1509 1042 1536 1092 θῖ
1547 1038 1684 1094 Christus

64 1122 283 1193 irticipationem
299 1123 485 1195 gaudiorum.
503 1123 600 1177 Prima
615 1123 739 1177 eruditio
751 1125 797 1177 est
852 1123 995 1193 sapientia
1009 1127 1063 1178 est.
1081 1124 1110 1178 Si
1125 1123 1257 1179 habitum
1272 1127 1389 1180 virtutis
1413 1131 1441 1181 et
1459 1127 1682 1183 similitudinem

65 1226 99 1266 er
113 1212 281 1282 patientiam
298 1212 416 1266 illerum
430 1212 466 1265 ad
482 1212 664 1266 tolerantiam
674 1212 796 1266 robora·
851 1211 925 1265 foris
936 1213 1137 1283 assumpsisti,
1148 1214 1274 1284 empisti.
1285 1214 1315 1268 Si
1325 1214 1478 1270 veritatem
1487 1215 1565 1270 intus
1578 1217 1682 1286 hubae,

64 1301 202 1370 secunda,
220 1318 286 1355 cum
300 1317 354 1371 per
368 1302 555 1355 tentationem
572 1301 718 1355 eorumad
728 1317 796 1356 cau·
851 1301 1013 1370 perfecisti,
1029 1305 1057 1355 et
1073 1302 1166 1357 habas
1181 1303 1270 1356 linem
1284 1302 1444 1372 Christum,
1462 1304 1530 1375 quia
1545 1305 1683 1360 Christus

64 1389 350 1460 instruimumtertia,
369 1405 436 1444 eum
447 1389 669 1445 incorrectione
680 1389 796 1444 illorum
851 1390 962 1444 veritas
976 1393 1032 1444 est.
1048 1390 1077 1444 Si
1096 1407 1165 1446 vere
1180 1392 1272 1463 sapis,
1290 1394 1319 1446 et
1340 1393 1419 1463 quod
1443 1393 1617 1465 sapiendum
1638 1397 1684 1448 est

64 1477 162 1548 ulpam
175 1478 212 1532 ad
227 1494 310 1549 spem
326 1479 478 1551 erigimur.
492 1476 565 1542 Quia
576 1478 653 1531 enim
665 1494 716 1532 eos
728 1482 796 1548 post
852 1478 944 1548 sapis,
961 1479 1111 1534 Christum
1127 1480 1219 1535 habes
1238 1485 1266 1535 ct
1281 1482 1455 1552 sapientiam
1479 1482 1583 1546 habes,
1608 1497 1684 1551 quo·

64 1581 79 1620 u
93 1566 225 1620 oriminis
241 1583 294 1637 per
308 1567 510 1637 poenitentiam
525 1566 741 1634 resurrexisse,
767 1570 796 1621 θῖ
852 1567 930 1621 niam
944 1567 1082 1623 Christus
1099 1569 1243 1639 sapientia
1257 1573 1313 1639 est,
1326 1570 1400 1624 etad
1412 1570 1499 1624 tinem
1510 1569 1683 1639 pervenisti,

64 1668 126 1709 eum
140 1655 264 1710 Domino
279 1656 340 1710 Deo
356 1658 386 1710 in
402 1656 526 1728 gloriam
546 1659 655 1710 tantam
679 1672 794 1709 assum·
852 1656 990 1726 quoniam
1004 1657 1155 1713 Christum
1170 1659 1320 1713 invenisti.
1337 1659 1475 1713 Christus
1490 1659 1568 1713 enim
1584 1658 1684 1713 lumen

65 1742 191 1813 idemus,
208 1745 294 1799 nobis
310 1761 427 1816 quoque
443 1745 676 1815 licetinpeoenta
691 1744 794 1816 gravia
851 1749 933 1799 tuum
948 1750 1003 1814 θεῖ,
1020 1762 1078 1816 quo
1095 1746 1270 1801 illuminaris
1286 1747 1322 1801 ad
1344 1748 1483 1802 virtutem
1505 1746 1684 1818 diligendam

64 1847 266 1904 nequaquam
283 1835 319 1887 de
336 1835 387 1888 Dei
405 1834 608 1888 misericordia
630 1833 793 1903 desperari·
851 1836 880 1887 et
894 1834 930 1887 ad
947 1835 1097 1889 veritatem
1109 1836 1358 1907 cognoscendam.
1372 1836 1438 1890 Non
1450 1839 1602 1890 astantem
1614 1850 1684 1889 vera

64 1936 123 1976 asse
147 1922 350 1993 agnoscimus.
375 1922 410 1976 Et
425 1923 492 1993 quia
507 1939 625 1977 rursum
641 1923 792 1993 antiquum
852 1924 996 1994 sapientia
1023 1924 1118 1978 aliena
1153 1924 1344 1996 investigare,
1380 1941 1434 1979 sua
1463 1925 1612 1996 ignorare.
1649 1922 1684 1977 Et

64 2027 88 2079 n,
105 2010 191 2064 etiam
208 2014 308 2065 contra
324 2012 435 2065 electos
453 2011 504 2066 Dei
519 2011 629 2082 aliquid
645 2026 792 2081 praesum·
851 2016 1005 2082 propterea
1021 2028 1075 2067 nec
1091 2013 1234 2082 supientia
1249 2014 1360 2082 mundi,
1377 2029 1431 2067 nec
1453 2013 1607 2082 prudentia
1630 2027 1684 2065 sae-

75 2099 215 2171 legimus,
233 2104 339 2171 quanta
356 2101 467 2155 cautela
484 2101 629 2154 adversus
653 2099 720 2170 ejus
745 2099 792 2152 iu·
852 2101 910 2155 culi
920 2117 1020 2157 veram
1032 2102 1206 2172 sapientiam
1215 2103 1367 2175 contingit,
1380 2102 1518 2173 quoniam
1527 2101 1576 2155 illa
1586 2099 1681 2154 aliena

64 2189 360 2261 vigilandumsitnon
370 2190 548 2244 dubitamus.
558 2189 711 2244 Postremo
723 2189 792 2243 dum
851 2191 982 2261 inquirit,
999 2191 1055 2245 ista
1069 2208 1127 2245 non
1142 2191 1295 2261 profutura
1312 2191 1438 2263 colligit3
1457 2189 1534 2261 quod
1544 2205 1602 2243 non
1613 2204 1682 2258 pro·

64 2277 87 2335 ti
110 2276 188 2331 bona
211 2279 320 2348 operati
348 2281 426 2345 sunt,
452 2281 530 2332 tanta
556 2282 677 2348 propter
700 2278 807 2351 Deum¹
851 2280 900 2334 bat
924 2280 1032 2335 veritas
1056 2280 1177 2344 Christi,
1202 2296 1256 2334 nec
1280 2281 1366 2335 docet
1390 2279 1534 2350 sapientia
1559 2276 1680 2331 Christi.

64 2366 209 2421 ›ertulisse
224 2367 394 2437 recelimuS,
411 2369 510 2438 aperte
525 2366 613 2421 nobis
629 2366 793 2421 ostenditur
852 2370 1019 2439 Propterea,
1037 2369 1154 2438 lratres,
1171 2371 1250 2424 illam
1270 2370 1443 2440 sapientiam
1469 2367 1590 2439 quaerita
1615 2380 1681 2436 quae

64 2456 215 2526 imnosqui
224 2455 297 2510 mala
305 2456 441 2525 lecimus,
455 2457 484 2510 in
495 2456 631 2511 adversis
648 2455 791 2526 patientes
848 2477 917 2514 vern
935 2462 990 2530 θεῖ,
1007 2464 1038 2514 ut
1053 2477 1117 2514 eam
1133 2461 1235 2515 sciatis
1256 2477 1322 2531 quae
1346 2459 1381 2512 ad
1404 2459 1528 2512 salutem
1551 2459 1681 2511 vestram

64 2544 215 2599 ebeamus
233 2544 285 2599 Est
300 2545 637 2616 etaliuslructusqnem
651 2547 791 2601 memoria
848 2550 983 2619 pertinet,
1007 2551 1145 2621 quoniam
1169 2551 1200 2603 in
1224 2550 1274 2603 illa
1295 2548 1433 2603 Christus
1455 2550 1510 2616 θεῖ,
1534 2548 1563 2600 θῖ
1577 2544 1626 2599 illa
1651 2544 1681 2598 in

64 2651 131 2691 rum
145 2636 260 2690 devotis
277 2637 424 2692 mentibus
440 2637 562 2707 prolert.
579 2639 653 2692 Nam
669 2639 792 2711 dumip·
848 2639 967 2694 Christe
982 2643 1037 2709 est,
1064 2643 1092 2694 et
1111 2639 1160 2710 qui
1183 2639 1272 2693 habet
1295 2638 1383 2707 illam,
1408 2636 1557 2690 Christum
1580 2634 1678 2689 habet.

73 2725 182 2798 gaudia
194 2741 246 2795 per
257 2726 541 2798 congratulationem
551 2729 723 2799 aspicimus,
734 2729 792 2799 ipsi
848 2727 968 2783 Studete
984 2744 1056 2799 erge
1066 2729 1219 2783 veritatem
1228 2728 1348 2796 habere,
1361 2730 1389 2781 at
1398 2726 1571 2796 sapientiam
1580 2739 1681 2778 vemm

64 2815 121 2869 ein
137 2817 238 2868 nostra
254 2815 373 2869 miseria
389 2831 425 2870 ex
442 2817 497 2870 hae
513 2833 600 2887 quam
616 2817 744 2873 charitas
760 2818 791 2872 in
848 2820 974 2888 habere;
986 2824 1014 2874 et
1024 2820 1171 2874 habebitis
1183 2819 1333 2873 Christum
1344 2817 1431 2879 llnem
1441 2814 1610 2868 vestrumin
1622 2827 1680 2883 quo

64 2903 284 2958 remuritlaetitia
293 2905 492 2960 consolamur.
501 2905 632 2960 Primum
642 2906 790 2978 siquidem
847 2925 902 2965 vos
919 2909 1118 2964 consummari
1137 2911 1260 2976 oportet.
1286 2906 1391 2959 Totum
1414 2904 1524 2958 benum
1547 2905 1681 2956 vestrum

64 3007 123 3046 nus
132 3009 185 3062 pro
194 2992 264 3062 illis,
273 2997 304 3047 ut
314 2995 502 3063 postmodum
509 2996 595 3049 etiam
606 2996 789 3067 gaudeamus
847 2997 985 3053 Christus
1001 3000 1056 3067 est,
1074 2998 1138 3068 ipse
1154 2997 1248 3050 virtus
1263 2998 1373 3062 vestra,
1384 2992 1600 3064 ipsesapientia
1612 3006 1679 3045 ves-

64 3080 105 3136 is.
116 3081 247 3136 Primum
257 3099 310 3152 pro
320 3082 609 3155 illisgaudemusper
619 3085 789 3140 charitatem
848 3091 901 3156 tra,
917 3089 982 3158 ipse
998 3087 1164 3156 exemplum
1180 3085 1244 3155 ipse
1259 3084 1448 3155 adjutorium,
1462 3083 1527 3152 ipse
1544 3079 1677 3148 victorie,

64 3169 96 3240 ti,
118 3170 148 3223 in
173 3186 229 3241 qua
253 3172 383 3241 positum
412 3175 457 3227 θεῖ
479 3173 613 3227 meritum
637 3177 789 3246 nostrum,
808 3161 912 3246 Cipse
942 3192 1061 3232 corona.
1092 3176 1192 3245 Ipsum
1222 3173 1345 3244 diligite,
1374 3172 1471 3241 ipsum
1500 3167 1677 3235 desiderate,

79 3259 220 3314 cumillis
236 3261 432 3332 gaudebimus
448 3262 477 3315 in
493 3261 632 3317 charitate
650 3263 712 3331 Dei,
739 3265 790 3319 ubi
847 3266 944 3337 ipsum
954 3264 1162 3336 amplectimini
1174 3263 1271 3317 animo
1282 3260 1460 3328 dilectionis,
1473 3261 1679 3325 etrecompen·

64 3374 95 3413 ur
108 3358 262 3428 praemium
278 3362 421 3412 nostrum.
439 3359 565 3430 Dignum
580 3359 657 3412 enim
678 3361 733 3423 est,
759 3362 791 3414 ut
847 3358 909 3410 sate
924 3356 1019 3410 vicem
1035 3353 1247 3409 retributionis.
1264 3351 1527 3419 Quantumcunque
1544 3345 1676 3400 feceritis

64 3447 71 3501 i
96 3461 212 3512 sumus,
237 3452 267 3500 ut
291 3448 340 3517 qui
365 3463 443 3501 nunc
468 3448 632 3518 gaudemus
649 3463 702 3517 pro
718 3448 787 3517 illis,
846 3445 943 3498 minus
969 3445 1024 3499 erit
1044 3458 1131 3514 quam
1155 3442 1233 3514 quod
1262 3441 1327 3512 ipse
1342 3438 1493 3510 provehis
1524 3433 1675 3490 sustinuit.

64 3535 144 3591 >dum
159 3536 248 3590 etium
264 3537 446 3608 gaudeamus
463 3553 528 3590 cum
538 3536 607 3604 illis,
621 3540 652 3591 ut
663 3537 790 3607 primum
845 3534 984 3588 Nondum
998 3535 1075 3587 enim
1091 3532 1242 3587 restitistis
1258 3546 1353 3602 usque
1369 3530 1405 3583 ad
1421 3527 1607 3600 sanguinem.
1624 3523 1679 3578 Re-

64 3640 98 3679 ιιι
112 3624 277 3680 consolatio
293 3627 332 3680 sit
348 3625 376 3678 in
392 3625 448 3692 via,
469 3625 633 3680 secundum
649 3626 789 3697 gaudium
845 3623 1007 3679 cordamini
1030 3623 1182 3693 passionis
1207 3621 1285 3692 ejus,
1311 3617 1507 3673 recordamini
1528 3613 1676 3685 patientiae

64 3715 218 3769 exsultatio
234 3715 272 3768 sit
288 3714 435 3784 lupatria.
459 3714 522 3768 lloe
543 3715 633 3786 igitur
648 3716 788 3787 gaudium
844 3702 1674 3782 ejus,reeordaminimansuetudinisethumilitatisejus:

64 3846 67 3856 .
82 3807 217 3858 nostrum
232 3804 317 3857 estin
328 3819 386 3873 quo
399 3806 464 3873 post
475 3802 606 3857 lahorem
618 3807 646 3858 et
657 3803 788 3858 dolorem
846 3800 916 3854 Cum
930 3801 1171 3865 malediceretur,
1190 3814 1246 3853 non
1258 3796 1453 3851 maledicebat
1460 3815 1469 3859 ;
1486 3811 1549 3847 euru
1557 3797 1676 3863 patere·

64 3908 126 3947 rum
147 3908 269 3962 operum
292 3891 475 3961 respiramus
487 3908 565 3946 nunc
583 3909 621 3946 ex
631 3895 791 3963 partapost
845 3895 902 3958 tur,
921 3906 977 3945 non
992 3889 1209 3944 criminabatur
1222 3887 1252 3956 (I
1262 3887 1348 3941 Petr.
1361 3902 1380 3938 ιι
1383 3888 1480 3953 >scum
1491 3881 1674 3942 laudabatur,

64 3980 109 4035 illa
129 3982 264 4051 quaedum
279 3982 431 4051 temporis,
447 3982 541 4036 donec
556 3981 625 4035 illud
642 3982 788 4052 percipie·
844 3995 902 4034 non
914 3978 1095 4051 gloriabatur
1107 3993 1113 4033 :
1127 3975 1454 4042 cumcontemnebatur,
1464 3988 1523 4028 uon
1537 3970 1672 4041 indigna·

64 4071 278 4141 1plenitudine
299 4072 482 4126 aeternitatis.
510 4072 565 4125 llic
594 4071 787 4142 quorumdam
842 4062 1677 4139 batur.Haecergooonsiderute,fratreS,etsiuonpotes·

63 4175 126 4213 rum
137 4160 307 4213 memoriam
319 4161 409 4214 certis
420 4160 604 4230 temporibus
615 4159 785 4228 recolimus,
842 4158 880 4212 tis
888 4173 1016 4229 aequare,
1024 4155 1262 4211 studeteimitari.
1271 4153 1534 4208 Firmateanimum
1543 4153 1675 4205 vestrum

67 4247 164 4304 ionem
187 4249 317 4303 omnium
342 4253 512 4304 sanctorum
538 4249 603 4304 sine
632 4249 786 4305 intervallo
842 4248 876 4301 ad
892 4247 1072 4317 patientiam.
1087 4246 1227 4318 Magnum
1252 4247 1298 4299 est
1321 4245 1380 4314 pati
1403 4260 1470 4299 eum
1494 4243 1623 4309 Christo,
1647 4242 1676 4294 et

64 4335 95 4391 is
120 4352 238 4407 semper
260 4339 446 4393 habebimus
474 4339 529 4393 Hic
552 4339 637 4410 quasi
653 4339 785 4408 parvulis
842 4336 1005 4407 gloriosum
1021 4336 1079 4406 peti
1093 4351 1147 4406 pro
1162 4334 1292 4389 Christe.
1309 4335 1414 4388 Audite
1434 4333 1505 4404 quid
1527 4331 1676 4402 promittat

64 4424 118 4479 ldis
133 4441 186 4496 per
201 4430 299 4496 partes
311 4428 470 4482 instilletur
481 4429 655 4497 consolatio,
668 4428 784 4499 quande
798 4421 828 4485 D
841 4425 1020 4495 patientibus
1034 4441 1088 4496 pro
1099 4441 1132 4481 se
1150 4441 1156 4479 :
1180 4424 1237 4479 Vos
1252 4424 1338 4486 estis·
1354 4423 1457 4494 inquit,
1475 4421 1524 4493 qui
1536 4435 1675 4491 perman-

64 4513 784 4587 ngulorumsanctorumpertempommintervalla
841 4514 1048 4569 sistismecum
1059 4514 1315 4570 intentationibus
1329 4512 1413 4566 meis.
1430 4510 1471 4564 Et
1488 4525 1541 4581 eqo
1552 4509 1674 4578 dispono

64 4601 180 4671 ulmus,
197 4604 237 4657 ibi
253 4605 393 4674 perlectis
408 4609 467 4660 tota
483 4606 571 4661 simul
579 4607 680 4661 inlluet
688 4607 785 4676 plcni-
843 4604 934 4670 vebia,
948 4605 1025 4659 sieut
1036 4603 1181 4675 disposuit
1195 4604 1270 4657 mihi
1284 4601 1379 4655 Pater
1393 4614 1476 4653 meus
1491 4613 1623 4667 regnum,
1643 4600 1673 4648 ut

64 4692 164 4762 pando
181 4694 379 4761 praesentibus
396 4694 511 4749 eunctis
526 4694 581 4749 erit
596 4696 675 4750 Deus
687 4696 784 4750 omnia
840 4693 938 4747 edatis
954 4699 983 4747 et
997 4693 1112 4747 bibatis
1122 4705 1350 4762 supermensam
1361 4703 1454 4742 meam
1466 4688 1673 4756 inreqnomeo

64 4778 145 4835 ibus.
162 4781 355 4836 Providenter
370 4783 477 4852 itaque,
499 4782 616 4852 iratres,
642 4787 683 4853 ut,
707 4786 785 4840 siout
839 4781 921 4849 (Luc.
934 4780 1018 4852 xxn).
1035 4781 1097 4836 Has
1111 4781 1211 4852 igitur,
1229 4778 1347 4847 iratres,
1371 4774 1589 4847 promissiones
1603 4777 1670 4828 ante

64 4869 234 4924 ‘osreiloere
247 4871 384 4941 dignatus
396 4873 589 4942 perexempla
602 4877 782 4942 sanctorum,
839 4871 941 4926 oeulos
955 4870 1072 4938 habete,
1088 4867 1205 4941 quoties
1221 4883 1312 4940 grave
1327 4865 1437 4938 aliquid
1452 4864 1498 4920 vel
1514 4863 1671 4919 molestum

64 4973 103 5015 ¹os
119 4959 216 5029 ipsum
231 4960 372 5014 reficiatis
389 4976 442 5030 per
457 4961 647 5018 imitationem
663 4967 783 5018 saneto-
838 4953 1669 5031 patimini,quotiesaliquavostentatiosollicitat,quoties

64 5047 124 5103 uod
142 5047 207 5118 ipse
223 5051 364 5116 prmstme
383 5049 530 5120 dignetur,
548 5053 603 5104 ete.
837 5049 932 5120 aliqua
950 5048 1084 5103 molestia
1100 5049 1218 5118 gravat3
1234 5048 1265 5100 ut
1280 5060 1339 5100 non
1354 5043 1498 5099 deficiatis
1522 5043 1619 5099 animo
1640 5043 1670 5097 in

64 5136 153 5191 leV.
171 5136 252 5200 Quod
267 5137 335 5192 linis
350 5137 428 5209 legis
444 5138 584 5194 Christus
599 5146 653 5206 est,
672 5147 700 5196 et
715 5141 752 5195 de
836 5138 1034 5206 tribulatione,
1051 5136 1120 5208 quia
1135 5135 1162 5189 si
1177 5150 1254 5191 nune
1270 5133 1449 5207 permanetis
1468 5149 1535 5187 cum
1551 5133 1670 5188 Christo

278 5227 354 5281 hono
370 5225 449 5281 sinis.
785 5245 787 5248 ⁴
835 5225 1039 5282 intentatione
1054 5224 1148 5296 eritis,
1165 5240 1231 5279 eum
1246 5222 1365 5279 Christo
1381 5226 1484 5294 postea
1508 5222 1538 5275 in
1560 5220 1670 5295 glorill·

64 5328 121 5377 rae,
135 5312 205 5369 aris
220 5313 298 5383 lepris
313 5315 492 5373 Christuset
503 5316 695 5388 adjustitiam
704 5319 783 5373 omni
836 5316 924 5371 tione.
940 5314 1034 5385 Quod,
1053 5317 1108 5369 ete.
1126 5316 1230 5368 Amen.

64 5401 88 5471 ti
102 5401 196 5473 (Rom.
214 5404 254 5465 x).
272 5403 325 5467 Qui
341 5407 438 5458 autem
453 5405 490 5458 ad
505 5405 593 5459 tlnem
610 5421 667 5459 non
678 5420 781 5475 perve-
876 5403 937 5458 Τιι.
954 5402 1043 5458 CXV.
1060 5404 1104 5458 De
1118 5401 1229 5475 duplici
1245 5402 1344 5474 quiete
1360 5406 1390 5456 et
1404 5399 1618 5474 inquietudine.

64 5490 136 5547 ,dnm
153 5495 375 5546 consummatus
391 5496 437 5546 est
454 5508 459 5546 :
477 5491 624 5563 Quidquid
642 5494 719 5547 enim
734 5497 781 5549 est
870 5491 923 5547 Est
938 5491 1023 5563 quies
1038 5492 1147 5563 quieta,
1164 5494 1193 5546 θῖ
1207 5493 1253 5546 θεῖ
1267 5491 1353 5562 quies
1370 5489 1514 5560 inquieta;
1530 5490 1558 5542 et
1573 5485 1671 5542 estin·

64 5580 162 5637 otinis
176 5595 236 5635 non
251 5584 306 5650 θεῖ,
328 5581 458 5635 nondum
479 5584 572 5636 totum
596 5585 651 5637 ast.
677 5580 779 5639 Curris
834 5581 973 5653 quietudo
988 5581 1097 5654 quieta,
1114 5583 1143 5636 et
1157 5583 1204 5635 est
1218 5579 1389 5652 inquietudo
1414 5577 1552 5647 inquieta.
1576 5575 1667 5640 Quies

63 5668 243 5740 luantumvis
259 5685 368 5745 pergas
384 5670 411 5725 si
428 5672 494 5726 ante
510 5669 598 5729 tlnem
623 5671 778 5743 subsistis,
833 5673 879 5727 est
894 5670 1007 5726 vacatio
1018 5670 1055 5726 ab
1064 5668 1277 5739 exterioribus,
1287 5664 1459 5738 inquietudo
1471 5662 1679 5733 occupaticia
1726 5749 1732 5753 ῃ
1771 5722 1775 5729 ,
