3796 6022
78 318 116 378 51
461 312 681 377 APPENDIX
693 310 750 373 An
767 264 959 374 undonis
974 309 1117 373 OPERA
1131 306 1398 374 noenartca'.
1763 313 1800 376 52

79 517 242 588 assumptis
257 516 372 573 viribus
392 517 509 572 evolare
527 515 633 586 possit.
655 512 797 582 Exemplo
819 491 953 582 igiturA
1004 511 1061 565 Per
1076 514 1136 565 tres
1152 528 1246 566 annos
1260 513 1352 567 semel
1362 512 1646 566 elassisSalomonis
1656 529 1710 583 per
1722 528 1799 569 lirare

79 622 134 662 suo
149 623 255 677 upupae
269 620 430 677 perversos
442 606 576 659 homines
592 606 728 675 arguunt,
746 602 796 672 qui
810 604 909 671 patres

80 712 163 766 suos,
180 712 248 752 eum
259 696 446 765 senuerint,a
458 694 595 749 domibus
607 692 735 762 propriis
746 690 907 760 expellunt,

80 787 131 858 qui
146 800 209 855 eos,
226 801 291 839 eum
307 786 453 851 deficiant,
471 786 638 838 sustentare
650 784 786 844 renuunt,
805 781 854 850 qui
867 783 910 832 ta-

80 891 147 929 mon
159 875 252 944 ipsos,
266 890 332 927 enm
342 873 438 927 adhue
449 872 563 941 parvuli
575 874 685 937 essent,
699 870 908 922 cistucaverunt.

84 964 188 1018 Videat
201 964 293 1034 igitur
321 962 408 1015 homo
428 960 580 1013 rationalis
596 963 727 1012 creatura
746 958 814 1027 quid
839 956 912 1024 putri

83 1052 130 1107 vel
145 1052 230 1105 matri
255 1051 369 1117 debeat,
387 1065 453 1103 oum
474 1049 651 1102 irrationalis
677 1053 809 1101 ereatura
834 1046 912 1116 quod

82 1141 286 1212 praediximus
303 1140 333 1193 in
349 1138 526 1192 necessitate
551 1153 617 1191 eum
629 1137 792 1204 senuerint,
810 1150 914 1205 puren-

84 1230 164 1285 tibus
180 1229 291 1282 reddat.

249 1318 318 1370 Car.
331 1316 406 1370 Llll.
424 1317 467 1371 De
483 1316 563 1371 olore
582 1315 631 1369 vr!
643 1333 747 1387 cygno.

120 1406 189 1461 Olor
208 1406 272 1459 avis
286 1410 340 1473 est,
364 1422 450 1476 quam
464 1405 560 1460 Grauei
575 1405 658 1458 κύκνον
675 1420 804 1475 cygnum
824 1401 921 1471 appel-

85 1497 155 1551 lant.
174 1494 244 1549 Olor
264 1499 360 1550 autem
376 1496 472 1549 dictus
493 1498 539 1548 est
554 1495 621 1564 quia
636 1495 693 1552 όλος
708 1492 795 1565 [oles]
812 1492 919 1545 dicitur

85 1588 176 1653 totuS,
195 1585 272 1654 quod
289 1584 327 1638 sit
343 1587 421 1638 totus
437 1585 522 1638 albus
539 1585 567 1637 in
583 1584 701 1653 plumis,
719 1582 825 1635 Nullus
841 1581 919 1633 enim

87 1672 218 1728 meminit
234 1688 362 1744 evgnum
377 1673 490 1727 vidisse
505 1673 633 1744 nigrum.
650 1672 772 1743 Cygnus
792 1674 918 1723 autema

969 600 1093 654 mittitur
1113 601 1143 652 in
1158 601 1292 655 Tharsis.
1320 603 1433 656 Classis
1455 602 1621 656 Salomonis
1638 607 1685 656 est
1706 603 1798 657 virtus

969 689 1179 743 consessionis.
1198 691 1258 744 tlue.
1274 692 1372 745 classe
1383 707 1436 761 per
1444 691 1536 762 liujus
1547 693 1645 745 mundi
1662 708 1799 746 nmreve·

967 779 1073 845 liimur,
1091 795 1127 832 ne
1144 779 1380 850 sulnnerganmr.
1405 780 1436 833 ln
1452 780 1574 834 Tharsis
1596 798 1668 851 ergo
1693 781 1798 835 elassis

967 868 1098 931 mittitur,
1115 885 1181 938 quar.
1198 869 1264 923 iude
1276 886 1388 935 aurum,
1407 874 1435 923 ot
1450 873 1613 940 argentum,
1626 870 1731 922 dentes
1743 870 1799 924 ele·

967 956 1152 1026 phanterunr,
1177 958 1289 1027 sinuas,
1314 964 1342 1013 et
1363 976 1455 1028 pravos
1479 959 1595 1012 ‹lelcrre
1618 959 1798 1027 perhibetur.

969 1047 1080 1099 durum
1097 1050 1124 1100 ut
1139 1051 1293 1117 argeutum
1308 1048 1338 1101 in
1353 1048 1476 1101 'tharsis
1493 1064 1562 1101 esse
1577 1047 1695 1115 dicitur,
1713 1048 1741 1101 id
1757 1053 1801 1102 cst

969 1135 1024 1188 viri
1041 1136 1184 1204 sapientia
1203 1137 1284 1204 clari,
1309 1137 1474 1207 eloquentia
1497 1136 1622 1205 praediti,
1646 1137 1696 1206 qui
1722 1136 1800 1204 «tutu,

971 1223 1129 1292 praesentis
1145 1225 1248 1279 sacculi
1264 1226 1405 1295 gaudium
1416 1226 1569 1294 explorant
1587 1229 1614 1279 et
1630 1225 1799 1294 exquirunt,

971 1312 1090 1381 seipsos
1108 1319 1302 1383 cognoscunt.
1315 1314 1426 1369 Etdum
1436 1313 1801 1384 perclassemSulomonis

972 1401 1140 1455 ‹leTlrarsis
1157 1403 1192 1455 ad
1209 1403 1373 1458 Jerusalem
1390 1405 1519 1471 veniunt,
1537 1407 1565 1457 et
1579 1420 1683 1456 aurum
1699 1409 1802 1472 purum

972 1490 1130 1558 advebunt,
1144 1491 1173 1544 in
1181 1492 1464 1561 paeellcrlesiraper
1475 1491 1803 1560 eerrtessionempurio-

973 1594 1022 1630 res
1037 1580 1119 1632 liunt.
1138 1580 1178 1633 lle
1195 1581 1250 1633 boo
1266 1596 1317 1634 oro
1333 1581 1493 1651 purissimo
1513 1580 1582 1635 tecit
1598 1597 1650 1634 rex
1665 1580 1804 1634 Salomon

974 1672 1057 1721 scuta
1074 1685 1172 1721 aurea.
1189 1670 1276 1723 Scuta
1292 1687 1380 1723 aurea
1403 1674 1472 1724 saint
1488 1671 1536 1741 qui
1560 1686 1632 1739 pure
1648 1670 1762 1736 vivunt,
1778 1671 1804 1723 et

88 1762 221 1817 canendo
236 1765 282 1816 est
296 1762 470 1831 appellatus,
488 1763 613 1832 eoquod
628 1761 768 1815 carminis
784 1758 918 1813 dulcedi·
975 1758 1510 1814 aliosabincursudiabolidesemlunt.
1521 1757 1805 1829 llxpraedictoctiam

88 1866 156 1905 nem
170 1850 328 1904 modulatis
343 1850 468 1904 vocilius
481 1851 584 1904 tundit.
598 1851 667 1905 ldeo
682 1854 777 1904 autem
787 1848 919 1902 suaviter
977 1851 1099 1918 argento
1116 1847 1188 1901 liunt
1200 1849 1278 1905 tubae
1288 1857 1447 1922 argenium,
1459 1852 1485 1904 id
1502 1851 1694 1904 cstdoetorcs
1705 1845 1807 1907 Eccle-

89 1954 156 1994 eum
177 1954 282 1993 canere
298 1939 462 2009 perhibent,
489 1940 557 2009 quia
573 1939 693 2010 lengum
710 1939 817 1994 collum
833 1941 860 1991 ct
876 1938 919 1991 in-
977 1942 1041 1995 sim.
1060 1941 1161 1994 Attulit
1176 1941 1380 1994 etiamsemias
1397 1944 1423 1993 et
1437 1956 1539 2010 pavos,
1556 1940 1639 1992 idest
1655 1938 1808 1992 desirores

89 2030 198 2085 tlexum
213 2028 310 2096 habet,
323 2032 351 2082 et
366 2044 491 2083 neeesse
503 2033 549 2083 est
559 2030 734 2083 eluctantem
750 2045 852 2082 vocem
868 2045 921 2097 per

88 2117 211 2189 longum
225 2120 253 2171 et
269 2118 437 2172 flexuosum
461 2120 516 2173 iter
533 2120 630 2173 varias
647 2109 770 2173 rcdd'ere
786 2118 921 2172 modula-

89 2207 196 2260 tiones.
213 2206 323 2261 Ferunt
337 2207 367 2259 in
381 2208 582 2277 Hyperboreis
599 2209 731 2278 partibus
739 2209 923 2277 praecinenti-

89 2295 148 2349 bus
169 2295 340 2350 citharoedis
360 2297 458 2352 olores
474 2299 617 2367 plurimos
633 2297 781 2365 advolare,
798 2300 922 2367 apioque

91 2383 248 2439 admodum
276 2386 442 2441 concinere.
473 2386 594 2457 Cygnus
624 2387 752 2455 plumam
773 2386 861 2440 babet
884 2387 927 2439 ni·

92 2487 187 2541 ream,
204 2473 258 2529 sed
273 2489 392 2528 earnem
402 2475 528 2546 nigram.
542 2476 693 2529 bloraliter
705 2477 884 2530 olorniveus
896 2478 925 2532 in

91 2561 201 2632 plumis
217 2562 354 2634 designat
365 2563 500 2617 attactum
512 2565 720 2634 simulationis
733 2582 790 2636 qua
802 2582 870 2620 earo
883 2566 926 2620 ni·

92 2664 149 2719 gra
164 2651 282 2722 tegitur,
301 2653 368 2722 quia
391 2658 545 2722 peceatum
560 2654 659 2708 carnis
675 2655 861 2709 simulatione
872 2672 926 2711 ve-

93 2735 179 2793 latur.
192 2738 324 2811 Cygnus,
336 2741 405 2795 dum
422 2744 450 2796 in
466 2743 584 2796 tlumine
605 2747 693 2810 natat,
716 2745 863 2798 cervicem
879 2762 926 2798 ea-

93 2827 163 2898 pitis
178 2832 306 2883 ereetam
320 2833 426 2901 gestat,
443 2835 512 2903 quia
524 2836 672 2903 superbus
688 2836 738 2907 qui
755 2851 821 2889 eum
835 2834 926 2889 rebus

93 2916 274 2973 transitoriis
298 2920 334 2973 ad
348 2921 497 2977 interitum
512 2924 647 2994 trahitur,
670 2927 756 2979 etiam
771 2926 807 2980 de
823 2925 926 2978 laben-

977 2036 1003 2084 et
1020 2032 1171 2099 delicatus,
1189 2031 1283 2101 utqui
1300 2032 1329 2084 in
1344 2031 1468 2085 l'barsis
1483 2030 1633 2084 derisores
1650 2031 1677 2081 et
1692 2016 1811 2081 delicati

977 2119 1101 2187 fuerant,
1129 2121 1158 2173 in
1181 2136 1253 2190 paee
1277 2120 1482 2174 conversionis
1510 2118 1636 2172 bumilcs
1669 2117 1810 2170 existant.

978 2206 1812 2275 Attulitetiamelassisb‘alomonisdenteselephautorum

978 2299 1006 2350 id
1023 2304 1068 2351 ast
1084 2299 1280 2352 detractiones
1298 2298 1504 2366 superborum.
1521 2297 1596 2350 Dum
1615 2295 1692 2349 enim
1709 2293 1813 2347 verbis

979 2388 1164 2441 detractoriis
1180 2388 1267 2441 bonis
1284 2388 1424 2457 operibus
1441 2386 1619 2454 simplicium
1642 2382 1812 2437 detrahunt.

978 2480 1061 2546 quasi
1070 2479 1207 2532 dentibus
1215 2494 1315 2531 eorum
1326 2493 1394 2530 ossa
1405 2476 1521 2529 rodunt.
1535 2475 1609 2528 Nota
1618 2473 1695 2542 [ruod
1707 2473 1814 2525 dentes

978 2567 1142 2638 elephantis
1159 2567 1279 2621 materia
1296 2568 1367 2620 liunt
1375 2565 1485 2634 ebor-ia,
1497 2569 1525 2617 ct
1534 2564 1569 2617 do
1580 2562 1699 2616 materia
1710 2560 1814 2615 eboris

979 2658 1008 2711 ut
1025 2658 1149 2712 thronus
1170 2657 1346 2711 Salomonis
1368 2656 1421 2720 Qui
1437 2656 1514 2709 cuim
1531 2671 1568 2708 ex
1584 2653 1683 2722 rapina
1710 2651 1814 2704 vivere

979 2741 1814 2816 consueverant,subjectiveroSalomoniseipsospostea

979 2837 1010 2889 ut
1026 2836 1085 2889 sint
1100 2836 1224 2890 thronus
1239 2836 1316 2906 ejuS,
1335 2852 1388 2904 per
1404 2835 1542 2888 virtutem
1555 2831 1678 2902 justitiae
1694 2832 1722 2883 et
1739 2828 1812 2881 elra-

980 2924 1075 2977 ritatis
1091 2928 1202 2994 parant.
1219 2925 1344 2979 Pertrcs
1354 2940 1448 2977 annos
1459 2922 1549 2977 serarel
1561 2921 1668 2974 elassis
1678 2918 1813 2972 Salomo-

93 3005 473 3078 tiumrerumpossessione
483 3012 519 3064 ad
530 3001 804 3084 tempusgloriatur.
817 3016 927 3069 Ferunt
983 3013 1029 3065 nis
1045 3013 1087 3067 ire
1103 3017 1298 3068 consueverat
1307 3014 1336 3067 in
1345 3013 1479 3066 Tlmrsis.
1490 3011 1710 3064 l'rimusannus
1719 3022 1816 3060 mora·

94 3094 126 3151 in
141 3094 336 3168 hyperboreis
352 3100 485 3168 partibus
500 3104 732 3170 praueinentibus
754 3106 925 3160 citbamadis
945 3090 1098 3159 Cliterest
1108 3104 1257 3171 eogitati0,
1268 3102 1419 3156 secundus
1429 3099 1660 3167 locutio,tertius
1672 3095 1815 3166 operatio.

95 3184 195 3240 olores
211 3185 355 3255 plurimos
375 3189 524 3260 advolare,
541 3196 665 3263 apteque
680 3195 837 3249 admodum
853 3212 926 3249 eon·
984 3193 1055 3246 Cum
1071 3194 1162 3264 igitur
1184 3193 1219 3246 de
1244 3192 1292 3246 bis
1315 3191 1411 3244 tribus
1427 3189 1516 3244 simul
1532 3187 1683 3242 consessio
1705 3185 1815 3255 agitur,

96 3272 206 3340 cinere,
218 3277 287 3346 quia
297 3277 346 3346 qui
359 3278 558 3348 voluptatibus
569 3283 636 3335 totis
648 3284 805 3338 desideriis
817 3285 929 3338 inhiant
984 3281 1068 3352 quasi
1092 3298 1107 3334 a
1124 3281 1221 3335 servis
1236 3279 1402 3335 &alomonis
1424 3295 1477 3348 per
1491 3281 1551 3331 tres
1567 3292 1661 3330 anrios
1677 3272 1772 3328 semel
1788 3273 1816 3327 in

97 3360 184 3431 quasi
200 3363 371 3419 advolantes
382 3367 569 3437 voluptuosis
585 3372 774 3426 concordant.
791 3372 847 3427 Sed
862 3376 890 3426 ct
900 3372 930 3425 in

98 3450 240 3505 extremis
256 3468 323 3507 oum
335 3469 450 3526 cygnus
462 3459 586 3513 moritur
596 3460 679 3515 valde
688 3462 814 3516 dulciter
825 3475 931 3515 eanere

97 3537 281 3608 perhibetur.
308 3541 449 3599 Similiter
473 3562 539 3601 cunr
564 3548 599 3602 do
624 3550 678 3604 hae
699 3552 758 3605 vita
783 3550 933 3620 superbus

104 3628 250 3698 egreditu,
268 3630 363 3685 adhue
380 3633 535 3690 dulcedine
550 3639 707 3706 praesentis
722 3641 824 3694 saeeuli
841 3642 936 3695 deleo·

48 3782 51 3789 .
100 3717 188 3786 tatur,
204 3720 233 3773 et
247 3734 314 3789 qum
335 3722 410 3776 male
430 3727 536 3794 gessit,
563 3728 599 3780 ad
616 3731 786 3784 rneruoriam
802 3731 933 3784 moriens

98 3805 222 3861 reducit.
239 3805 312 3862 Cum
327 3825 398 3864 vero
413 3813 498 3867 nivea
514 3815 611 3884 pluma
627 3833 742 3889 cygnus
758 3820 885 3885 exuitur,
902 3819 931 3872 in

99 3909 174 3949 veru
183 3896 300 3965 positus
311 3899 347 3952 ad
359 3899 458 3970 ignem
469 3906 605 3958 torretur.
619 3906 759 3961 Similiter
770 3924 836 3961 eum
848 3909 932 3963 dives

101 3983 250 4052 superbus
266 3989 397 4043 moriens
408 3993 527 4047 exuitur
535 3996 681 4050 mundana
691 3999 795 4069 gloria,
809 3999 932 4051 ‹lescen-

101 4070 176 4125 dens
191 4072 228 4127 ad
242 4074 374 4130 dammas
390 4078 498 4134 interni
515 4085 695 4139 cruciabitur
710 4102 763 4154 per
777 4088 931 4155 tormenta,

101 4162 130 4215 et
140 4160 191 4230 qui
202 4162 300 4217 eibum
311 4178 631 4227 sumereconsueverat
642 4176 740 4243 nimis,
751 4175 780 4229 in
792 4175 934 4245 abyssum

101 4246 288 4307 descendens
303 4253 334 4307 nt
349 4256 433 4311 cibus
449 4259 538 4330 ignis.

155 4338 225 4393 Car.
242 4341 316 4397 LIV.
337 4344 381 4400 De
395 4347 492 4403 classe
502 4349 669 4407 Salomonis
684 4359 713 4406 ct
727 4353 878 4423 dosaptrut.

140 4427 255 4485 Classis
265 4431 432 4491 Salomonis
438 4454 496 4509 per
505 4456 587 4495 artare
598 4441 693 4496 struet
698 4459 755 4512 per
767 4447 934 4497 trasancos

102 4515 166 4572 ibat
180 4519 212 4572 in
232 4519 356 4577 Tbarsis
366 4524 510 4581 deterens
519 4529 589 4583 inde
600 4546 711 4595 ararum,
726 4537 755 4584 ct
766 4537 931 4601 mperatum,

103 4606 446 4680 dentaseleplrantorum,
457 4623 485 4670 ct
492 4618 727 4689 simiasctpavos
737 4635 791 4674 seu
802 4636 933 4689 pavones

103 4693 132 4767 (ζ
143 4695 217 4767 Reg.
233 4697 275 4769 x).
288 4699 412 4756 Tharsis
428 4704 635 4775 interpretatur
646 4707 812 4778 exploratio
821 4709 933 4779 qairdii.

106 4780 160 4837 nst
173 4788 271 4840 autem
283 4790 424 4859 gaudium
434 4795 592 4862 praesentis
607 4798 720 4864 saeculi,
733 4800 779 4851 est
789 4801 818 4852 et
832 4797 933 4865 futuri,

103 4870 249 4929 Gaudium
264 4881 422 4946 praesentis
440 4883 509 4938 vitae
526 4884 592 4939 tiae
616 4886 770 4955 clauditur,
795 4887 935 4956 gaudium

63 5015 66 5019 ,
103 4975 175 5016 vero
190 4962 297 5020 lutura
313 4983 498 5040 nequaquam
513 4972 571 5027 fine
587 4975 767 5028 terminatur.
791 4975 935 5030 Gaudium

103 5054 263 5119 Proesentis
278 5056 346 5111 vitm
358 5057 443 5113 dolor
457 5062 485 5113 et
500 5061 617 5116 tristitia
632 5065 777 5133 sequitur,
796 5065 936 5135 gaudium

106 5154 179 5195 vero
200 5142 307 5198 tuturae
323 5161 379 5200 nae
404 5146 489 5202 dolor
513 5165 568 5204 neo
593 5153 711 5206 tristitia
731 5153 934 5223 subsequitur.

106 5226 253 5286 Gaudium
262 5236 587 5303 prasentissaeeutiest
597 5240 933 5307 bonoribussublimari,

104 5319 196 5375 robus
211 5323 390 5379 transitoriis
407 5325 443 5378 ad
457 5329 573 5398 tempus
589 5328 711 5398 pertrui,
724 5331 873 5384 abundare
890 5346 938 5400 pa·

103 5412 221 5467 rentum
241 5411 335 5482 eopia,
351 5417 497 5469 eteorum
519 5417 658 5472 delectari
679 5421 847 5488 praesentia.
863 5420 936 5473 Cum

104 5499 202 5552 autom
216 5500 324 5572 aliquis
339 5501 471 5572 privatur
487 5505 664 5576 honeribus,
682 5509 826 5578 spoliatur
844 5509 935 5562 rebus

105 5586 288 5659 cumuliquis
299 5590 460 5647 amicorum
471 5596 603 5665 moritur,
615 5599 686 5650 tune
697 5596 782 5650 dolor
790 5597 933 5666 sequitur.

105 5671 170 5729 Hoe
184 5676 326 5748 gaudium
339 5679 431 5752 igitur
445 5698 563 5756 semper
576 5685 730 5740 doloribus
742 5684 932 5741 immiscetur.

983 3371 1119 3424 Tlrarson
1139 3371 1206 3424 itur.

1006 3460 1103 3514 Sedet
1110 3460 1250 3530 dusaplrat
1258 3475 1314 3512 rex
1321 3458 1404 3523 duda,
1415 3457 1492 3511 sicut
1498 3455 1621 3509 historia
1628 3451 1697 3507 dicit
1704 3452 1816 3505 classes

984 3545 1816 3620 muratula-inquanaviancntiuOpbirpruptcraurum

986 3644 1014 3691 et
1027 3639 1073 3692 ira
1083 3643 1310 3707 rmnpotuerunt,
1326 3631 1816 3706 qmacontractasuntinAsinaeu-

986 3726 1112 3793 bertlII
1124 3727 1197 3795 Itqq.
1214 3728 1297 3788 xxa).
1315 3723 1617 3794 losaphatJmIieaus,
1629 3719 1816 3788 asiongaber

986 3815 1086 3883 linqua
1106 3815 1172 3876 viri,
1190 3814 1219 3868 id
1234 3813 1437 3867 estaontcssio
1450 3812 1665 3879 interpretatur.
1677 3806 1816 3876 losupbat

986 3919 1040 3957 rex
1055 3904 1131 3958 luda
1146 3919 1216 3956 esse
1232 3903 1406 3974 intelligitur
1419 3901 1465 3955 vel
1481 3915 1550 3954 esse
1565 3897 1683 3963 dieitur,
1700 3893 1816 3966 quanda

985 3991 1129 4062 judicium
1139 3992 1320 4046 confessioni
1332 3991 1505 4045 dominatur.
1515 3988 1586 4042 Cum
1596 3986 1673 4040 enim
1682 3986 1816 4054 peccator

988 4081 1017 4134 in
1032 4081 1222 4135 oortsessioue
1238 4081 1370 4150 seipsum
1384 4080 1507 4149 paueat,
1523 4080 1592 4131 tunc
1606 4091 1659 4129 rex
1674 4072 1816 4142 iosaphat

988 4169 1017 4222 in
1027 4170 1129 4223 ludoea
1138 4173 1251 4241 regnat.
1261 4170 1352 4239 Ophir
1361 4185 1431 4223 vere
1443 4166 1601 4221 herbosum
1612 4164 1816 4231 interpretatur

988 4258 1117 4312 herbosa
1132 4262 1209 4312 terra
1223 4259 1331 4313 dieitur
1345 4274 1411 4327 qum
1425 4256 1461 4310 ab
1477 4256 1642 4325 aliquonon
1652 4250 1816 4305 elaboratur

989 4346 1019 4398 iu
1043 4363 1100 4417 qua
1116 4348 1247 4400 nascitur
1270 4345 1447 4399 abundantia
1472 4343 1626 4415 graminis,
1651 4343 1682 4393 ut
1705 4339 1816 4391 moveat

990 4433 1126 4489 allectum
1141 4435 1353 4490 delectationis.
1365 4434 1396 4487 In
1413 4432 1577 4501 boetlpbir,
1589 4430 1617 4483 id
1632 4432 1678 4482 est
1691 4427 1816 4480 herboso

991 4525 1158 4595 voluptuosi
1171 4525 1284 4591 sedent,
1301 4522 1442 4577 desidiosi
1456 4521 1566 4591 jacent.
1577 4512 1816 4573 Sedentassidui·

991 4605 1816 4683 tata„iaeentdissolutione.llocberbosumesthiemun

990 4703 1046 4755 dus
1062 4703 1174 4757 sterilis
1197 4706 1224 4754 et
1239 4700 1426 4754 infecundus
1446 4700 1477 4752 ln
1492 4697 1583 4767 Ophir
1598 4696 1689 4768 igitur
1711 4692 1816 4747 elassis

988 4790 1131 4860 iosaphat
1147 4789 1188 4843 ire
1210 4792 1329 4858 propter
1343 4803 1446 4841 nurum
1462 4787 1571 4850 nititur,
1587 4790 1619 4839 ut.
1636 4785 1704 4837 dum
1719 4781 1816 4835 mundi

989 4896 1078 4933 casus
1100 4878 1267 4941 attenditur,
1291 4876 1398 4930 mentis
1420 4876 1532 4944 puritas
1556 4873 1734 4942 acquiratur.
1761 4869 1816 4924 Sed

989 4959 1816 5037 euruhoeagitur,inAsiongaberelassislosapbatsrae-

988 5056 1119 5110 latuisse
1134 5055 1315 5125 perhibetur.
1325 5054 1430 5118 Gabar,
1444 5053 1520 5106 sieut
1530 5052 1598 5105 dicit
1609 5050 1816 5117 Hieronymus,

982 5146 1107 5216 juvenis
1123 5145 1186 5197 sive
1202 5143 1516 5210 lintisinterpretatur.
1529 5141 1594 5193 Non
1611 5143 1656 5192 est
1671 5137 1761 5207 igitur
1771 5137 1816 5190 mi·

989 5251 1052 5287 rum
1068 5234 1093 5287 si
1107 5236 1234 5286 classem
1244 5231 1444 5286 confessionis
1455 5225 1816 5299 trangutimpetusjnven·

989 5323 1068 5376 tutis

1165 5447 1234 5500 Cau
1252 5446 1312 5500 ΙΝ.
1329 5446 1373 5499 De
1384 5443 1511 5516 pavonis
1527 5448 1641 5495 natura.

1024 5572 1167 5637 Quoniam
1183 5574 1218 5626 de
1233 5571 1410 5641 quibusdam
1426 5568 1593 5639 praumissis
1612 5566 1675 5638 jam
1691 5565 1816 5620 diximus

988 5663 1079 5714 restat
1094 5665 1124 5714 ut
1139 5661 1174 5714 de
1191 5676 1314 5729 pavone,
1332 5659 1367 5711 do
1383 5675 1440 5728 quo
1456 5672 1545 5729 agere
1562 5654 1753 5722 intendimus,
1770 5654 1816 5708 ali·
