3796 6022
147 328 208 393 475
273 397 276 401 .

146 531 192 586 nia
209 531 245 585 ad
260 547 368 602 eorpus
384 531 511 587 hominis
527 533 704 603 reseruntur,
724 536 830 606 quauta
850 532 976 604 putanda

147 624 193 676 θεῖ
208 621 381 676 excellentia
396 623 501 679 animae
517 624 678 693 rationalis
699 643 764 697 qma
779 625 978 681 inaestimabili

148 708 289 782 dignitate
304 711 370 782 ipso
385 728 508 782 corpore
529 716 665 784 superior
674 715 840 770 invenitur?
851 715 981 780 Quatuor

150 800 247 870 itaque
263 815 371 871 genera
381 800 451 855 honi
462 802 693 876 distinguuntur,
705 804 862 859 verobona
874 809 902 858 et
912 820 982 859 vera

149 888 234 957 mala,
252 903 311 943 oon
326 905 394 944 vera
411 891 487 945 hona
503 896 530 947 et
543 909 601 948 nou
617 909 687 947 vera
703 894 787 947 mala.
805 894 881 948 Vera
908 893 982 947 mola

149 976 236 1031 homo
253 976 337 1045 tactu
353 995 412 1033 non
426 997 496 1035 vcia
512 982 586 1036 mala
596 982 682 1037 liorno
693 983 809 1053 patitur.
822 983 898 1037 Vera
908 983 982 1036 mala

148 1069 219 1120 eunt
233 1066 262 1119 in
278 1067 373 1138 culpa,
390 1085 448 1123 non
460 1086 529 1124 vern
545 1071 620 1124 mala
635 1074 703 1125 sunt
719 1072 748 1124 in
764 1088 860 1142 poena.
880 1071 982 1141 Scrip-

147 1157 208 1210 tum
224 1159 270 1210 est
286 1172 292 1211 :
311 1156 347 1210 Si
362 1165 408 1211 est
423 1158 529 1213 lirnium
544 1161 576 1213 in
596 1161 720 1215 civitate
745 1161 820 1233 pared
842 1160 983 1215 Dominus

147 1261 204 1300 uon
219 1245 328 1301 feccrit
344 1247 448 1315 (.<tmos
463 1248 514 1318 m).
530 1248 612 1314 Quod
629 1250 665 1303 ad
676 1250 791 1321 culpam
803 1249 913 1304 homini
925 1253 981 1318 est,

148 1333 235 1389 homo
252 1334 335 1406 sacit3
352 1338 430 1409 quod
445 1338 482 1392 ad
497 1355 613 1409 poenam
628 1344 674 1393 θεῖ
694 1340 816 1405 homini,
841 1339 920 1394 Deus
937 1338 982 1393 sa-

126 1450 129 1455 ·
147 1425 196 1478 eit.
214 1425 624 1498 E1¹gohomoculpamtacit,
642 1429 722 1483 Deus
743 1445 869 1500 paenam.
890 1427 982 1498 Culpa

146 1529 250 1569 verum
264 1516 373 1569 malum
387 1520 443 1582 est,
459 1533 545 1586 poeua
560 1534 618 1572 non
634 1534 737 1572 verum
762 1518 881 1572 nuatum.
910 1518 981 1572 Vide

148 1601 285 1673 dispares
296 1603 435 1660 factores.
453 1606 532 1661 Deus
548 1606 618 1662 tacit
631 1623 734 1662 voraun
749 1607 869 1676 honum,
893 1608 981 1663 homo

146 1707 206 1746 non
220 1707 323 1747 verum
347 1694 466 1749 honum.
492 1696 608 1750 Rursus
633 1697 720 1751 homo
745 1712 848 1751 verum
873 1698 981 1750 malum

147 1780 226 1848 iacit,
243 1780 322 1837 Deus
338 1798 397 1836 non
412 1799 515 1837 verum
524 1785 642 1839 malum.
655 1785 737 1839 Sicut
752 1786 863 1840 nullum
873 1785 981 1839 molum

526 330 744 394 APPENDIX
765 329 823 393 AD
848 329 1040 395 uuuoms
1061 326 1207 392 OPERA
1228 326 1496 393 coenatica,

1810 324 1870 393 4⁷6

1037 535 1113 590 enim
1125 549 1211 604 poena
1226 532 1333 587 malum
1348 535 1394 588 est
1408 533 1438 587 in
1454 532 1646 588 amaritudine
1662 533 1803 604 potionis,
1820 547 1868 586 ea·

1038 625 1114 678 nitus
1128 623 1238 678 honum
1253 625 1298 676 θεῖ
1312 622 1342 676 in
1358 622 1512 692 adeptione
1537 623 1707 677 curationis.
1729 622 1775 676 Ex
1799 637 1868 676 vera

1037 712 1105 767 item
1121 712 1199 766 trono
1215 728 1273 766 non
1287 727 1390 766 verum
1402 711 1511 766 honum
1522 727 1529 780 ς
1542 715 1636 766 elnon
1647 726 1749 766 verum
1760 711 1868 764 malum

1039 801 1141 871 oritur,
1159 801 1235 855 sicut
1250 801 1367 872 quando
1383 817 1419 856 ex
1436 801 1613 855 continentia
1627 800 1735 854 mentis
1750 804 1780 854 et
1802 815 1869 854 cor·

1037 906 1093 960 pus
1109 890 1145 945 ab
1160 890 1266 944 edendi
1280 890 1482 959 supcrttni⁸ut0
1498 887 1658 943 cohibitum
1674 889 1703 942 in
1717 904 1772 943 sua
1787 889 1869 943 eani-

1037 981 1307 1049 internosceretur,
1319 983 1346 1033 et
1354 995 1422 1033 caro
1431 995 1484 1049 per
1493 979 1701 1032 abstinentiam
1711 980 1868 1045 macerata,

1038 1069 1102 1138 ipsa
1118 1071 1205 1122 ctiam
1221 1068 1289 1121 honi
1314 1067 1414 1137 operis
1439 1067 1630 1122 exsecutione
1649 1065 1802 1138 affligitur.
1827 1066 1870 1120 Ex

1037 1172 1109 1211 vero
1125 1156 1346 1210 similitcrmalo
1355 1172 1413 1210 non
1424 1171 1528 1210 rerum
1539 1156 1647 1209 leonum
1658 1158 1687 1209 et
1697 1170 1756 1209 nou
1766 1170 1870 1209 verum

1038 1245 1147 1299 mulum
1163 1247 1265 1314 oritur,
1282 1245 1454 1316 quandoid,
1471 1245 1549 1315 quod
1572 1244 1750 1299 continentia
1762 1243 1870 1315 {iecere

1037 1334 1172 1404 dicimur,
1188 1335 1374 1405 idemipsum
1390 1335 1453 1388 sive
1470 1334 1498 1387 in
1514 1334 1638 1387 sanitate
1648 1333 1793 1403 corporis,
1807 1332 1871 1387 sive

1037 1424 1066 1476 in
1089 1424 1285 1479 maceratione
1308 1425 1407 1478 curnis
1432 1423 1553 1477 avaritia
1577 1425 1722 1492 operatur.
1748 1421 1792 1476 Ex
1813 1438 1870 1475 non

1037 1527 1108 1567 vero
1123 1512 1201 1567 bono
1216 1516 1243 1567 ct
1259 1528 1361 1566 vorum
1376 1512 1485 1566 honuni
1502 1516 1529 1564 et
1545 1526 1647 1565 verum
1658 1510 1765 1564 malum
1775 1511 1871 1564 nascet-

1038 1606 1094 1670 tur‚
1111 1601 1189 1657 sicut
1202 1602 1319 1672 quando
1333 1602 1449 1655 artimus
1461 1616 1497 1654 ex
1509 1601 1638 1654 tomento
1649 1599 1748 1654 carnis
1759 1600 1824 1652 sive
1836 1599 1870 1652 ad

1040 1691 1186 1757 virtutem,
1204 1691 1267 1744 sive
1283 1692 1317 1744 ud
1334 1691 1437 1745 vitium
1452 1690 1656 1743 inflammatur.
1671 1689 1714 1742 Ex
1729 1704 1787 1743 non
1799 1704 1870 1743 vero

1040 1779 1107 1833 item
1120 1780 1196 1834 malo
1211 1783 1238 1834 ct
1252 1796 1354 1834 verum
1366 1780 1476 1834 honum
1490 1782 1517 1832 et
1533 1793 1636 1832 verum
1647 1777 1756 1831 naulum
1767 1777 1868 1841 oritur,

147 1872 194 1924 est
209 1869 288 1924 intus
304 1872 340 1925 ad
356 1872 472 1942 culpam
488 1874 566 1944 quod
582 1874 669 1929 horno
685 1890 744 1930 non
760 1874 839 1940 tacit,
861 1874 898 1929 ita
914 1874 980 1928 nul·
997 1899 1023 1960 B
1040 1868 1157 1939 quando
1172 1885 1209 1923 ex
1223 1885 1308 1939 poena
1325 1868 1458 1938 conponis
1475 1867 1590 1921 animus
1605 1866 1652 1921 vel
1668 1865 1870 1921 exerceturad

147 1959 207 2014 lum
230 1960 337 2015 malum
363 1963 408 2015 est
433 1961 506 2016 ioris
525 1963 560 2016 ad
583 1979 699 2032 paenam
723 1963 801 2034 quod
825 1963 904 2018 Deus
923 1978 981 2017 non

147 2048 231 2114 tacit;
249 2050 301 2104 sed
319 2051 406 2106 homo
422 2068 488 2106 cum
503 2053 611 2107 malum
627 2052 696 2106 iacit
711 2053 768 2107 sibi
785 2052 864 2122 iacit,
877 2052 981 2107 etideo

146 2138 302 2193 malefacit.
321 2139 400 2195 lleus
417 2158 483 2196 cum
499 2143 607 2197 malum
618 2142 911 2211 tacitnonsihiiaeit,
928 2142 981 2196 sed

144 2226 256 2282 homini
272 2229 481 2298 rnalefacienti3
498 2235 527 2285 et
542 2232 607 2286 ideo
624 2248 683 2286 non
705 2230 861 2285 malefacit.
885 2231 980 2285 Homo

146 2317 226 2373 intus
242 2320 330 2373 stulte
353 2321 482 2391 loquitur
501 2322 667 2391 peccando,
687 2322 767 2375 Deus
792 2320 866 2374 foris
891 2320 980 2374 stulto

147 2409 307 2478 respondet
329 2410 493 2464 secundum
515 2410 665 2464 stultitiam
675 2409 742 2479 ejus
757 2412 909 2479 peccatum
924 2424 980 2478 pu·

145 2495 263 2551 aiendo.
280 2498 354 2552 Sunt
368 2514 440 2571 crgo
452 2502 586 2570 quattuor,
600 2515 702 2553 verum
714 2499 823 2553 honum
833 2501 861 2552 et
876 2513 979 2552 verum

144 2585 253 2639 malum
266 2601 272 2640 1
289 2589 317 2640 et
332 2603 391 2642 non
402 2604 505 2642 vorum
516 2588 625 2643 honum
637 2591 664 2641 et
676 2605 734 2641 non
745 2605 847 2642 verum
860 2588 976 2642 malum.

144 2672 180 2727 Εῖ
195 2675 292 2729 omnia
303 2677 367 2732 haec
379 2678 597 2746 ‹enziipmatione
608 2677 715 2731 summi
726 2677 795 2730 honi
808 2676 979 2746 judicantur

145 2766 241 2817 utrum
259 2765 334 2818 hona
349 2767 408 2819 sint
423 2783 459 2819 nn
477 2767 569 2832 nrala3
586 2769 615 2820 et
629 2766 656 2819 si
677 2768 756 2834 sunt,
784 2770 890 2836 quanta
907 2767 975 2820 sint.

144 2851 210 2906 Tria
228 2869 298 2908 vero
314 2859 382 2908 sunt
397 2869 506 2925 genera
523 2855 593 2908 honi
611 2871 617 2909 :
634 2854 841 2924 Estqaroddam
853 2854 974 2923 honum,

141 2942 219 3012 quod
237 2942 265 2996 in
281 2959 314 2998 se
330 2944 375 2997 cst
386 2943 495 2997 bonum
511 2948 539 2997 ct
554 2960 612 2998 uon
627 2944 663 2997 ad
688 2943 807 3014 aliquid.
834 2943 887 2998 Est
906 2945 974 2998 item

140 3031 297 3101 quoddam,
310 3033 387 3103 quod
400 3049 456 3086 non
467 3033 496 3086 in
505 3049 538 3087 se
547 3032 721 3101 asthonum,
734 3033 788 3088 sed
799 3034 834 3087 ad
851 3035 970 3105 aliquid.

139 3118 174 3173 Et
188 3123 363 3175 astrui-suin
380 3121 469 3185 aliud,
487 3122 564 3192 quod
581 3126 608 3176 et
625 3121 701 3176 inse
717 3127 763 3177 θεῖ
776 3124 886 3179 honum
898 3126 924 3178 et
936 3124 972 3178 ad

1036 1957 1191 2028 justitiam,
1208 1958 1255 2012 vcl
1277 1958 1314 2011 ad
1338 1958 1520 2029 iniquitatem
1543 1955 1709 2010 inclinatur.
1733 1956 1806 2010 tium
1827 1956 1870 2008 sie

1037 2046 1128 2118 igitur
1142 2051 1170 2102 et
1185 2062 1222 2101 ex
1236 2047 1314 2100 liano
1329 2051 1357 2101 et
1371 2046 1447 2101 malo
1461 2046 1571 2100 honum
1585 2045 1695 2115 pariter
1709 2049 1739 2099 et
1761 2044 1868 2100 malum

1036 2137 1198 2205 proveniat,
1216 2137 1294 2207 quod
1309 2152 1347 2190 ex
1361 2137 1439 2190 hono
1455 2136 1574 2202 honum,
1591 2137 1664 2188 etex
1673 2134 1750 2189 malo
1761 2134 1868 2188 mulum

1036 2225 1137 2294 oritur,
1155 2225 1218 2295 ipsa
1235 2225 1353 2296 quidem
1368 2224 1438 2279 honi
1453 2228 1480 2279 et
1503 2223 1571 2277 mali
1593 2227 1695 2277 natura
1720 2226 1867 2293 operatur.

1034 2315 1116 2380 Quod
1132 2319 1228 2369 autem
1244 2331 1280 2368 ex
1296 2315 1375 2369 hono
1399 2313 1507 2367 malum
1530 2298 1638 2368 vel‘ex
1660 2313 1738 2367 malo
1761 2313 1869 2367 honum

1034 2405 1179 2474 provenit,
1195 2404 1316 2458 atterius
1332 2404 1379 2457 vel
1396 2403 1502 2457 malitia
1518 2404 1565 2457 vel
1580 2403 1697 2457 bonitas
1713 2401 1793 2468 tacit,
1811 2402 1868 2456 illic

1033 2493 1180 2547 abutentis
1197 2493 1285 2559 hono,
1304 2493 1350 2546 hio
1366 2493 1442 2547 liene
1458 2493 1566 2547 utentis
1588 2492 1664 2546 malo
1687 2490 1722 2544 ad
1745 2491 1866 2557 honum,

1034 2582 1159 2636 maxime
1175 2583 1201 2636 si
1217 2599 1319 2637 rerum
1335 2586 1381 2637 est
1396 2583 1505 2637 honum
1520 2582 1566 2636 vel
1591 2582 1698 2636 malum
1722 2580 1800 2652 quod
1825 2581 1864 2647 tit,

1033 2672 1098 2726 sive
1118 2688 1221 2726 verum
1238 2672 1301 2725 sire
1318 2688 1377 2725 nou
1400 2688 1503 2726 verum
1527 2671 1565 2725 sit
1583 2687 1620 2725 ex
1643 2672 1766 2741 aptioltt.
1793 2670 1864 2734 Qnia

1031 2776 1105 2832 ergo
1121 2765 1150 2815 ut
1166 2777 1201 2813 cx
1215 2777 1285 2813 rei-o
1300 2761 1377 2815 inalo
1392 2777 1495 2814 verum
1510 2761 1618 2814 honum
1640 2759 1793 2830 proveniat
1808 2776 1865 2812 nun

1031 2852 1184 2920 potestatis
1200 2850 1346 2918 humanae,
1365 2851 1416 2904 sed
1434 2850 1542 2904 divinae
1557 2850 1696 2903 honitatis
1711 2864 1787 2920 opus
1808 2850 1863 2914 est,

1031 2955 1180 3008 nunquam
1197 2940 1307 2993 homini
1323 2956 1425 2994 verum
1441 2939 1548 2993 malum
1565 2938 1733 2992 iaciendum
1749 2938 1796 2992 vel
1813 2953 1865 3006 pa-

1030 3027 1160 3082 tiendum
1176 3029 1357 3096 conceditur,
1375 3031 1405 3081 ut
1420 3028 1487 3082 inde
1502 3028 1612 3082 honum
1628 3026 1748 3081 oriatur.
1771 3026 1865 3094 Prop-

1030 3126 1109 3178 terea
1125 3140 1190 3179 cum
1206 3124 1332 3178 dixisset
1351 3123 1512 3193 Apostolus
1530 3121 1601 3176 :Ubi
1616 3120 1778 3177 ahnrrdarit
1804 3121 1863 3174 ini·

137 3207 257 3279 aliquid.
285 3211 413 3264 Primum
442 3214 488 3263 est
509 3211 641 3266 intimum
664 3212 784 3281 honum,
808 3211 1012 3272 secundnmc
1030 3213 1135 3285 puritas,
1154 3213 1407 3284 supcraluuularit
1424 3219 1452 3266 ct
1467 3213 1565 3282 pratia
1581 3210 1674 3281 (Rom
1692 3211 1732 3280 v),
1748 3213 1782 3278 ,et
1804 3210 1865 3280 qui·

139 3297 277 3365 medium,
294 3299 411 3352 tertium
428 3315 586 3355 summum.
603 3300 685 3355 Siout
699 3301 916 3372 eninoptimum
927 3305 973 3356 est

139 3386 217 3454 quod
233 3390 261 3440 et
276 3387 305 3439 in
320 3401 353 3441 εθ
369 3387 404 3442 ad
420 3388 498 3443 aliud
514 3389 625 3445 honum
639 3395 695 3459 θεῖ,
718 3392 763 3445 sic
789 3395 818 3446 et
839 3391 972 3444 intimum

139 3475 184 3526 est
199 3474 278 3545 quod
293 3474 323 3528 in
338 3491 371 3530 se
385 3479 498 3531 tantum
512 3479 622 3534 honum
637 3483 692 3547 θεῖ,
710 3481 776 3550 quia
793 3480 843 3534 illo
866 3480 972 3534 melius

139 3564 185 3616 est
199 3562 256 3617 hoc
271 3565 360 3635 quod,
377 3566 445 3620 licet
459 3568 489 3621 in
506 3583 538 3622 se
554 3568 664 3623 honum
686 3584 744 3624 non
761 3570 809 3636 sit,
833 3569 869 3623 ad
893 3568 972 3623 aliud

137 3651 235 3707 tamen
250 3653 359 3708 honum
374 3660 430 3711 θεῖ.
451 3655 524 3721 Quia
539 3658 616 3711 enim
632 3673 669 3712 cx
689 3673 724 3712 θο
742 3657 838 3729 majus
862 3659 971 3712 honum

138 3744 193 3807 θεῖ,
211 3743 308 3813 ipsum
324 3760 394 3800 esse
410 3746 516 3801 melius
531 3750 588 3813 est,
614 3747 681 3818 quia
705 3747 812 3801 melius
832 3747 971 3817 estquod

136 3846 173 3885 ex
190 3832 256 3902 ipso
270 3837 325 3887 est.
343 3833 509 3905 Aliquando
520 3840 617 3891 autem
632 3850 669 3890 ex
678 3836 769 3890 verbo
780 3836 859 3890 hono
868 3851 970 3889 verum

135 3919 394 3988 honumnaecitur,
411 3924 488 3979 sicut
504 3924 620 3995 quando
645 3940 682 3978 ex
706 3940 763 3979 una
785 3925 892 3979 virtute
916 3925 970 3978 alia

135 4009 230 4063 virtus
244 4017 427 4080 procreatur.
444 4013 609 4083 Aliquando
625 4029 662 4068 ex
677 4029 749 4068 vero
773 4014 851 4068 hono
868 4029 970 4068 verum

136 4096 245 4151 rnatum
260 4099 362 4167 oritur,
375 4101 453 4155 sicut
469 4101 585 4172 quando
602 4103 719 4157 unimus
735 4118 772 4157 ex
789 4103 897 4158 virtute
919 4117 972 4172 per

136 4185 305 4267 superbiam
322 4187 448 4243 inflatur.
467 4189 598 4245 Rursum
613 4206 650 4245 ex
671 4206 743 4246 vero
768 4191 844 4245 malo
867 4206 969 4246 verum

136 4274 244 4329 malurn
259 4277 401 4347 nascitur,
419 4279 536 4348 quando
559 4295 596 4334 ex
620 4295 678 4333 uno
698 4280 769 4335 vitio
794 4280 871 4335 aliud
897 4296 968 4350 pro·

135 4367 260 4419 crentur.
273 4364 344 4419 ltem
359 4380 396 4420 ex
410 4382 481 4422 vero
502 4368 578 4422 malo
602 4383 705 4423 verum
729 4369 839 4424 honum
863 4368 964 4436 oritur,

134 4452 338 4524 sicutquando
354 4470 392 4509 ex
407 4456 492 4525 culpa
507 4456 656 4510 humilitas
672 4457 773 4511 oritur.

1029 3302 1095 3356 dam
1112 3301 1219 3356 exhor
1236 3303 1424 3357 occasionem
1440 3316 1558 3356 sumere
1578 3302 1757 3354 conarentur
1777 3300 1863 3370 quasi

1028 3390 1139 3445 idcirco
1156 3391 1265 3445 homini
1283 3392 1390 3445 malum
1415 3390 1581 3445 iaciendum
1604 3392 1695 3457 esset,
1716 3391 1863 3460 quatenus

1027 3494 1064 3533 ex
1080 3495 1116 3534 eo
1131 3481 1317 3550 postmodnm
1335 3481 1443 3535 honum
1458 3479 1638 3550 proveniret,
1654 3476 1811 3547 subjunxit
1827 3478 1862 3533 de

1026 3567 1134 3623 talibus
1151 3584 1157 3623 :
1177 3568 1302 3634 Quorum
1319 3569 1467 3624 dmnnatio
1480 3569 1563 3640 justo
1579 3574 1625 3621 cst
1644 3567 1728 3635 (Rom
1752 3569 1805 3635 ιιι).
1831 3566 1862 3622 Si

1026 3657 1104 3712 enim
1129 3658 1217 3712 homo
1241 3659 1317 3713 male
1342 3659 1420 3727 tacit,
1447 3662 1534 3712 etex
1559 3655 1627 3728 ejus
1651 3656 1727 3711 malo
1757 3659 1860 3726 postea

1026 3746 1106 3800 Deus
1122 3747 1277 3813 benefacit,
1294 3748 1381 3803 hamc
1397 3746 1515 3818 quidem
1532 3762 1584 3816 pro
1609 3761 1644 3800 eo
1667 3745 1746 3816 quod
1771 3745 1861 3799 male·

1025 3834 1095 3888 iacit
1107 3834 1189 3903 juste
1204 3837 1372 3898 damnatur:
1389 3837 1468 3890 Deus
1483 3838 1579 3889 autern
1594 3850 1650 3904 pro
1665 3849 1701 3888 co
1724 3834 1802 3906 quod
1824 3833 1860 3887 de

1025 3924 1225 3979 melchanum
1243 3925 1405 3996 tacitjuste
1430 3925 1618 3979 clarificatur.
1644 3922 1726 3987 Quod
1751 3923 1859 3976 malum

1025 4015 1080 4080 est,
1097 4013 1226 4068 hominis
1241 4018 1301 4081 θεῖς
1319 4015 1396 4086 quod
1408 4029 1446 4068 ex
1461 4013 1537 4067 malo
1548 4013 1723 4080 honumest,
1739 4011 1792 4066 Dei
1803 4015 1858 4066 est.

1025 4101 1184 4171 Propterea
1199 4105 1230 4157 tu
1245 4103 1352 4157 malum
1367 4118 1449 4172 eave,
1467 4103 1534 4173 quia
1556 4102 1582 4156 si
1606 4102 1716 4156 malum
1737 4100 1858 4167 feceris,

1024 4206 1061 4244 ex
1077 4206 1112 4245 eo
1126 4190 1236 4245 honum
1249 4191 1347 4244 tacere
1362 4207 1420 4246 non
1436 4194 1530 4261 potes.

1058 4278 1202 4333 Similiter
1216 4281 1352 4350 quamvis
1368 4297 1405 4333 ex
1415 4295 1487 4333 vcro
1498 4280 1576 4333 hono
1588 4278 1746 4348 aliquando
1755 4292 1859 4332 verum

1023 4366 1130 4421 malum
1146 4369 1266 4433 oriatur,
1283 4385 1341 4422 non
1358 4369 1424 4421 ideo
1441 4369 1491 4422 tihi
1508 4369 1618 4422 honum
1632 4367 1785 4423 vitandum
1801 4369 1857 4430 ast,

1024 4473 1060 4513 ne
1074 4458 1182 4512 malum
1198 4458 1265 4512 inde
1280 4457 1417 4525 inveniat,
1429 4457 1496 4528 quia
1512 4456 1599 4511 etiam
1614 4454 1799 4510 eumhoaum
1814 4455 1859 4509 ta-

170 4543 233 4597 Duo
248 4542 366 4598 fuerunt
382 4559 388 4598 :
406 4545 577 4599 Pharisaeus
593 4549 621 4600 et
635 4546 966 4617 publicanus,unusju·
980 4525 1008 4586 D
1023 4548 1101 4601 ctum
1117 4546 1213 4612 tuerit,
1231 4547 1260 4599 in
1276 4551 1324 4600 tua
1339 4547 1436 4601 adhuc
1455 4548 1600 4616 potestate
1625 4547 1672 4598 θεῖ
1694 4548 1726 4598 ut
1749 4545 1858 4599 malum

136 4635 212 4702 etus,
228 4633 302 4687 alter
315 4638 465 4703 peccator.
484 4634 650 4704 lliustitin
667 4635 810 4690 Pharisaei
835 4640 897 4690 orta
922 4639 969 4689 θεῖ

128 4721 238 4789 elati03
254 4738 292 4777 ex
306 4723 451 4793 injustitia
467 4724 626 4794 publicani,
648 4723 820 4780 humiliatio.
848 4725 910 4778 illic
933 4740 970 4778 ex

59 4879 60 4883 ἵ
135 4823 207 4862 vero
222 4810 300 4865 bono
316 4827 419 4866 verum
434 4813 557 4880 mulum,
574 4814 622 4867 hic
637 4829 674 4868 ex
688 4829 761 4867 vero
776 4814 852 4867 malo
868 4828 970 4866 rorum

135 4894 256 4950 bonum.
275 4896 346 4951 ltcm
360 4914 398 4953 ex
414 4916 471 4955 nou
487 4917 559 4956 vero
574 4903 653 4957 hono
670 4918 728 4957 non
743 4918 846 4957 verum
862 4903 971 4955 tionum

138 4985 280 5050 nascitur,
296 4986 373 5040 sicut
389 4989 506 5059 quando
521 5006 559 5044 ex
570 4990 700 5046 tomento
715 4990 971 5061 corporiesanitas

138 5072 302 5141 corporalis
318 5081 512 5144 comparatur.
532 5079 662 5133 llursum
678 5095 714 5134 ex
734 5096 793 5135 non
807 5095 878 5134 vero
893 5079 971 5133 hono

136 5175 195 5215 non
210 5175 313 5215 verum
329 5163 436 5217 malum
453 5166 594 5233 nascitur,
607 5168 685 5222 sicut
695 5168 812 5238 quando
824 5184 861 5223 ex
873 5167 971 5221 dulce·

137 5248 206 5304 dine
222 5249 280 5303 oihi
296 5250 433 5307 saucibus
448 5253 570 5308 irritatis
584 5271 638 5325 per
650 5257 869 5312 immoderatam
879 5255 973 5312 edaci.

135 5341 224 5392 tatem
239 5339 411 5394 stomachus
427 5346 577 5396 oneratur.
600 5343 644 5396 Ex
660 5359 718 5398 non
733 5360 805 5400 vero
821 5346 898 5399 malo
912 5359 972 5398 non

135 5444 239 5483 verum
255 5428 363 5483 malum
378 5430 519 5496 nascitur,
537 5430 615 5486 sicut
628 5433 746 5502 quando
761 5449 798 5488 ex
809 5449 893 5506 paena
911 5448 972 5487 cor

136 5518 219 5588 poris
235 5518 392 5573 infirmitas
409 5519 573 5588 corporalis
589 5525 756 5592 generatur.
773 5522 844 5578 ltem
859 5539 896 5578 ex
911 5537 971 5577 non

136 5622 209 5662 vero
224 5608 300 5663 melo
316 5623 374 5662 non
390 5623 493 5663 verum
507 5608 619 5664 honum
634 5610 736 5681 oritur,
754 5610 832 5666 sicut
853 5610 970 5682 quaudo

138 5710 175 5748 ex
190 5710 278 5767 poena
293 5698 428 5769 corporis
445 5699 559 5755 sanitas
574 5700 738 5770 corporalis
753 5702 922 5772 generatur.
937 5697 969 5753 Si

1022 4650 1081 4690 non
1097 4637 1154 4689 hat.
1172 4637 1296 4704 Proptm
1309 4636 1365 4689 hoc
1381 4651 1418 4689 ne
1434 4635 1540 4689 malum
1556 4634 1650 4689 iacias
1667 4637 1788 4705 propter
1801 4634 1857 4687 ho-

1022 4741 1102 4794 num,
1115 4725 1181 4795 qiria
1199 4725 1228 4779 in
1244 4728 1291 4779 tua
1307 4727 1450 4794 potestate
1465 4739 1524 4778 non
1539 4726 1594 4791 θεῖ,
1612 4726 1644 4777 ut
1658 4738 1695 4777 ex
1711 4722 1786 4777 malo
1802 4723 1857 4777 ho-

1023 4829 1091 4867 num
1107 4813 1171 4879 llat3
1187 4829 1242 4867 nec
1257 4813 1367 4868 honum
1381 4813 1509 4866 dimittas
1525 4816 1645 4882 propter
1660 4812 1777 4874 matum,
1788 4811 1856 4882 quia

1023 4901 1119 4969 etiam,
1136 4901 1214 4956 tacto
1228 4902 1317 4970 bono,
1340 4902 1368 4955 in
1390 4904 1440 4955 tun
1462 4901 1557 4955 adhue
1582 4904 1726 4971 potestate
1750 4903 1796 4954 est
1820 4914 1856 4953 ne

1023 4988 1130 5042 malum
1145 4989 1204 5043 ssat.
1222 4989 1257 5044 ut
1271 4989 1327 5044 hoc
1343 4988 1462 5061 quidem
1484 4988 1520 5043 de
1535 5004 1608 5044 vero
1631 4989 1710 5044 bono
1733 4992 1762 5044 et
1785 5003 1856 5042 vero

1023 5077 1099 5131 malo
1117 5077 1338 5150 intelligendum
1354 5081 1410 5132 est.
1426 5077 1503 5132 Saue
1518 5077 1554 5131 de
1569 5093 1628 5132 uon
1642 5091 1714 5130 vero
1733 5075 1813 5130 hono
1827 5079 1857 5129 et

1023 5179 1081 5221 nou
1106 5181 1178 5220 vcro
1201 5166 1277 5220 malo
1300 5166 1377 5220 hauc
1399 5165 1547 5221 hominem
1573 5165 1717 5220 cautelam
1746 5163 1856 5218 habere

1023 5257 1147 5324 oportet,
1160 5255 1266 5326 utquia
1275 5254 1339 5309 heae
1350 5255 1379 5308 in
1389 5253 1606 5325 ejuepotestate
1614 5255 1693 5319 sunt,
1702 5255 1730 5307 et
1740 5252 1856 5307 eissiva

1022 5344 1176 5398 adrerum
1191 5343 1298 5397 malum
1312 5343 1402 5410 abuti,
1420 5343 1484 5397 sive
1505 5343 1541 5396 ad
1563 5358 1666 5397 verum
1680 5341 1792 5396 honum
1814 5341 1854 5394 uti

1023 5435 1128 5502 potest,
1139 5433 1176 5487 ita
1184 5433 1247 5502 ipsa
1254 5447 1307 5502 pro
1312 5434 1445 5503 tempore
1453 5433 1481 5485 ot
1490 5446 1580 5485 causa
1589 5431 1653 5485 sive
1661 5430 1697 5484 ad
1707 5430 1802 5500 agend
1807 5445 1854 5483 aim

1022 5521 1086 5577 eive
1095 5521 1304 5590 adpatieudum
1314 5520 1467 5590 suscipiet,
1479 5521 1752 5590 quatenussemper
1762 5533 1797 5572 ea
1807 5517 1855 5572 vel

1021 5609 1057 5664 ad
1072 5609 1201 5664 fructum
1215 5608 1262 5664 vel
1273 5608 1308 5662 ad
1319 5624 1406 5664 usum
1416 5606 1600 5678 adipiscendi
1610 5606 1680 5662 boni
1691 5609 1852 5662 convertat.
1881 5677 1886 5683 .

1022 5696 1208 5752 Adiunctum
1222 5697 1285 5753 veri
1301 5697 1369 5752 troni
1386 5698 1563 5768 cooperante
1577 5695 1681 5769 gratia,
1705 5695 1741 5749 ad
1765 5709 1854 5750 usum
