3796 6022
138 221 197 294 707

536 220 755 285 ΑΡΡΕΝὓΙΧ
772 212 835 291 ΑΙ)
856 214 1049 286 HUGONIS
1070 217 1215 286 OPERA
1234 220 1505 288 coamantes·

1808 220 1864 287 708

142 438 203 504 cst3
220 432 331 499 vectes,
350 427 442 482 fortas
462 427 490 480 et
510 426 738 494 perseverantes
763 423 900 478 doctores
921 422 971 494 qui
987 404 1017 467 Α
1031 438 1090 478 non
1106 423 1255 479 inventum
1267 423 1327 478 lilia
1342 424 1480 479 sessione
1495 424 1676 495 poenitentiae
1692 424 1821 496 operuit,
1834 428 1862 479 ut

141 513 591 587 inhaerentesquatuorcirculis,
613 512 703 566 idest
720 512 900 584 evangelicae
916 512 970 566 do·

143 604 422 677 ctr·inoe‚Ecclcsiam
433 605 548 673 portant
558 616 610 671 per
618 603 849 672 quatuorpartcs
859 600 970 671 mundi,

142 704 175 756 ut
188 699 288 753 vectes
312 709 410 748 arcam
425 707 479 761 per
493 693 619 760 quatuor
637 689 773 762 angulos.
799 689 855 755 Qui
869 694 971 744 vectes

140 788 283 861 jubentur
297 797 369 836 auro
386 781 504 851 operiri,
525 783 556 834 nt
572 794 638 833 cum
654 793 791 833 sermone
807 779 873 832 aliis
888 779 972 832 inso-

141 877 219 943 nant,
236 872 293 944 ipsi
310 870 396 925 etiarn
408 869 475 923 vitae
487 867 602 939 fulgore
614 867 795 939 fulgescant.
813 868 854 921 Dc
864 868 973 937 quibus

141 962 278 1019 subditur
291 975 296 1014 :
311 958 366 1023 Qui
377 973 495 1028 semper
503 962 589 1010 crunt
600 957 630 1009 in
638 955 770 1025 circulis,
783 959 814 1010 ut
823 972 888 1010 oum
905 972 973 1026 por·

140 1052 220 1107 tandi
228 1064 337 1116 arcam,
347 1047 403 1100 hoc
414 1049 460 1099 est
468 1044 592 1100 docendi
605 1044 780 1113 Ecclesiam,
799 1043 973 1114 opportuni-

138 1145 185 1197 tas
201 1138 303 1210 exigit,
314 1152 367 1206 pro
379 1133 606 1188 intromittendis
618 1132 840 1187 vectibusnulla
850 1132 973 1186 tarditas

141 1231 310 1302 generetur.
330 1223 402 1279 Cum
422 1222 536 1276 anima
561 1220 689 1275 subditis
714 1220 835 1275 dubium
855 1221 973 1292 aliquod

140 1315 292 1390 spirituale
308 1313 639 1383 pastorperounctntur‚
670 1309 900 1381 ignominiosum
929 1313 975 1364 est

140 1406 236 1475 valde,
244 1404 269 1458 si
282 1407 350 1456 tunc
362 1402 474 1471 quaerat
483 1399 599 1452 discere
611 1398 974 1468 cumquaeslionemdebet

139 1495 277 1552 enodare.
295 1490 378 1545 Unde
394 1489 506 1559 primus
522 1487 628 1540 Pastor
642 1487 812 1557 pastoribus
828 1486 973 1541 dicitPa-

139 1584 201 1640 rati
206 1597 324 1652 semper
333 1580 371 1635 ad
376 1576 697 1632 satisfactionemonmi
702 1575 837 1646 poscenti
852 1576 974 1630 rosred-

139 1673 209 1729 dere
224 1671 370 1725 rationem
386 1667 423 1721 de
439 1681 472 1721 ea
489 1665 592 1737 quaein
613 1663 695 1718 robis
707 1668 752 1718 est
769 1662 842 1735 [spe]
857 1663 933 1718 dales
948 1662 977 1733 (l

139 1762 225 1817 Petr.
242 1759 295 1828 ιιι).

193 1851 255 1903 Τνν.
273 1845 350 1901 XlV.
367 1844 412 1897 De
434 1842 546 1897 virtute
561 1839 670 1912 eloquii
685 1856 743 1911 per
762 1840 917 1894 eitlraram.

176 1939 250 1993 Dum
266 1934 384 1990 Saulem
406 1931 533 2003 spiritus
557 1928 651 1983 malus
679 1930 840 1998 invaderet,
862 1929 973 1984 cithara

140 2027 233 2084 David
249 2025 316 2096 ejus
331 2022 478 2076 insaniam
491 2018 665 2088 temperavit
679 2016 707 2086 (l
721 2017 795 2089 lteq.
806 2028 877 2085 xvi).
901 2016 974 2081 Quia

140 2133 207 2173 cum
222 2128 331 2169 sensus
340 2113 491 2182 potentum
502 2123 555 2177 per
563 2106 719 2161 elationem
730 2105 898 2160 inlurorem
907 2121 973 2159 ver·

139 2208 219 2275 titur,
229 2204 351 2275 dignum
360 2203 406 2254 cst
417 2203 447 2253 ut
458 2196 753 2252 elocutionlsnostrae
764 2194 972 2266 tranquillitate

139 2293 225 2368 quasi
242 2291 362 2346 citharae
378 2286 532 2342 dulcedine
548 2286 584 2339 ad
600 2285 899 2339 salutemrevocctur.
913 2283 973 2337 Du·

140 2401 193 2440 rus
208 2382 328 2436 adamas
344 2379 521 2432 incisionem
541 2373 610 2427 ierri
628 2389 686 2427 non
702 2372 815 2442 recipit,
833 2373 887 2426 sed
915 2371 974 2425 leni

141 2474 291 2530 hircorum
306 2468 452 2538 sanguine
472 2463 628 2518 mollescit.
655 2459 776 2514 Blandis
796 2460 872 2514 enim
889 2459 973 2513 dives

140 2558 396 2619 exhortationibus
418 2553 580 2625 placandus
601 2554 656 2620 est,
674 2550 744 2620 quia
763 2550 836 2604 dura
851 2549 973 2602 vulnera

139 2669 193 2724 per
208 2651 285 2705 lenia
300 2648 444 2701 tremonia
454 2642 640 2708 mollescunt,
658 2643 686 2693 et
702 2638 785 2693 furor
801 2639 973 2692 insanorum

139 2743 255 2797 medico
266 2736 433 2794 blandiente
449 2735 578 2785 sanatur.

139 2833 201 2887 Τιν.
212 2830 277 2884 XV.
287 2825 362 2893 Quid
374 2819 624 2878 ritasaecularium
634 2818 710 2871 bene
722 2817 892 2882 viventium,
902 2815 972 2870 licet

261 2916 316 2954 non
332 2897 372 2951 sit
388 2892 548 2956 excellens,
567 2896 720 2944 esttamen
736 2904 851 2942 secura.

175 2991 230 3046 Lot
244 2989 293 3062 qui
309 2987 460 3041 ardentem
474 2980 632 3035 Sodomam
646 2977 773 3048 reliquit,
790 2975 886 3048 Sopor
901 2991 971 3045 par-

139 3097 207 3138 vam
222 3080 367 3134 civitatem
378 3071 545 3138 inveniens,
557 3084 626 3121 mox
637 3081 822 3137 nequaquam
837 3066 873 3118 ad
886 3080 971 3119 cacu-

140 3167 322 3226 menmontis
331 3159 554 3219 ascenditthn.
568 3166 636 3218 νιν).
649 3154 972 3209 llrdentcmSodomam

141 3260 245 3331 lugere
260 3259 306 3310 cst
320 3253 420 3307 illicita
436 3248 535 3303 carnis
551 3245 686 3299 incendia
703 3245 852 3312 dorilare3
883 3259 972 3297 cacu-

142 3364 210 3403 men
228 3342 337 3399 montis
362 3337 574 3403 conscendere,
592 3333 798 3387 celsitudinem
824 3333 891 3386 vitae
907 3347 973 3402 per·

140 3436 225 3490 fectae
251 3431 392 3499 arripere.
417 3426 474 3480 Sed
497 3424 564 3494 quia
584 3426 653 3477 sunt
680 3422 761 3476 mulli
781 3423 831 3493 qui
859 3422 973 3475 scelera

140 3522 276 3595 quaedam
286 3518 437 3584 deserunt,
448 3514 501 3568 sed
510 3513 546 3566 ad
557 3512 769 3582 perlectionem
780 3511 888 3564 montis
900 3526 973 3564 non·

140 3613 208 3667 dum
224 3607 398 3672 ascendunt,
415 3605 444 3658 in
460 3603 556 3657 medio
572 3601 725 3654 inveniunt
740 3600 845 3671 Segnr,
875 3600 905 3652 id
928 3602 974 3652 est

138 3701 246 3758 bonam
260 3699 351 3753 vitam
367 3693 566 3761 saecularium,
597 3691 626 3744 in
647 3707 704 3760 qua
727 3689 842 3743 salvent
858 3689 972 3742 animas

139 3807 221 3847 suas.
239 3789 311 3843 llaec
325 3786 403 3841 enirn
420 3785 478 3837 vita
494 3782 550 3835 etsi
576 3796 634 3835 non
651 3779 689 3833 sit
704 3777 863 3832 virtutibus
887 3778 971 3846 mira,

138 3886 183 3937 est
198 3886 296 3935 tamen
310 3893 326 3930 ο
342 3872 498 3946 suppliciis
515 3885 631 3925 secura.

137 3967 291 4024 'l'1r.XVl.
305 3963 450 4029 Quomodo
466 3959 598 4014 nobissit
608 3955 972 4029 laciesperlmmilitatcm

370 4032 492 4087 velanda
509 4029 643 4100 c.rcrnplo
657 4028 744 4083 Elim.

172 4127 263 4195 Elias,
280 4128 311 4179 ut
325 4104 430 4177 vocem
447 4119 498 4173 llci
513 4134 616 4172 secum
627 4117 776 4188 loquentis
791 4116 914 4186 audiret,
941 4116 971 4171 in

137 4218 213 4272 ostio
230 4214 381 4285 speluncae
397 4225 460 4264 suaa
476 4211 533 4262 stat
562 4211 590 4261 et
617 4206 695 4261 velat
713 4205 820 4260 taciem
831 4204 881 4265 llll
894 4207 969 4277 Rep.

136 4311 206 4374 xix),
217 4305 285 4376 quia
297 4316 428 4357 cumvox
439 4297 641 4369 intelligentiae
652 4311 790 4365 supernae
801 4294 832 4349 lit
842 4296 873 4349 in
883 4311 967 4349 mcn-

134 4400 172 4465 te,
188 4398 267 4450 totus
283 4392 371 4446 homo
384 4390 445 4462 jam
461 4388 537 4440 intra
556 4387 729 4456 speluncam
744 4401 803 4438 non
820 4387 874 4454 est,
899 4386 1010 4456 quia1)

134 4490 231 4540 mente
242 4483 341 4538 carnis
357 4495 457 4534 curam
472 4492 531 4530 nou
543 4475 688 4546 possidet,
697 4474 751 4528 scd
767 4477 824 4527 slat
837 4474 867 4527 in
879 4474 966 4542 ostio,

21 4582 28 4593 “
134 4576 201 4648 quia
217 4569 402 4628 mortalitatis
418 4565 555 4621 miserias
566 4564 647 4618 exire
663 4563 829 4616 meditatur.
841 4562 899 4616 Sed
915 4563 965 4615 tali

134 4679 259 4719 neccsse
276 4662 322 4716 est
336 4662 366 4713 ut
381 4657 487 4713 faciem
503 4654 590 4723 velet,
606 4652 675 4724 quia
691 4654 800 4722 quanto
813 4651 849 4704 ad
864 4651 968 4705 altiora

133 4750 325 4824 intelligenda
338 4750 481 4815 levamur,
496 4747 576 4797 lanto
585 4757 641 4796 nos
652 4739 835 4795 submissius
847 4754 901 4810 per
911 4739 967 4794 hu-

134 4837 469 4908 militatcmpoenitenliae
476 4846 614 4904 premere
626 4831 780 4899 debemus,
792 4845 828 4883 ne
840 4829 907 4899 plus
917 4845 967 4883 sa-

1030 528 1085 566 nec
1101 512 1178 583 apud
1194 528 1256 566 earn
1278 513 1453 568 inveniatur.

1030 601 1092 654 Τνν.
1104 601 1210 654 XVlll.
1219 601 1274 655 Sal
1278 602 1483 672 discretionis,
1492 617 1547 656 non
1554 602 1614 656 renel
1624 601 1861 657 adulationisnee

1153 689 1320 759 voluptatis
1338 706 1406 744 esse
1420 691 1518 746 sacris
1532 689 1744 745 adhibendum.

1066 777 1131 831 Nec
1150 778 1304 849 quidquam
1317 777 1461 832 serrnenti
1475 784 1524 832 aut
1540 778 1638 833 mellis
1648 778 1819 833 adolebitur
1833 780 1859 831 in

1031 865 1858 936 sacriticiis,·scdinorrrnisacrificiooller'essal(Levit.rr'i.

1030 952 1087 1006 ltlel
1103 953 1287 1008 insacrificio
1302 954 1476 1024 prohibetur
1486 953 1594 1019 offerri,
1613 955 1682 1027 quia
1693 955 1768 1010 nihil
1783 956 1859 1009 volu·

1030 1044 1169 1112 pluosum
1185 1045 1213 1095 ct
1228 1058 1319 1096 suave
1331 1042 1422 1114 hujus
1437 1043 1537 1098 mundi
1552 1044 1629 1113 apud
1645 1044 1739 1099 Deum
1758 1043 1857 1114 placet,

1031 1129 1103 1183 nihil
1121 1130 1200 1201 quod
1215 1147 1273 1185 non
1294 1131 1400 1186 lrabeat
1421 1132 1531 1203 aliquid
1552 1133 1703 1187 mordacis
1719 1133 1857 1188 veritatis.

1032 1217 1115 1272 Unde
1131 1217 1282 1289 paschalis
1307 1235 1403 1291 agnus
1419 1237 1486 1274 cum
1507 1221 1631 1275 lactucis
1646 1220 1820 1292 agrestibus
1833 1225 1858 1274 ct

1030 1307 1140 1360 amaris
1156 1307 1397 1362 manducabatur.
1414 1308 1463 1363 Sal
1479 1326 1549 1365 vcro
1569 1311 1598 1364 in
1620 1311 1700 1364 omni
1717 1309 1858 1364 sacrificio

1031 1394 1163 1465 offertur,
1185 1396 1254 1466 quia
1274 1395 1337 1450 sale
1352 1397 1476 1451 rationis
1498 1401 1526 1452 ct
1551 1398 1743 1453 discretionis
1769 1398 1857 1453 omnia

1031 1483 1139 1538 debent
1156 1485 1279 1539 condiri.

1173 1572 1235 1627 Tm.
1252 1573 1334 1627 XIX.
1351 1574 1396 1628 lle
1410 1574 1572 1630 sclrismatc
1590 1575 1720 1630 vitando.

1066 1660 1100 1715 Si
1116 1659 1211 1716 altare
1220 1661 1343 1732 leceris,
1355 1680 1410 1717 non
1420 1662 1709 1719 aedidcabisilluddc
1720 1662 1851 1719 sectisla·

990 1749 1017 1810 Β
1027 1750 1150 1821 pidibus
1164 1750 1271 1821 (Eiron.
1289 1752 1350 1821 xx).
1360 1751 1433 1817 Quia
1445 1752 1559 1807 divisus
1570 1753 1606 1806 ab
1619 1753 1766 1807 unitatcet
1781 1770 1797 1806 a
1812 1768 1856 1806 so-

1032 1839 1135 1892 cietate
1153 1855 1281 1908 superna
1297 1855 1350 1910 per
1364 1840 1473 1911 odium,
1489 1841 1519 1895 in
1536 1857 1660 1911 corpore
1678 1858 1733 1896 sno
1749 1856 1856 1896 nonre-

1032 1928 1102 1998 cipit
1116 1926 1276 1999 Christum,
1301 1945 1355 1983 neo
1381 1930 1410 1983 in
1437 1929 1544 1983 talibus
1571 1933 1669 2000 potest
1684 1929 1856 1984 sacrificium

1031 2015 1092 2069 Deo
1107 2016 1286 2086 acceptabile
1303 2016 1411 2072 offerri.
1431 2018 1513 2072 Unde
1523 2018 1615 2073 addit:
1633 2018 1665 2073 Si
1680 2020 1761 2073 enim
1775 2034 1857 2089 super

1031 2119 1065 2158 eo
1082 2103 1228 2160 levaveris
1244 2106 1380 2176 cultrum,
1398 2108 1554 2178 polluetur,
1572 2108 1601 2161 id
1617 2112 1664 2162 est
1679 2106 1855 2162 maculamu-

1030 2192 1110 2264 ligna
1126 2197 1155 2247 et
1170 2193 1261 2265 ignilu
1277 2194 1434 2265 polluetur.

1048 2300 1110 2354 Τνν.
1134 2300 1200 2353 XX.
1221 2301 1266 2356 lle
1285 2302 1491 2373 superlinitate
1513 2304 1671 2358 verborum
1698 2310 1844 2359 atterum

1386 2391 1514 2446 vitanda.

1067 2477 1134 2532 Non
1146 2477 1298 2548 plantabis
1308 2478 1402 2533 lucum
1412 2486 1441 2534 et
1450 2496 1563 2534 ornnem
1574 2479 1714 2535 arborem
1720 2480 1808 2552 juxta
1820 2479 1858 2534 al·

1032 2575 1098 2622 tare
1113 2567 1213 2635 (Dent.
1235 2567 1306 2638 xvi).
1332 2566 1368 2621 Et
1386 2568 1423 2622 ad
1442 2569 1628 2624 Gedeonem:
1652 2569 1769 2624 Nemus
1792 2569 1860 2641 quod

1031 2656 1860 2729 circaaranrestsuccideffludic.vr).NcmusJ'uxtaaltare

1030 2745 1154 2816 plantari
1164 2743 1424 2816 prohibetur,quia
1435 2746 1612 2801 infructuosi
1620 2762 1778 2802 sermones
1787 2748 1861 2801 cirea

1031 2833 1183 2888 Dominica
1194 2833 1271 2887 dicta
1287 2849 1346 2888 non
1362 2839 1432 2889 sunt
1450 2835 1632 2890 admittendi.

1031 2923 1092 2976 Τνν.
1110 2922 1192 2976 XXl.
1202 2922 1347 2987 Quornedo
1362 2924 1408 2978 sol
1420 2923 1550 2995 justitiae
1565 2924 1602 2978 ad
1617 2923 1759 2978 auxilium
1774 2924 1861 2980 bone-

1068 3029 1132 3066 rum
1149 3028 1341 3083 nuncqnoquc
1352 3017 1422 3067 stet.
1434 3013 1475 3067 Et
1489 3013 1564 3086 qaod
1572 3013 1721 3069 daemones
1729 3014 1761 3067 in
1771 3019 1862 3069 morte

1067 3102 1162 3173 rnaqis
1177 3101 1238 3154 sint
1253 3101 1379 3155 molesti.

1066 3191 1139 3246 Cum
1155 3190 1238 3243 lieret
1254 3189 1364 3243 bellum
1381 3194 1482 3244 contra
1497 3191 1627 3263 quinque
1652 3207 1752 3264 reges,
1778 3191 1823 3247 sol
1838 3194 1863 3244 et

1029 3281 1100 3336 luna
1111 3282 1254 3333 steterunt
1262 3278 1358 3336 tdosue
1367 3284 1405 3348 xl,
1419 3279 1496 3349 quia,
1506 3280 1575 3334 dum
1584 3296 1753 3352 pugnamus
1765 3282 1861 3335 contra

1030 3370 1160 3442 quinque
1172 3382 1292 3436 sensus,
1305 3383 1364 3421 non
1375 3369 1486 3422 deserit
1497 3386 1552 3424 nos
1561 3369 1750 3440 soljustitiae‚
1758 3369 1859 3441 quirit.

1029 3459 1109 3513 Ecce
1125 3473 1179 3528 eqo
1192 3456 1339 3510 vobiscum
1354 3474 1417 3511 sum
1431 3474 1520 3529 usque
1535 3459 1573 3513 ml
1587 3460 1860 3514 consummationem

1030 3545 1132 3602 sacculi
1143 3546 1263 3615 (illailla
1275 3552 1387 3615 xxvm).
1400 3546 1535 3617 Quinque
1544 3563 1633 3620 reges
1645 3547 1821 3620 confugiunt
1829 3545 1861 3598 ad

1029 3635 1202 3706 speluncam
1216 3636 1361 3705 eorporis,
1375 3636 1428 3690 sed
1444 3639 1592 3707 pugnante
1600 3637 1683 3706 lesu,
1695 3637 1724 3691 id
1736 3639 1861 3707 estprae-

1029 3726 1144 3778 dicante
1167 3723 1372 3795 Evangelium,
1394 3728 1421 3778 ct
1442 3725 1493 3778 llei
1514 3726 1605 3780 verbo
1625 3725 1813 3798 ingrediente
1833 3725 1861 3778 in

1028 3812 1860 3884 nobis,intraspeluncamcorporisomnesinterlrciuntur

1028 3903 1148 3974 pariter.

1064 3991 1214 4046 Abraham
1229 4007 1295 4045 cum
1311 3992 1499 4047 adscensum
1512 3992 1585 4047 solis
1598 3992 1780 4047 sacrillcium
1792 3989 1859 4046 oll'e·

1028 4084 1082 4150 ret,
1098 4081 1272 4135 insistentes
1289 4096 1360 4135 aves
1375 4081 1494 4151 pertulit
1511 4081 1594 4142 (Gen.
1610 4081 1677 4152 xvl3
1699 4082 1770 4152 quia
1786 4081 1860 4135 circu

1029 4172 1116 4225 finem
1131 4170 1199 4224 vitae
1214 4170 1292 4241 quod
1311 4171 1341 4224 in
1357 4186 1407 4224 ara
1423 4173 1522 4225 crucis
1537 4169 1701 4241 ollerimus,
1717 4169 1858 4225 immundi

1028 4259 1151 4329 spiritus
1171 4263 1314 4313 conantur
1333 4261 1430 4330 magis
1456 4261 1612 4314 maculare.
1638 4259 1773 4324 Quaene
1793 4258 1860 4313 illud

1027 4347 1858 4420 raperenljussusabigit,cumimmundiscogitationibus

1025 4438 1098 4492 illud
1113 4453 1171 4490 non
1183 4436 1253 4490 sinit
1264 4436 1369 4491 ioednri
1384 4438 1462 4508 quod
1470 4454 1554 4492 mons
1564 4438 1673 4492 utiliter
1681 4436 1792 4492 offerre
1802 4437 1859 4491 lico

1025 4542 1059 4582 sc
1075 4529 1164 4597 putat.

1025 4617 1087 4671 Τνν.
1096 4615 1190 4670 XXll.
1206 4615 1294 4680 Quam
1305 4631 1406 4687 aquam
1416 4617 1571 4688 sapientiae
1582 4616 1705 4671 auterre
1716 4622 1859 4673 conentur

1362 4705 1519 4761 daemones.

1061 4795 1169 4848 l‘uteos
1185 4810 1261 4864 quos
1278 4793 1427 4848 Abraham
1443 4795 1515 4849 fodit
1531 4795 1679 4867 allophyli
1695 4798 1857 4851 terroecon·

1024 4884 1106 4955 geria
1128 4883 1242 4952 replent
1257 4882 1340 4943 (Gen.
1357 4885 1456 4944 xxvii:
1473 4884 1541 4955 quia
1568 4885 1604 4938 iis
1626 4884 1677 4955 qui
1698 4885 1730 4938 in
1751 4885 1855 4939 divina

1022 4974 1183 5042 Scripturas
1198 4971 1306 5026 abditis
1322 4973 1465 5026 sensibus
1480 4973 1517 5026 ad
1545 4973 1602 5027 alta
1631 4977 1788 5043 penetrant
1804 4975 1854 5027 im-

1023 5062 1122 5116 mundi
1139 5062 1263 5131 spiritus
1283 5065 1417 5116 terrenas
1441 5063 1636 5134 cogitationes
1662 5064 1814 5135 ingerunt,
1830 5065 1855 5117 et

132 4945 203 5002 pere
217 4944 304 5001 quam
324 4928 456 4997 oporteat
476 4938 626 4978 conemur.

134 5020 196 5074 Τνν.
214 5017 305 5071 XVll.
325 5015 406 5080 Quod
427 5014 556 5068 avaritia
582 5010 657 5082 apud
672 5010 764 5063 ileum
790 5014 818 5062 ct
835 5013 967 5062 sanctam

310 5086 478 5141 Ecclesiam
493 5083 600 5137 nonsit
617 5081 785 5154 quaerenda.

168 5179 268 5235 Laba„
284 5178 313 5231 jn
329 5176 428 5231 surore
445 5175 608 5244 insequens
625 5170 727 5239 Jacob,
745 5170 796 5240 qui
810 5167 877 5239 ejus
890 5168 965 5221 ffljfls
1021 5153 1106 5223 quasi
1124 5153 1273 5205 inventum
1284 5151 1393 5205 dirime
1409 5152 1541 5206 scientim
1552 5167 1658 5222 aquam
1669 5152 1786 5210 tollunt.

134 5285 245 5327 uxores
256 5267 419 5336 acceperat,
432 5262 508 5333 apud
521 5277 589 5316 eum
603 5259 681 5313 idola
697 5273 751 5312 sua
762 5258 867 5328 quaerit
880 5255 963 5314 (Gen.
1038 5241 1100 5295 ΤΠ·
1124 5241 1232 5295 ΧΧῙῙῙ·
1249 5241 1294 5295 90
1313 5239 1437 5294 θΟΠΒῘῘῘΟ
1456 5241 1552 5295 ‘lilim
1567 5247 1596 5295 ⁰⁸
1612 5241 1690 5312 ΡθίῙθ
1710 5242 1837 5314 sidem·

132 5365 225 5429 xxxi),
234 5358 312 5429 quia,
323 5356 391 5409 dum
403 5352 530 5406 mundus
539 5350 569 5403 in
577 5347 719 5426 membris
728 5347 964 5416 suisinsequens
1058 5331 1229 5430 901'9819119
1241 5330 1558 5430 θθῦβῦῑῑξῐῦθὴθῖῑῗέῑῑῗ
1565 5335 1612 5384 0⁸¹
1623 5331 1858 5437 {apissnfiffitffll'

131 5450 293 5515 christum,
312 5445 364 5516 qui
378 5439 543 5497 Ecclesiam
558 5438 588 5490 in
599 5450 741 5505 sponsam
755 5433 965 5505 accepit‚apud
1019 5422 1150 5490 latronis,
1167 5435 1224 5520 ¹p⁸.¹
1240 5424 1393 5490 sapientiae
1404 5422 1587 5473 temeritatis.
1606 5420 1680 5474 litae
1695 5424 1853 5490 praesentis

131 5554 197 5597 oum
211 5527 510 5603 avaritiamquaesivjp
526 5528 601 5598 (qua,
613 5524 814 5579 estidolorum
826 5524 964 5585 servitus)
1018 5510 1128 5609 fluctus
1138 5509 1228 5563 tralnt
1242 5524 1330 5609 quem
1344 5508 1432 5563 levat.
1450 5508 1542 5563 Valde
1557 5512 1655 5564 autem
1670 5509 1797 5566 demens
1811 5512 1854 5567 est

130 5627 225 5698 Deum
239 5626 338 5702 ipsum
353 5622 389 5678 de
405 5617 527 5675 avaritia
549 5613 679 5673 tonavit.
696 5611 789 5684 Quam
803 5614 881 5689 apud
896 5628 964 5670 eum
1018 5600 1069 5678 qui
1083 5616 1114 5657 ru
1128 5599 1207 5656 unda
1220 5599 1348 5658 volvitur
1363 5599 1529 5677 etplanlam
1540 5598 1632 5678 figere
1648 5602 1784 5660 conatur.
