3796 6022
59 236 119 309 225

458 238 797 314 axcuarneutm
822 240 1022 316 raroauu
1044 243 1174 313 ureae
1195 238 1393 324 curares,

1728 252 1788 321 226

56 462 142 502 suam
166 450 397 519 temperamento
422 450 515 522 regali
539 466 672 520 praeesse
688 450 789 520 voluit,
806 452 894 505 simul
908 432 938 493 Α
954 450 1084 505 officium
1105 452 1250 518 exercuit,
1268 456 1299 506 ut
1322 457 1379 506 tam
1395 453 1507 508 ludaeis
1532 470 1620 524 quam
1644 456 1787 511 llomanis

57 537 199 590 arbitram
215 541 348 593 statuens
360 540 476 593 cuinam
487 541 675 609 potissimum
687 541 803 595 illorum
815 556 895 594 sum-

58 642 136 678 mum
153 627 353 681 sacerdotium
370 629 573 683 committeret.
584 629 634 682 lllu
650 629 810 684 llircanum
822 631 896 699 patri

57 715 84 767 in
100 715 271 769 sacerdotio
281 716 432 771 substituit
444 721 564 787 propter
574 718 703 772 senioris
715 719 810 772 aetatis
821 736 896 788 prar-

57 805 234 873 rogativam,
248 805 417 860 Aristobolo
433 806 515 859 fratri
531 806 603 859 nihil
619 806 806 876 publicorum
818 824 897 862 com·

56 892 178 945 mittans
195 893 372 948 ciliciorum.
389 893 460 947 Post
475 894 652 949 Alexandrea
669 900 791 950 mortem
811 898 896 950 Aris-

56 980 178 1034 tobolus
203 982 313 1036 invasit
337 997 472 1053 reguum,
490 987 518 1037 ct
543 983 659 1038 denium
682 985 829 1039 llircanus
846 1003 896 1039 sa-

56 1069 223 1123 cerdotium
244 1071 270 1124 ei
290 1070 410 1124 dimisit.
429 1071 535 1125 Postea
557 1088 628 1127 vcro
651 1073 728 1127 idem
749 1075 897 1128 llircanus

54 1158 204 1212 excitatus
223 1159 260 1212 ab
284 1160 446 1229 Antipatro,
465 1164 545 1230 patre
564 1162 701 1231 llerodis,
718 1163 845 1232 primam
861 1165 896 1217 ad

55 1247 175 1301 Arabiae
186 1263 290 1319 regem
303 1264 336 1303 se
349 1250 471 1303 eontulit
482 1250 551 1303 tacti
560 1253 718 1320 paenitere,
728 1268 762 1305 ac
780 1253 896 1306 demum

54 1334 198 1405 Pompeio
211 1337 411 1391 llomanerum
423 1337 501 1407 duci,
511 1339 562 1408 qui
573 1338 601 1392 in
613 1338 727 1410 Syriam
739 1340 897 1411 Tigranem

55 1439 159 1494 regem
169 1424 370 1479 debellaturus
379 1427 548 1495 advenerat,
557 1429 772 1498 que1i1noniam
783 1430 896 1484 detulit.

55 1510 116 1575 Qua
133 1514 295 1568 occasione
310 1515 387 1569 idem
405 1515 563 1586 Pompeias
580 1516 685 1570 consul
697 1518 898 1572 ltomanorum

56 1600 165 1654 urbem
187 1601 404 1672 lerosolymam
420 1606 611 1676 expugnavit,
629 1612 657 1660 et
681 1607 820 1676 templum
836 1607 898 1676 pol·

954 541 1159 610 complaceret.
1170 542 1276 596 Genuit
1287 545 1383 595 autem
1396 542 1487 595 filium
1500 543 1647 598 Herodem
1658 545 1787 614 nomine,

954 629 1004 699 qui
1021 632 1087 699 post
1111 634 1234 683 mortem
1252 632 1361 698 patris,
1377 634 1438 683 tum
1461 632 1564 685 nicrito
1587 633 1715 703 propriae
1730 634 1790 687 vir·

954 719 1034 784 tutis,
1052 721 1113 771 tum
1129 719 1214 771 ctiam
1236 720 1328 788 gratia
1350 724 1478 788 paternae
1495 721 1709 790 devotioniS,a
1730 723 1790 776 llo·

955 809 1049 860 innuis
1067 823 1205 860 coronam
1221 808 1343 877 accepit.
1355 809 1408 871 Qui
1427 825 1492 861 cum
1504 809 1676 879 irrepsisset
1688 815 1789 864 contra

952 894 1014 967 jus,
1032 900 1059 948 ct
1075 895 1120 948 las
1136 896 1267 948 tmtaicoe
1284 896 1381 965 gentis
1402 898 1431 949 in
1455 897 1596 951 honorem
1613 898 1786 968 indebitum,

955 987 1042 1055 ceoepit
1068 986 1096 1038 in
1119 985 1316 1038 sacerdotium
1339 985 1565 1054 indignissimos
1591 991 1619 1039 et
1640 986 1789 1058 ignobiles

955 1089 1090 1144 quosque
1113 1074 1312 1138 substituere,
1329 1089 1405 1143 cyrios
1428 1074 1453 1127 ci
1471 1074 1606 1128 voluutas
1629 1078 1678 1128 aut
1698 1091 1789 1129 casus

955 1161 1097 1216 dedisset.
1108 1163 1226 1215 Vestem
1236 1178 1353 1233 quoque
1363 1163 1470 1215 etrtmui
1479 1163 1626 1232 pontilicis
1638 1165 1789 1218 occlusam

956 1250 1012 1304 sub
1027 1266 1082 1304 suo
1098 1250 1216 1303 tenebat
1230 1250 1396 1321 signaculo,
1408 1266 1462 1304 nec
1478 1267 1606 1321 unquam
1617 1251 1684 1321 ejus
1700 1268 1789 1307 usum

955 1343 1167 1409 potestatemve
1183 1340 1318 1408 permisit
1332 1339 1523 1408 pontificibus
1535 1340 1582 1392 sui
1598 1341 1749 1410 temporis,
1760 1345 1789 1397 et

955 1431 986 1481 ut
1001 1443 1085 1481 suam
1101 1427 1235 1481 sobolem
1251 1427 1334 1498 regio
1345 1427 1516 1481 ludaeorum
1532 1429 1635 1498 generi
1653 1430 1790 1484 commis·

957 1523 1037 1569 caret
1051 1515 1166 1586 abjecta
1180 1531 1272 1570 uxore
1288 1516 1409 1584 Doside,
1422 1531 1510 1585 quam
1525 1516 1659 1584 privatus
1669 1531 1790 1586 accepa-

956 1607 1015 1672 rat,
1043 1603 1189 1674 copulavit
1222 1604 1278 1657 sibi
1316 1604 1486 1658 Mariannan
1518 1605 1599 1675 regis
1628 1605 1790 1660 Aristoboli
1882 1610 1887 1618 '

56 1689 699 1762 luit,etAristobolumpontitlcemvinetum
716 1695 898 1750 cumliberis
915 1692 940 1752 B
957 1693 1060 1761 liliam,
1090 1695 1118 1746 et
1148 1693 1268 1747 llircani
1297 1694 1404 1747 summi
1442 1693 1590 1763 pontilicis
1619 1694 1792 1750 iudaeorum

59 1777 185 1833 Romam
203 1780 293 1834 misit.
316 1780 445 1836 Hireano
461 1798 532 1836 vero
552 1782 753 1852 pontificatum
768 1782 896 1854 reliquit,

56 1872 84 1919 et
113 1872 312 1922 memoratum
340 1869 525 1939 Antipatrum
557 1875 779 1941 procuratorem
808 1873 898 1926 totius

57 1957 142 2028 regni
159 1957 323 2011 constituit.
346 1957 454 2029 Sicque
473 1958 615 2029 deinceps
631 1975 708 2031 gens
727 1961 897 2015 iudaeorum

57 2046 214 2099 tributaria
237 2046 368 2100 ltomauo
389 2047 465 2101 lacta
489 2050 536 2101 est
555 2049 689 2118 imperio,
707 2052 735 2102 et
751 2049 799 2114 ita,
821 2049 898 2104 sicut

57 2133 170 2187 dictum
191 2138 247 2203 est,
266 2134 414 2190 Hircanus
438 2139 467 2190 et
487 2137 678 2191 Aristobolus
699 2138 806 2193 tratres
822 2139 899 2193 inter

57 2237 89 2276 se
100 2222 280 2277 dimicantes
291 2225 375 2293 primi
388 2225 577 2279 occasionem
587 2227 742 2295 praebuere
754 2227 896 2283 Romanis

57 2315 87 2366 ut
102 2312 240 2366 iudaeam
255 2312 437 2367 invaderent.

166 2400 238 2455 Car.
250 2401 329 2455 Xlll.
350 2402 395 2456 De
406 2402 527 2458 Herode
543 2410 572 2457 et
587 2419 699 2476 genera
716 2405 789 2477 ejus.

92 2490 236 2545 Praedicti
260 2490 381 2545 Hircani
401 2493 550 2561 pontilicis
570 2497 702 2564 tempere
718 2495 837 2565 quidam
858 2495 898 2549 la-

60 2580 191 2634 trunculi
206 2579 243 2633 ab
264 2579 459 2650 ierosolymis
482 2584 601 2654 egressi
626 2584 704 2637 circa
720 2583 899 2639 Ascalonem

60 2669 900 2743 praedaaegerunt,ubiintercaeteroscaptivosAntipater

60 2760 182 2830 quidam
191 2758 313 2830 juvenis
328 2759 486 2832 quusdam
499 2761 625 2814 Herodis
641 2776 750 2831 genere
766 2762 897 2832 Idumaei,

60 2848 111 2920 qui
127 2849 159 2901 in
175 2848 325 2902 Ascalone
340 2849 439 2918 templi
455 2850 601 2919 Apollinis
618 2851 760 2905 sacerdos
775 2852 897 2922 exstitit,

957 1785 1083 1851 neptem.
1094 1781 1151 1835 Sed
1167 1781 1258 1853 hujus
1274 1782 1407 1836 mulieris
1423 1782 1550 1852 expetite
1566 1783 1792 1852 societas,sicut

957 1874 1024 1940 post
1040 1870 1246 1938 declarabitur,
1263 1870 1331 1941 ejus
1349 1870 1509 1940 potentiam
1524 1870 1623 1940 potius
1639 1871 1792 1926 inclinabit

956 1974 1043 2029 quam
1059 1959 1172 2027 extulit,
1189 1963 1217 2012 et
1232 1959 1405 2012 domesticis
1421 1956 1519 2012 affecit
1535 1958 1699 2014 doloribus.
1716 1959 1792 2014 Nam

956 2048 1024 2101 dura
1036 2047 1368 2117 sequiturnobilitatem‚
1378 2048 1479 2100 incidit
1487 2048 1517 2100 in
1528 2047 1789 2117 perturbationem,

955 2137 1042 2207 quasi
1057 2136 1163 2190 deuius
1180 2136 1298 2205 propria
1315 2151 1373 2189 non
1389 2135 1570 2189 conveniret.
1590 2136 1700 2190 Verum
1718 2152 1790 2191 unc-

955 2227 1033 2280 tione
1044 2224 1175 2295 legitima
1195 2225 1326 2278 dudaicae
1342 2226 1440 2296 gentis
1457 2227 1605 2293 cessante,
1620 2224 1792 2282 imminebat

955 2314 1119 2369 secuudum
1135 2330 1303 2369 sermonem
1317 2314 1523 2383 propheticum
1535 2314 1700 2383 expectatio
1714 2330 1790 2386 gen·

955 2407 1027 2462 tium
1042 2405 1275 2459 Dominunoster
1296 2403 1385 2456 lesus
1407 2402 1554 2471 Christus
1565 2403 1615 2474 qui
1630 2419 1720 2458 verus
1739 2420 1794 2460 rex

955 2500 984 2550 et
1008 2494 1150 2548 sacerdos
1180 2493 1215 2546 de
1238 2507 1343 2562 regum
1372 2494 1459 2562 atque
1488 2493 1659 2561 pontilicum
1681 2507 1795 2564 genere

957 2600 1076 2638 (earnem
1090 2598 1258 2650 assumens,
1269 2581 1350 2635 venit
1364 2581 1472 2635 mundo
1489 2582 1649 2635 salutarem
1664 2580 1793 2638 atterens

957 2674 1054 2741 tidem,
1079 2673 1108 2725 in
1131 2687 1188 2743 qua
1211 2670 1352 2742 populum
1377 2671 1517 2743 gentilem
1532 2674 1619 2741 atque
1636 2670 1792 2726 ludaicum

958 2760 1170 2817 sanctificando
1185 2761 1243 2814 sihi
1269 2762 1458 2814 connecteret
1473 2764 1501 2813 et
1516 2760 1621 2815 uniret.
1639 2761 1733 2815 Natus
1748 2763 1795 2816 est

959 2867 1012 2905 sua
1043 2850 1264 2904 ordinatissima
1299 2850 1506 2904 distributione
1535 2865 1612 2905 auno
1641 2849 1795 2905 memorati

61 2938 152 3006 tilius,
170 2937 387 3008 lerosolymam
399 2938 533 3008 captivus
545 2939 650 2993 ductus
666 2943 722 2993 est.
736 2939 791 2993 llic
802 2941 900 3012 itaque
918 2951 943 3013 c
959 2940 1040 3012 regis
1057 2939 1185 2994 Herodis
1202 2940 1353 2993 tricesimo
1364 2940 1469 3009 primo,
1495 2940 1544 3010 qui
1566 2943 1613 2993 est
1628 2939 1793 2994 secundum

62 3028 218 3098 Antipater
232 3027 262 3081 in
278 3027 365 3082 domo
382 3027 503 3082 llircaui
518 3029 629 3100 aliquot
644 3029 730 3083 aunis
751 3030 899 3103 servieus,

62 3117 210 3171 industria
235 3133 269 3170 aa
291 3117 437 3187 probitate
461 3119 634 3188 spectabilis
661 3119 756 3174 eidem
771 3120 901 3175 Hircano

62 3207 183 3261 domino
200 3222 256 3261 suo
271 3208 424 3278 gratiosus
439 3210 562 3277 exstitit,
579 3210 609 3262 in
624 3211 734 3263 tantum
749 3213 781 3264 ut
796 3211 823 3264 ei
837 3211 902 3265 uni·

61 3311 183 3351 versam
207 3296 327 3350 domum
347 3297 508 3368 regendam
529 3300 732 3353 committeret.
751 3298 904 3370 Antipater

61 3389 160 3440 autem
175 3385 306 3457 antiquae
320 3388 423 3458 gratiae
438 3388 903 3460 nonimmemorergaHircanum

61 3475 216 3548 benignus
247 3477 378 3547 exstitit,
401 3479 538 3549 mutaque
565 3478 708 3532 modestia
737 3477 904 3550 injunctum

959 3029 1105 3083 Hebraeos
1116 3029 1152 3082 ab
1167 3028 1270 3099 origne
1285 3029 1385 3081 mundi
1396 3044 1491 3082 annus
1503 3031 1606 3099 quater
1617 3027 1794 3083 millesimus

960 3118 1205 3190 nongentesimus
1224 3122 1252 3170 et
1274 3117 1541 3188 quinquagesimus
1559 3118 1682 3187 primus.
1702 3116 1794 3171 Porro

960 3208 1037 3262 sicut
1053 3208 1157 3262 heatus
1169 3206 1315 3260 Maximus
1327 3207 1356 3259 iu
1371 3221 1508 3261 sermone
1524 3206 1561 3260 de
1577 3205 1691 3259 Pascha
1704 3207 1795 3260 testa·

959 3300 1016 3366 tur,
1038 3301 1066 3350 et
1087 3295 1333 3367 quemadmodum
1349 3295 1445 3350 Graeci
1460 3295 1656 3350 calculatores
1674 3308 1795 3365 compa·

959 3389 1030 3455 tant,
1052 3390 1097 3441 est
1111 3385 1271 3458 quinquies
1292 3385 1467 3440 millesimus
1482 3384 1795 3458 quadringentesimus
1811 3432 1819 3446 .

960 3477 1114 3546 septimus.

687 4072 869 4151 LlBllll
924 4072 1186 4163 QUINTUS

63 4290 199 4357 Tractat
221 4294 260 4358 de
284 4292 394 4375 regnis
418 4294 528 4356 mundi
553 4313 571 4355 a
597 4303 739 4374 tempore
764 4312 827 4375 quo
849 4306 921 4374 post
945 4293 1100 4357 diluvium
1121 4303 1236 4356 exorta
1258 4303 1344 4370 suut,
1363 4313 1530 4384 usquequo
1553 4293 1583 4354 iu
1607 4302 1799 4374 potestatem

104 4378 327 4537 ffirgssgqrum
357 4373 571 4451 devenerunt,
601 4377 770 4435 continens
803 4375 908 4455 capita
939 4377 976 4435 21
1005 4374 1280 4436 adnotatiunculis
1313 4374 1431 4436 domiui
1463 4375 1596 4435 Thomas
1634 4376 1798 4454 Garzonii,

803 4644 1068 4654 ..nn———a--n

923 4850 948 4909 D
966 4841 1142 4911 Scytharum
1161 4841 1249 4912 longe
1265 4843 1409 4895 remotum
1424 4837 1491 4911 luit,
1510 4843 1537 4895 et
1553 4806 1679 4914 reguum
1694 4841 1800 4913 Sicyo·

966 4931 1081 4984 nicrum
1097 4932 1154 4984 cito
1171 4930 1287 4984 decidit.

279 4840 348 4896 Cae.
364 4838 387 4896 l.
408 4841 452 4896 De
467 4841 571 4914 regnis
586 4841 697 4896 errandi.

101 4963 192 5018 blodo
217 4964 345 5022 narrabo
360 4967 508 5037 quomode
529 4967 565 5021 ah
583 4967 666 5022 initio
687 4982 779 5038 regnu
806 4965 906 5020 muudi

66 5057 266 5108 cucurrerunt
281 5070 358 5126 uque
376 5055 413 5110 ad
428 5057 587 5110 adveutum
606 5055 727 5109 Christi.
744 5055 816 5109 Post
830 5054 907 5108 dilu-

66 5144 148 5198 vium
173 5147 301 5215 quatuor
324 5145 450 5215 primum
473 5145 503 5198 in
529 5145 657 5198 humano
673 5160 783 5215 gauere
813 5143 910 5198 cacel-
1003 5143 1177 5214 Scytharum
1194 5144 1284 5215 igitur
1299 5160 1373 5216 gens
1388 5145 1593 5215 antiquissima
1608 5146 1665 5201 sub
1684 5151 1802 5219 septen·

65 5232 158 5288 tentia
173 5248 266 5304 regua
283 5237 386 5288 exorta
405 5237 485 5289 sunt.
510 5233 686 5305 Scytharum
707 5234 743 5289 ab
758 5233 906 5306 aquilone,
969 5232 1062 5287 trione
1082 5233 1190 5304 posita,
1207 5249 1265 5288 non
1288 5234 1385 5288 minus
1408 5233 1534 5288 illustria
1553 5235 1698 5307 principia
1714 5252 1803 5308 quam

66 5322 117 5378 ubi
146 5321 266 5394 Tenue,
291 5323 488 5393 Assyriorum
515 5324 551 5377 ab
583 5325 706 5393 oriente,
729 5323 783 5377 ubi
807 5323 907 5379 Belus.
968 5323 1090 5393 imperia
1106 5323 1217 5391 habuit,
1235 5338 1290 5377 nee
1309 5323 1440 5379 virorum
1455 5324 1552 5397 magis
1572 5340 1660 5397 quam
1675 5324 1802 5380 femina·

66 5412 282 5486 AEgyptiorum
301 5428 318 5467 a
344 5412 478 5482 meridie,
494 5413 545 5468 ubi
560 5413 686 5468 Miueus.
704 5413 910 5484 Sicyoniorum
969 5430 1034 5467 rum
1049 5413 1208 5467 virtutibus
1225 5412 1338 5467 claruit.
1355 5413 1471 5484 Scythae
1487 5430 1540 5484 per
1558 5413 1684 5469 incultas
1698 5413 1803 5468 solitu·

66 5503 103 5557 ah
126 5502 293 5571 occidente,
320 5502 372 5557 ubi
397 5501 566 5576 AEgialeus,
583 5503 671 5576 primi
698 5505 908 5575 regnaverunt.
970 5501 1055 5556 diues
1071 5517 1171 5557 errare
1182 5501 1262 5557 soliti
1276 5517 1335 5557 nou
1343 5517 1447 5574 agrum
1460 5508 1610 5573 exercent,
1623 5503 1676 5557 sed
1690 5517 1802 5558 uxores

66 5592 125 5649 Sed
142 5592 179 5647 de
195 5606 291 5665 regno
306 5590 493 5664 Scytharum,
506 5593 581 5650 etde
596 5608 689 5666 reguo
705 5592 912 5666 Sicyoniorum
971 5594 1000 5648 et
1016 5592 1129 5647 liberos
1153 5607 1256 5648 secum
1277 5592 1307 5647 in
1329 5591 1471 5663 plaustris
1493 5591 1617 5660 vehunt,
1634 5589 1725 5645 coriis
1749 5592 1803 5646 im·

66 5697 135 5741 aare
160 5680 192 5740 in
213 5679 376 5758 seripturis
403 5681 546 5741 memoria
568 5682 614 5758 at,
632 5697 667 5743 eo
688 5683 766 5765 quod
785 5696 913 5759 reguum
971 5683 1054 5740 brem
1076 5686 1105 5741 et
1125 5682 1232 5743 hiemis
1251 5682 1440 5760 asperitatem
1453 5682 1821 5758 evitautasmrmentam

1133 5036 1203 5090 Car.
1218 5036 1252 5090 ll.
1274 5036 1318 5092 De
1333 5053 1426 5108 ragno
1440 5036 1629 5110 Scytharum.
