3796 6022
510 249 729 312 APPENDIX
751 248 810 309 ΑΙ)
832 245 1022 310 HUGONIS
1048 242 1190 309 OPERA
1212 242 1479 310 DOGMATICA.

131 249 192 310 ⁴19
1799 248 1858 313 4'0

129 449 503 521 spiritualisgaudii,quam
514 451 653 518 suscepto
664 451 848 502 sacramento
859 463 963 517 corpo·
978 436 1007 498 Α
1022 448 1062 513 xi,
1079 449 1107 500 et
1124 462 1129 500 :
1147 447 1312 519 Antequam
1333 447 1485 501 Abraham
1501 446 1588 501 deret
1605 464 1659 518 epo
1679 463 1742 502 sum
1757 449 1853 519 (deaii.

128 537 172 590 ris
183 540 211 591 et
227 537 383 608 sanguinis
394 535 503 590 Christi
515 535 622 588 munda
635 537 724 590 corda
735 535 875 604 sentiunt,
889 538 918 588 et
932 535 962 588 in
1021 534 1093 603 vui),
1110 538 1139 588 et
1155 551 1161 589 :
1179 534 1304 606 Diligite
1315 536 1452 590 inimicos
1470 541 1587 590 vestros
1601 536 1682 605 (Luc.
1700 537 1751 607 vr).
1771 538 1855 591 Velut

131 622 262 681 oratioue
277 641 467 695 nonunquam
482 625 657 695 percipiunt.
675 624 769 678 Habet
785 625 872 678 etiam
884 624 965 678 tubu-
1020 623 1172 678 mirabiles
1191 624 1335 678 elationes
1353 624 1454 693 uraris,
1471 625 1549 678 tluxa
1568 627 1596 678 et
1612 624 1688 678 salsa
1704 625 1794 679 corda
1818 628 1855 680 ti·

129 714 175 768 las
190 713 356 769 testamenti
371 713 437 784 lege
454 712 507 767 Dei
524 713 694 783 inscriptas,
713 713 781 784 quin
799 713 828 766 in
845 712 964 766 Christo
1020 715 1167 766 muerunt.
1197 712 1404 767 Subdiuconus
1420 712 1541 782 praefert
1565 712 1718 784 Evangelii
1743 718 1854 783 textum

130 818 216 875 quem
228 802 350 856 inuitari
367 801 534 871 suscipiunt
550 800 644 869 electi,
657 805 782 871 etoquo
795 801 965 870 suscipiuu-
1021 801 1165 869 clausum,
1182 801 1250 871 quiu
1270 801 1318 855 lex
1335 802 1502 855 testimonia
1517 800 1783 872 Christicontinet,
1800 803 1852 857 sed

130 893 186 961 tur,
204 890 342 962 quoniam
358 905 425 943 eum
437 893 609 960 susceptum
621 905 680 944 non
689 893 800 943 mutant
812 891 841 942 in
853 905 896 958 se,
910 888 964 943 sed

128 978 320 1034 mutanturin
349 979 446 1048 ipsum
474 979 661 1032 utsinteum
690 978 783 1048 capite
800 995 855 1033 suo
885 994 963 1031 unus

129 1065 285 1136 Christus3
317 1066 346 1120 in
375 1067 504 1135 Christo,
535 1067 664 1137 inquam,
689 1070 757 1121 sunt
780 1066 912 1121 thesauri
937 1068 965 1120 et

130 1156 264 1212 scientiae
280 1156 332 1209 Dei
345 1154 521 1209 absconditi.
533 1154 568 1208 Et
580 1155 685 1224 inipso
697 1171 814 1225 quoque
825 1155 964 1226 estvirga

101 1252 105 1259 ‘
130 1248 240 1315 Aaron,
266 1244 351 1314 virga
373 1243 567 1297 sacerdotalis
584 1243 722 1297 videlicet
737 1243 783 1297 vel
800 1242 890 1314 regiae
909 1258 963 1312 po·

128 1333 256 1387 testatis,
274 1335 381 1384 Aream
392 1347 465 1402 ergo
480 1331 533 1385 Dei
552 1335 654 1385 noster
668 1331 771 1399 David,
788 1333 890 1385 mortis
907 1331 962 1384 im-

128 1422 211 1492 perio
233 1421 317 1491 quasi
334 1418 421 1472 Saule
442 1419 603 1486 destructo,
625 1419 653 1473 id
678 1423 724 1473 est
739 1419 848 1474 diaboli
869 1435 962 1491 regno

1020 889 1076 942 sub
1091 889 1194 944 umbre
1212 889 1384 960 figurarum,
1402 890 1471 960 quia
1485 892 1642 960 antequam
1661 890 1766 962 Agnus
1782 906 1852 961 ape-

1018 978 1131 1032 ruisset
1145 979 1246 1050 sigilla
1267 983 1390 1049 septem,
1408 979 1542 1033 clausum
1563 983 1625 1032 erut
1640 979 1669 1032 iu
1684 979 1760 1034 libro
1777 979 1854 1051 legis

1019 1067 1169 1135 passionis
1186 1066 1253 1137 eius
1270 1071 1496 1121 sacramentum.
1510 1066 1705 1121 Thuribulum
1716 1067 1854 1123 haecom-

1019 1155 1067 1207 nia
1079 1157 1229 1224 praecedit,
1246 1157 1300 1209 sed
1316 1156 1412 1209 adhuc
1427 1171 1553 1209 vacuum
1563 1158 1590 1209 et
1603 1155 1754 1226 significat
1765 1158 1854 1211 corde

1019 1243 1054 1296 ad
1071 1243 1249 1298 audiendum
1264 1245 1388 1298 veebum
1403 1244 1519 1297 Domini
1535 1247 1645 1313 parate,
1663 1246 1691 1297 et
1706 1245 1853 1299 carbones

1018 1331 1102 1385 verbi
1114 1331 1230 1386 Domini
1246 1333 1281 1386 ed
1298 1331 1513 1386 incendendum
1530 1330 1677 1402 thymiana
1688 1334 1853 1388 orationum

1018 1422 1046 1473 et
1066 1419 1184 1474 laudum
1209 1421 1417 1475 desiderantia.
1440 1420 1472 1474 ln
1488 1420 1666 1490 quibusdam
1682 1423 1779 1475 temen
1795 1422 1853 1476 Ee-

128 1508 249 1563 dueitin
264 1509 422 1579 praesentis
440 1507 584 1562 Ecclesiae
601 1524 664 1562 suae
677 1508 853 1574 ierusalem,
864 1512 892 1562 ct
903 1509 963 1561 ool·
1019 1508 1121 1579 clesiis
1133 1509 1276 1564 sacerdos
1292 1510 1327 1562 ed
1344 1510 1434 1563 altore
1450 1509 1606 1572 accedens,
1627 1510 1853 1564 stutimthuriii-

129 1597 206 1652 locat
225 1598 255 1650 in
274 1597 465 1651 tabernaculo
481 1597 615 1651 cordium
635 1596 775 1666 fidelium,
798 1597 876 1667 quod
898 1596 962 1666 ipse
1019 1601 1074 1651 cut.
1099 1598 1173 1652 Nam
1196 1597 1347 1668 predictus
1368 1598 1505 1670 angelus,
1523 1597 1599 1651 sieut
1615 1598 1643 1651 in
1673 1598 1851 1669 Apocalypsi

127 1686 259 1741 tetendit.
273 1685 357 1740 Unde
374 1685 518 1739 Ecclesiae
536 1686 645 1739 chorus
669 1689 807 1756 tanquam
823 1686 961 1739 univorsa
1019 1685 1430 1758 legimuS,strtitjuntaaram
1441 1685 1853 1756 ternpli,tencusthuribulum

127 1774 281 1829 multitudo
298 1773 390 1828 iacob
407 1773 484 1827 canit
499 1774 640 1845 legitime,
658 1777 686 1828 et
702 1774 795 1828 David
807 1790 873 1827 cum
889 1791 960 1827 cun·
977 1746 1003 1806 Β
1019 1791 1139 1828 aureum
1155 1775 1257 1845 (Aper.
1275 1783 1338 1845 viu)
1350 1775 1378 1828 in
1391 1764 1553 1843 munusue,
1571 1774 1639 1828 dum
1651 1775 1680 1828 in
1691 1780 1852 1846 conspectu

127 1863 243 1918 toribus
260 1862 400 1916 citharam
416 1862 550 1932 percutit,
568 1879 634 1933 quae
646 1867 790 1916 resonata
803 1863 960 1933 superiori,
1019 1862 1164 1918 Ecclesiae
1181 1880 1214 1918 se
1231 1864 1359 1918 ostendit
1376 1863 1468 1918 Filius
1487 1863 1538 1916 Dei
1558 1862 1672 1918 habens
1690 1879 1800 1934 corpus
1817 1865 1852 1918 eb

127 1952 198 2006 dum
207 1952 346 2020 supernis
358 1951 516 2005 desideriis
528 1953 695 2005 canentium
707 1952 795 2005 corda
808 1951 962 2006 succendit

128 2043 157 2094 et
171 2039 275 2094 laudes
290 2040 351 2094 Deo
377 2041 464 2094 canit.
481 2039 629 2111 Quidquid
645 2040 723 2094 enim
745 2040 837 2094 lsrael
854 2041 916 2108 Dei,
935 2041 963 2094 id

128 2131 175 2184 est
198 2128 326 2199 populus
340 2129 528 2183 Christianus
544 2129 580 2182 ud
599 2129 714 2183 laudem
731 2129 784 2183 Dei
804 2129 891 2197 canit,
907 2130 964 2183 hoc

127 2221 321 2288 praecentore,
335 2217 391 2272 hoo
407 2218 551 2287 magistro
564 2217 651 2271 canit.
668 2217 713 2270 Ab
725 2218 781 2271 hoe
799 2218 963 2271 concitatus

123 2305 241 2377 jubilus
252 2306 351 2360 cordis
363 2308 392 2359 in
407 2321 498 2360 voces
510 2321 670 2375 corporeas
682 2305 825 2376 chorique
838 2322 962 2359 concen-

128 2398 190 2449 tum
206 2410 283 2448 nunc
300 2395 440 2465 graviter,
458 2410 535 2448 nunc
551 2397 636 2447 acute
652 2396 678 2446 ct
691 2395 809 2448 exiliter
823 2394 959 2462 erumpit,

129 2486 157 2537 et
172 2483 272 2553 magni
287 2482 422 2552 eorporis
440 2482 583 2536 Ecclesiae
599 2498 651 2551 per
666 2497 770 2535 omnes
787 2485 892 2552 gentes
904 2481 962 2534 dii-

127 2570 216 2635 fusse,
233 2572 302 2642 quia
318 2586 375 2623 una
400 2569 456 2625 sule
474 2573 603 2638 resonat,
621 2574 725 2623 cantus
751 2570 859 2639 pariter
874 2573 901 2623 el
917 2570 962 2622 in-

129 2659 219 2714 simul
230 2660 340 2730 ubique
351 2661 380 2712 et
395 2659 524 2729 undique
540 2658 694 2727 multiplex
710 2661 737 2711 et
754 2674 832 2711 unus
849 2658 963 2728 abipso

128 2750 260 2805 suaviter
281 2748 407 2802 auditur.
431 2747 525 2818 Igitur
539 2747 672 2800 ordinem
691 2746 802 2815 altaris,
829 2747 961 2800 ordinem

127 2855 245 2912 magnae
261 2841 289 2892 ct
304 2837 498 2891 interminatae
511 2835 634 2890 rationis
648 2835 709 2906 jem
721 2835 792 2889 libat
808 2835 963 2907 attingere,

128 2931 157 2983 et
172 2941 353 2996 eorumquae
369 2928 590 2995 praecesserunt
606 2924 635 2977 in
652 2925 756 2993 cupite,
772 2923 890 2978 Christo
907 2925 965 2978 sei-

127 3016 197 3072 licet
225 3030 379 3070 sacrorum
396 3013 539 3084 principe,
558 3013 587 3066 in
603 3013 809 3067 sacerdotibus
830 3014 966 3084 quisunt

129 3105 197 3178 ejus
214 3105 349 3175 eorporis
367 3102 507 3165 membra,
527 3101 718 3156 imitationem
733 3102 799 3172 ipso
816 3077 1006 3173 aperienteC

127 3194 176 3249 vel
191 3211 229 3249 ex
244 3198 327 3264 parte
339 3208 537 3263 cognoscere.

128 3300 198 3356 Car.
217 3297 296 3353 XIV.
314 3299 358 3353 De
373 3298 498 3378 introitu
509 3303 538 3352 et
546 3299 964 3369 processioneministrorum.

164 3405 323 3461 Sacerdote
343 3405 379 3457 ad
395 3404 485 3458 altare
508 3405 685 3475 ingressuro
702 3405 789 3458 debet
814 3408 871 3458 tota
887 3421 966 3473 prae-

129 3511 202 3551 sens
218 3493 353 3548 Ecclesia
368 3493 490 3547 dilatare
505 3493 631 3547 animem
648 3510 743 3561 suam,
769 3497 796 3546 ct
812 3494 965 3563 amplioris

128 3583 197 3639 ssdei
216 3583 284 3637 sinu
303 3582 476 3636 memoriam
491 3581 703 3635 incarnationis
719 3584 829 3649 tenere,
853 3585 881 3636 et
898 3598 967 3636 san·

131 3675 245 3728 ciorum
260 3670 311 3743 qui
327 3688 393 3726 enm
408 3671 445 3725 ab
462 3669 544 3725 initio
556 3669 655 3732 mundi
669 3674 926 3739 exspectaverunt,
939 3674 967 3724 et

130 3761 198 3835 ejus
218 3763 374 3816 adventum
396 3759 546 3829 suspiriis,
564 3758 701 3811 laudibus
717 3761 803 3828 atque
826 3759 966 3828 precibus

131 3852 316 3923 expetierunt
331 3865 444 3904 memor
460 3863 539 3916 csse,
553 3850 580 3901 et
597 3862 700 3900 eorum
720 3847 965 3916 contemplatione

130 3942 160 3996 in
184 3956 275 3995 voees
292 3953 445 4008 erumpere
463 3936 654 4006 praecinendo
678 3935 876 4005 Antiphonem
898 3953 965 4006 quae

130 4029 297 4084 dieiturAd
313 4028 477 4081 introitum.
495 4025 655 4079 Namsicut
672 4025 810 4078 lntroitus
826 4026 964 4079 sacerdo·

128 4118 178 4187 tie,
197 4118 368 4188 ingressum
379 4114 444 4168 Filii
462 4114 513 4167 Dei
529 4114 559 4167 in
572 4114 711 4168 mundum
725 4114 812 4183 laune,
823 4113 867 4167 sic
883 4115 964 4168 Anti-

129 4207 227 4277 phonu
238 4221 304 4275 quaa
314 4203 420 4258 dicitur
428 4203 477 4257 Ad
491 4204 656 4270 introitum,
672 4219 763 4256 voces
772 4206 799 4256 et
810 4207 964 4272 exspecta-

128 4294 239 4349 tionem
263 4292 383 4363 praciert
397 4292 629 4362 patriarcharum
645 4296 673 4346 ct
696 4292 912 4362 prophetarum.
932 4293 963 4346 ln

1019 1953 1099 2006 omni
1116 1952 1181 2006 lube
1192 1953 1386 2022 purissimum
1397 1968 1404 2019 ς
1417 1952 1494 2022 quod
1505 1952 1635 2021 implevit
1646 1952 1681 2006 de
1692 1952 1773 2023 igne,
1786 1954 1854 2023 quia

1019 2040 1213 2110 corporaliter
1228 2041 1257 2094 in
1268 2041 1275 2093 i
1280 2057 1335 2111 pso
1346 2039 1530 2111 septiformis
1546 2040 1674 2110 Spiritus
1684 2042 1780 2095 sancti
1791 2058 1855 2112 gra·

1017 2129 1057 2184 tiu
1073 2129 1228 2199 requievit.
1247 2129 1365 2183 Interim
1381 2130 1492 2183 chorus
1509 2131 1605 2182 cantat
1617 2129 1712 2201 hivae
1728 2131 1853 2193 eleisum·

1020 2218 1098 2288 quod
1111 2218 1289 2289 significavit
1305 2218 1485 2272 universalis
1501 2216 1645 2271 Ecclesiae
1656 2233 1773 2288 preces,
1787 2235 1853 2289 quae

1019 2311 1087 2361 sunt
1103 2307 1224 2360 incensu
1241 2322 1320 2372 veru,
1338 2307 1499 2376 dequibus
1516 2306 1624 2359 ibidem
1641 2306 1748 2361 dicilur
1761 2323 1766 2361 :
1781 2307 1854 2361 Data

1019 2401 1087 2449 sunt
1103 2394 1131 2448 ei
1142 2396 1263 2449 incensa
1278 2396 1378 2463 rrrnlte,
1398 2400 1427 2447 ut
1443 2395 1528 2447 daret
1541 2395 1578 2448 de
1589 2395 1854 2449 orationihnssau-

1025 2490 1137 2539 ctoruur
1152 2484 1277 2537 errrrrium
1286 2500 1377 2554 srrper
1392 2482 1488 2536 altare
1499 2499 1627 2545 aureum,
1643 2484 1718 2554 quod
1729 2491 1776 2538 est
1787 2491 1855 2538 erite

1022 2576 1158 2630 thronum
1175 2574 1285 2644 (illidi.
1305 2571 1440 2641 Aeolrthi
1458 2586 1554 2641 usque
1572 2571 1607 2624 ad
1627 2572 1724 2644 A'q'rie
1739 2572 1852 2627 eleison

1019 2664 1173 2719 luminaria
1197 2665 1297 2718 tenent
1326 2677 1331 2714 :
1362 2661 1430 2731 quia
1455 2661 1608 2728 doctoreS,
1634 2660 1849 2716 illuminatores

1021 2752 1175 2823 Ecclesiae,
1192 2751 1285 2805 verbo
1300 2751 1329 2803 et
1348 2748 1483 2818 exemplo
1500 2748 1598 2802 lumen
1621 2747 1759 2802 fidelibus
1781 2766 1855 2819 prae·

1019 2841 1090 2896 bere
1104 2842 1222 2909 debent,
1239 2838 1433 2910 quoadusque
1449 2837 1507 2907 ipsi
1523 2837 1617 2891 Deum
1639 2836 1772 2892 moribus
1790 2839 1854 2892 imi·

1020 2930 1076 2985 teri
1098 2930 1247 3001 incipiant,
1265 2931 1293 2982 et
1311 2926 1462 2980 Christum
1487 2941 1588 2979 veram
1612 2925 1709 2981 lucem
1734 2942 1852 2982 omnem

1021 3020 1147 3074 animam
1159 3018 1323 3073 illuminare
1336 3016 1528 3085 cognoscunt.

1181 3125 1250 3179 Car.
1263 3123 1327 3176 XV.
1345 3121 1388 3176 Dc
1405 3121 1513 3192 hymno
1527 3121 1684 3192 Argolico.

1055 3216 1195 3287 Sequitur
1213 3213 1314 3267 Gloria
1336 3211 1367 3264 in
1383 3209 1497 3264 eneleis
1512 3209 1573 3263 Deo
1588 3210 1670 3278 (Luc.
1694 3210 1736 3281 ιι),
1756 3227 1855 3266 sacer·

1019 3306 1087 3359 dote
1107 3304 1276 3373 incipiente,
1294 3303 1322 3354 et
1351 3298 1442 3353 choro
1467 3302 1676 3369 prosequente.
1694 3299 1749 3352 Hie
1779 3301 1856 3354 enim

1027 3395 1156 3466 hymnus
1166 3390 1375 3462 etangelorum
1384 3390 1430 3441 est
1445 3390 1472 3441 et
1483 3387 1643 3442 hominum.
1662 3387 1760 3443 Primo
1771 3404 1858 3461 ange·

1019 3480 1389 3553 lornmcongratulanlium
1405 3476 1483 3546 quod
1500 3479 1567 3529 nato
1586 3476 1709 3531 Domino
1726 3493 1855 3532 accensa

1016 3572 1079 3645 jum
1100 3575 1181 3626 esset
1206 3570 1325 3623 lucerna
1342 3566 1518 3633 clarissima,
1536 3580 1591 3634 per
1605 3582 1691 3635 quarn
1708 3566 1852 3636 perditam

1020 3661 1190 3715 drachmam
1214 3659 1368 3711 inventura
1383 3657 1464 3708 esset
1485 3654 1537 3708 Dei
1552 3655 1706 3724 sapientia.
1724 3655 1795 3709 lnde
1810 3658 1856 3710 est

1022 3750 1100 3822 quod
1114 3748 1174 3820 jam
1189 3743 1646 3818 praeoccupantesangelidicunt
1658 3759 1665 3799 ε
1677 3744 1717 3798 Et
1729 3745 1761 3798 in
1774 3751 1857 3798 terra

1015 3855 1078 3910 pax
1091 3836 1260 3892 horninibus
1275 3835 1359 3889 beura
1373 3832 1532 3886 voluntatis
1543 3831 1642 3903 (ibid),
1659 3848 1695 3887 eo
1710 3834 1790 3903 quod
1807 3850 1856 3902 pa·

1019 3944 1093 3995 ccm,
1111 3943 1199 3997 quem
1222 3940 1308 3978 nemo
1324 3922 1486 3990 hominum,
1502 3921 1551 3991 qui
1568 3923 1681 3975 suntin
1702 3921 1788 3990 eoelo,
1805 3922 1852 3975 vel

1018 4016 1069 4087 qui
1082 4014 1302 4085 superterram,
1315 4011 1362 4065 vel
1375 4011 1425 4081 qui
1437 4009 1544 4064 subtus
1555 4012 1673 4077 terram,
1691 4009 1791 4065 faeere
1801 4026 1852 4081 po·

1016 4108 1089 4160 terat
1109 4106 1186 4158 inter
1206 4104 1300 4156 Deum
1318 4105 1346 4154 et
1376 4099 1522 4168 horumce,
1548 4099 1596 4152 hie
1611 4098 1706 4153 iactor
1721 4100 1852 4154 omnium

1015 4178 1856 4263 Deuspropterhomineshomofactusjamiacturusesset

1016 4284 1113 4338 soluto
1134 4283 1244 4353 pariete
1268 4279 1495 4333 inimicitiarum.
1515 4277 1625 4331 Deinde
1640 4278 1784 4331 sacerdos
1799 4294 1849 4331 sa-

128 4382 400 4452 Processionequae
414 4380 591 4452 signilicatae
603 4381 646 4434 rei
660 4381 813 4450 aptissime
826 4381 963 4452 congruit
976 4395 1004 4456 Ι)
1018 4373 1157 4428 {ulatione
1166 4367 1399 4441 praemissadicit
1409 4367 1543 4434 OreuruS,
1555 4365 1605 4419 ubi
1614 4368 1762 4431 oraturus,
1772 4366 1848 4420 alios

131 4472 491 4543 praeceduntnammantes
504 4470 619 4523 cereiin
628 4469 963 4540 signumetmemoriem

130 4563 208 4633 quod
224 4577 278 4632 per
296 4561 455 4615 adventum
469 4558 579 4613 Chr-isli
600 4558 777 4612 sedentibus
792 4559 823 4611 in
838 4558 962 4629 regione

130 4651 242 4705 ululnae
257 4650 364 4703 nrortis
374 4647 426 4702 lux
436 4653 501 4702 orta
513 4653 558 4701 est
571 4646 616 4700 eis
626 4646 708 4714 (lsai.
721 4648 761 4715 ui,
775 4647 963 4700 Praeveniuut

129 4741 316 4795 sacerdotem
331 4737 458 4791 ministri
484 4737 553 4804 duc,
576 4750 633 4789 non
649 4734 758 4804 pariter
773 4750 868 4805 neque
884 4751 901 4788 a
923 4735 962 4788 la·

128 4832 191 4883 tere
207 4829 359 4881 incessum
375 4828 575 4895 coaequantes
593 4822 646 4876 sed
665 4827 731 4877 ante
748 4823 961 4879 subdiaconus

130 4917 301 4987 significant
316 4914 344 4967 hi
363 4914 421 4969 duo
439 4913 530 4967 Vetus
552 4917 580 4967 et
595 4911 711 4966 Novum
732 4913 961 4982 Testamentum,

130 5005 195 5060 sive
210 5003 364 5072 utriusque
379 5002 600 5071 praedicatores
618 5018 742 5071 quorum
758 5002 807 5056 lex
822 5003 903 5071 prior
918 5006 964 5056 est

129 5096 272 5162 tempore,
290 5091 430 5162 dignitate
446 5105 517 5144 vero
533 5090 898 5161 posterio1·.Evangelium
913 5107 964 5145 au-

109 5246 114 5257 ,
129 5183 189 5236 tem
198 5184 329 5250 tempore
340 5179 500 5249 posteriue,
518 5179 600 5248 prius
612 5182 659 5233 est
668 5179 823 5251 dignitate.
834 5180 884 5233 lsti
894 5183 964 5234 sunt

130 5269 189 5325 duo
208 5269 299 5339 pedes
324 5268 422 5340 angeli
436 5269 487 5339 qui
512 5267 666 5322 descendit
686 5267 721 5321 de
742 5268 817 5322 coelo
837 5269 962 5324 amictus

130 5359 219 5428 nube,
233 5358 364 5430 etposuit
378 5358 482 5428 pedem
493 5373 580 5411 suum
590 5357 824 5428 ‹lextrumsuper
834 5374 914 5414 mure
923 5359 964 5412 si·

130 5447 963 5519 nistrumautemsuperterramplpoc.x).llegulisautcm

129 5539 281 5599 moralitas
297 5534 484 5609 tranquillius
495 5533 593 5589 addita
604 5538 659 5591 est.
672 5535 881 5608 Evangelicam
891 5549 963 5590 vero

131 5627 312 5704 dignitatem,
322 5628 407 5684 utest
424 5623 508 5700 :qu
517 5629 546 5682 et
560 5622 656 5682 Pater
668 5624 959 5700 unumsumusidoaa.

1019 4462 1151 4515 hortatur
1180 4463 1210 4513 ut
1233 4474 1336 4513 seeum
1366 4458 1458 4509 orent.
1489 4455 1571 4507 Tune
1595 4454 1662 4526 ejus
1688 4471 1741 4526 pro
1765 4456 1854 4509 nobis

1019 4551 1145 4604 maxime
1157 4547 1320 4618 suscipitur
1335 4545 1439 4611 oratio,
1454 4542 1479 4596 si
1489 4542 1625 4595 uostruei
1638 4542 1784 4618 jungatur
1798 4543 1851 4597 dc·

1018 4640 1108 4693 vetio.
1126 4637 1244 4708 Alioqui
1260 4635 1336 4705 apud
1352 4636 1501 4687 terrenum
1511 4633 1596 4688 etiam
1611 4631 1743 4702 judicem
1752 4631 1854 4702 siquis

1018 4744 1072 4799 pro
1095 4742 1150 4781 suo
1164 4729 1248 4780 reatu
1272 4726 1485 4797 intercederet3
1509 4731 1539 4781 tu
1561 4739 1633 4779 vero
1648 4721 1852 4791 inpraesentia

1020 4816 1156 4888 eiusdem
1168 4814 1280 4886 judicis
1295 4815 1384 4885 nugis
1409 4819 1436 4868 et
1453 4816 1526 4869 risui
1550 4812 1739 4879 intenderes,
1755 4824 1854 4863 nonne

1019 4907 1093 4959 iram
1108 4904 1175 4975 ejus
1191 4903 1367 4957 incenderes
1385 4905 1522 4974 amplius,
1536 4906 1563 4958 et
1585 4898 1797 4955 intercessoris
1813 4898 1855 4951 tui

1019 5008 1125 5065 preces
1141 5009 1177 5047 ne
1193 4992 1245 5045 tibi
1263 4992 1425 5061 prodecent
1435 4977 1724 5060 efficerestOpertct
1735 5003 1809 5059 ergo
1824 4989 1855 5040 ut

1020 5083 1092 5137 etin
1102 5081 1196 5135 misso
1207 5081 1235 5134 et
1251 5081 1280 5134 in
1295 5082 1413 5135 caeteris
1430 5072 1549 5150 officiis,
1567 5095 1619 5135 cer
1634 5079 1768 5132 nostrum
1782 5075 1854 5147 jun-

1020 5186 1126 5244 gamus
1143 5187 1209 5224 cum
1225 5185 1298 5225 voce
1314 5170 1490 5224 sacerdotia.
1507 5168 1590 5233 Quod
1607 5170 1703 5221 autem
1715 5167 1854 5220 oraturus

1020 5260 1094 5315 alios
1110 5259 1147 5313 ad
1162 5259 1239 5314 idem
1250 5258 1386 5314 admonet
1401 5275 1417 5311 a
1434 5258 1552 5312 Christo
1568 5256 1656 5310 hebet
1669 5271 1676 5321 ς
1691 5253 1741 5326 qui
1751 5254 1779 5307 et
1790 5253 1853 5323 ipsc

1020 5351 1124 5417 oravit,
1141 5352 1169 5403 et
1180 5347 1344 5417 discipulos
1355 5363 1441 5401 orere
1457 5346 1587 5401 monuit:
1606 5343 1741 5418 Vigilate,
1761 5342 1855 5413 inquit

1020 5445 1050 5494 et
1078 5443 1164 5493 orate
1194 5437 1314 5505 (attauh,
1346 5444 1418 5506 ιιιιιι.
1451 5435 1623 5506 Respondet
1659 5432 1781 5486 chorus.
1813 5430 1853 5484 Et

1020 5545 1086 5584 eum
1100 5528 1211 5602 spiritu
1228 5533 1284 5597 tuo,
1306 5531 1337 5582 ut
1359 5526 1384 5581 ei
1400 5525 1488 5581 etiam
1504 5523 1611 5595 spiritu
1626 5536 1712 5578 omre
1728 5520 1854 5577 donetur

1019 5618 1185 5695 Siquidem
1204 5632 1255 5675 ore
1273 5621 1384 5674 tanturn
1407 5618 1470 5674 orat
1485 5614 1534 5690 qui
1549 5612 1762 5671 verbetentum
1783 5625 1853 5686 pro-
