3796 6022
109 285 169 351 tae

346 262 351 271 ’
379 324 389 333 .
492 290 711 355 arrnunrx
731 291 788 354 nn
810 290 1003 358 nncoms
1024 291 1169 360 ornae
1188 295 1453 368 nonnanes.

1786 309 1853 376 bill

117 487 246 545 siderate
269 505 343 562 ergo
366 493 395 545 et
416 490 515 547 videte
538 491 609 563 quid
632 492 740 548 facitis.
761 493 900 550 Christus
923 494 954 549 in
968 471 1001 537 Ᾰ
1034 497 1096 554 Tm.
1118 499 1165 554 bl.
1186 499 1232 555 De
1246 500 1358 573 duplici
1372 503 1445 576 oleo,
1463 506 1581 564 scilicet
1595 508 1653 566 Dei
1667 517 1697 565 ct
1712 512 1824 567 mundi.

116 578 212 635 oculis
228 579 339 634 vestris
349 580 548 653 crucifigitur,
566 584 594 637 et
609 597 665 636 vos
675 582 772 638 adlruo
782 583 914 656 gladium
924 584 954 639 in
1047 587 1124 643 Date
1139 589 1227 645 nobis
1241 589 1279 646 de
1292 591 1356 648 cleo
1368 601 1478 662 vestro,
1497 598 1631 670 quoniam
1642 600 1795 672 lampadas
1806 617 1853 656 nc·

117 669 225 742 vagina
249 668 380 738 habetis,
407 685 474 724 cum
495 672 592 725 tamen
616 672 770 727 multitudo
794 673 891 746 maior
904 690 955 729 vo-
1011 675 1750 756 strcec.xslingunntur(Mettlr.xxv).Habetclenm
1760 689 1849 760 Dens,

117 758 235 814 biscnm
259 758 298 813 sit
320 773 408 829 quarn
429 775 496 815 cum
516 759 585 815 illis.
606 759 681 825 Quid
696 776 751 816 vos
766 763 798 817 in
811 764 954 833 passione
1011 764 1100 822 babet
1121 768 1219 823 oleum
1236 772 1264 824 et
1281 772 1420 828 mundus.
1442 773 1488 829 bd
1502 775 1600 830 oleum
1617 775 1668 830 Dei
1684 793 1757 831 vasa
1774 779 1849 833 defr-

117 846 229 903 Cbristi
243 846 394 902 fecissetis
409 849 460 920 qui
473 849 561 904 modo
576 850 613 904 ad
633 851 856 921 percutiendum
875 852 954 925 pigri
1012 855 1101 925 ciunt,
1113 856 1212 912 oleum
1227 859 1328 915 mundi
1343 861 1373 916 in
1388 863 1471 917 vasis
1487 863 1594 918 delicit.
1605 864 1709 921 Oleum
1722 867 1772 921 Dei
1784 868 1849 922 dul-

118 936 214 992 estis?
236 935 313 991 Eece
337 935 476 992 Christus
500 938 530 992 in
549 939 647 994 oculis
665 941 776 995 vestris
796 941 951 997 occiditur.
1011 943 1085 999 cedo
1101 948 1293 1018 aeternorum,
1311 949 1409 1005 oleum
1423 952 1526 1006 mundi
1540 952 1696 1008 delectatio
1712 972 1849 1025 praesen·

117 1023 197 1091 Quid·
215 1026 296 1080 enim
314 1028 362 1080 est
379 1024 581 1098 Christianus,
607 1028 666 1083 nisi
688 1045 798 1101 corpus
822 1029 954 1086 Christi?
1010 1032 1092 1088 tium.
1110 1034 1160 1089 llla
1176 1036 1297 1108 sufficit,
1315 1038 1371 1093 ista
1388 1039 1497 1096 delicit.
1514 1041 1673 1113 Propterea
1688 1061 1761 1099 vasa
1778 1047 1849 1100 stul-

118 1114 185 1186 lpse
195 1114 304 1186 quippe
310 1114 398 1170 dixit:
412 1114 495 1180 Quod
504 1117 554 1171 uni
562 1118 952 1188 exminimismeisfecistis,
1011 1123 1262 1197 tarumvirginum
1268 1143 1361 1182 vacua
1372 1128 1502 1200 fuerunt,
1515 1132 1694 1188 vasaviduae
1705 1134 1848 1204 sapientis

116 1203 192 1259 milri
204 1202 325 1259 fecistis
333 1204 453 1272 (Metili.
466 1205 548 1277 xxv).
561 1205 641 1280 Ergo
647 1208 677 1262 in
687 1208 856 1265 Christiano
866 1208 954 1265 Chri·
1010 1212 1282 1287 plena(11leg.1v);
1298 1233 1371 1272 vasa
1387 1219 1476 1273 cerda
1487 1222 1566 1288 sunt,
1581 1221 1680 1276 oleum
1693 1224 1846 1294 gaudium.

117 1294 184 1348 stus
198 1292 353 1358 occiditur,
370 1293 443 1348 etin
457 1294 626 1351 Christiano
637 1295 775 1353 Christus
785 1298 953 1355 tribulatur.
1046 1301 1108 1357 Tm.
1125 1302 1187 1358 Lll.
1208 1304 1253 1359 Do
1267 1303 1402 1362 falsitate
1421 1309 1633 1365 consolationis
1647 1312 1812 1368 mundanas.

115 1380 192 1448 Quid
216 1396 289 1455 ergo
311 1381 430 1437 facitis?
451 1382 527 1449 Quid
548 1384 641 1457 pigri,
660 1387 731 1458 quid
746 1387 840 1442 timidi
854 1389 958 1445 estis?
1052 1389 1100 1446 Vae
1112 1392 1205 1459 vobis,
1219 1393 1341 1459 divites,
1360 1397 1409 1468 qui
1419 1397 1539 1453 bebetis
1550 1415 1625 1454 nuno
1632 1401 1849 1458 consolationes

117 1470 204 1527 Forte
219 1472 288 1543 quia
301 1487 361 1528 non
377 1472 462 1527 statis
479 1474 556 1529 sieut
576 1473 722 1546 Phineas,
745 1477 856 1533 idcirco
880 1479 954 1534 iram
1013 1481 1150 1535 vestras!
1162 1481 1244 1551 (Luc.
1257 1484 1309 1551 vr.)
1322 1484 1427 1539 Anima
1437 1486 1590 1543 rationalis
1602 1489 1708 1545 sivcre
1718 1497 1846 1562 saperet,

115 1560 235 1632 placare
249 1575 309 1617 ncn
322 1561 459 1633 potestis,
473 1567 503 1616 nt
513 1570 613 1620 cesset
624 1566 775 1638 quassatio
783 1566 880 1638 (Psal.
893 1568 951 1639 cv).
1010 1569 1082 1623 nibil
1102 1573 1221 1641 saperet
1233 1575 1343 1643 praeter
1356 1589 1460 1629 verum
1476 1576 1597 1633 bonum.
1619 1579 1685 1634 Non
1706 1581 1786 1635 enim
1801 1585 1847 1636 est

116 1648 205 1705 Forte
221 1650 292 1722 qnia
305 1650 502 1706 discubuistis
512 1652 549 1706 ad
564 1652 639 1710 ollas
655 1652 818 1712 Pharaonis
833 1659 863 1713 et
876 1660 955 1733 sagi·
1008 1657 1120 1713 bonum
1134 1658 1201 1730 ejus
1217 1660 1297 1716 aliud
1311 1678 1399 1734 qnam
1414 1679 1519 1720 verum
1533 1666 1653 1722 bonnm.
1676 1667 1742 1723 Hoc
1757 1669 1847 1742 igitur

115 1753 184 1794 nam
199 1730 334 1812 diligitis,
349 1739 469 1812 pigrum
478 1741 566 1797 vobis
580 1745 627 1798 est
636 1759 763 1814 surgere
777 1747 814 1801 ad
828 1746 950 1804 bellum.
991 1766 994 1771 ·
1010 1746 1108 1802 solum
1130 1753 1190 1818 est,
1216 1750 1248 1804 in
1268 1766 1327 1822 quo
1341 1753 1473 1824 gaudere
1488 1755 1610 1811 deberet
1624 1756 1654 1812 in
1669 1757 1847 1813 abundantia

20 1869 22 1874 -
118 1827 205 1885 rorte
220 1828 289 1901 quia
303 1829 401 1885 lanam
414 1830 539 1904 diligitis
554 1832 651 1902 etlac,
668 1849 728 1889 non
743 1849 825 1905 oves,
838 1837 950 1894 idcirco
1009 1851 1078 1905 sua,
1103 1840 1132 1892 et
1153 1837 1184 1891 in
1207 1854 1267 1909 quc
1287 1840 1437 1896 consolari
1451 1841 1573 1899 deberet
1586 1845 1617 1899 in
1631 1850 1765 1918 egestate
1781 1864 1844 1902 sua.

115 1916 222 1988 pacitis
236 1918 447 1990 vosmetipsos,
464 1934 524 1975 non
538 1936 627 1992 oves,
650 1926 679 1976 et
693 1923 798 1996 fugitis
813 1925 950 1982 veniente
1009 1924 1045 1980 Fa
1059 1926 1161 1998 utique
1176 1927 1241 1983 sive
1256 1928 1411 1986 abundans
1423 1932 1488 1987 sive
1503 1948 1596 2004 egens
1613 1935 1689 1990 bene
1704 1935 1754 1991 illo
1770 1953 1843 2009 gau-

113 2004 200 2077 lupo,
223 2007 292 2079 quia
315 2008 352 2063 de
376 2008 483 2064 ovibus
504 2025 563 2065 non
586 2011 707 2066 curatis.
727 2012 837 2069 Saltem
857 2016 884 2071 si
904 2016 950 2071 lac
1008 2014 1091 2070 deret
1106 2019 1134 2071 et
1144 2016 1220 2073 bene
1230 2018 1444 2090 consolaretur,
1461 2021 1488 2076 si
1504 2022 1584 2078 iltius
1599 2039 1694 2096 neque
1711 2024 1741 2080 in
1757 2026 1845 2081 abun·

56 2100 61 2108 ’
115 2094 215 2151 ovium
223 2097 771 2168 comeditis,earnescomederenolits.
782 2102 813 2158 Si
822 2103 951 2160 fructum
1008 2103 1116 2174 dantia,
1128 2120 1225 2177 neque
1234 2106 1406 2179 inegestate
1417 2114 1581 2182 egestatem
1589 2116 1749 2183 pateretur.
1759 2116 1844 2171 Nunc

114 2199 169 2258 pro
184 2185 319 2241 custodia
334 2184 434 2243 ovium
450 2188 597 2259 quaeritis,
620 2191 702 2260 ipsas
716 2191 802 2247 vivas
821 2196 949 2250 servate.
1008 2196 1104 2249 autem
1113 2194 1239 2264 primurn
1248 2196 1430 2269 malumejus
1441 2196 1612 2271 factumest,
1624 2202 1717 2258 utillo
1728 2205 1845 2260 sublato

114 2275 217 2331 Bonus
228 2278 330 2346 pastm
344 2278 433 2332 etiam
443 2292 562 2333 carnem
573 2293 657 2334 suam
668 2280 776 2336 ovibus
786 2282 852 2338 suis
863 2283 952 2339 eden·
1009 2286 1172 2354 egestatem
1182 2283 1262 2339 illius
1271 2285 1405 2358 patiatur,
1418 2291 1449 2342 ut
1458 2287 1528 2344 illud
1538 2290 1728 2359 nonbabeat3
1741 2293 1845 2348 deinde

115 2365 182 2421 dam
205 2364 298 2436 dedit,
324 2370 355 2421 ut
378 2381 430 2422 eas
453 2368 604 2440 reticeret,
630 2369 685 2424 sed
703 2385 759 2425 vos
779 2373 951 2427 nouaclum
1009 2371 1173 2427 secundum
1188 2373 1296 2428 malum
1312 2377 1457 2448 accessit,
1474 2379 1550 2432 utin
1565 2379 1623 2435 alio
1639 2380 1718 2436 bono
1735 2397 1845 2437 conso-

115 2457 291 2514 mercenerii
304 2462 442 2530 pastores
457 2459 584 2530 pretium
594 2475 647 2529 pro
659 2459 794 2515 custodia
805 2461 950 2533 quaeritis,
1008 2460 1094 2530 latur,
1111 2461 1228 2516 utillud
1243 2478 1302 2518 non
1322 2465 1462 2537 requirat.
1488 2467 1606 2524 Perdite
1629 2485 1702 2544 ergo
1717 2486 1754 2527 eo
1770 2473 1846 2543 quod

114 2549 169 2605 sed
184 2549 267 2621 ipsas
282 2548 369 2604 etiam
384 2563 457 2604 oves
470 2547 611 2619 lupifacti
622 2548 658 2603 ad
668 2552 799 2604 vestram
813 2550 950 2606 refectio·
1009 2548 1088 2604 intus
1104 2553 1167 2605 erat
1180 2551 1270 2621 bono,
1286 2568 1411 2626 egressa
1423 2558 1469 2611 cet
1479 2557 1576 2613 anima
1587 2559 1623 2613 ad
1640 2575 1674 2614 ea
1689 2576 1758 2632 quae
1773 2560 1845 2616 foris

114 2638 373 2697 nemnecatis.Vae
379 2637 551 2710 pastoribus
560 2638 646 2695 melis
655 2638 706 2711 qui
712 2643 839 2710 pascunt
848 2643 953 2695 semet-
1009 2643 1091 2694 erant
1105 2639 1183 2695 bona
1197 2641 1307 2712 aliena,
1331 2646 1360 2699 et
1373 2648 1491 2715 pactum
1506 2646 1576 2701 fecit
1592 2663 1659 2703 cum
1673 2649 1846 2705 delectatio-

114 2736 209 2808 ipsos‚
222 2747 281 2788 non
296 2729 384 2787 ovcsl
400 2732 430 2785 et
439 2729 551 2785 utinam
566 2727 663 2785 solum
673 2744 733 2783 non
743 2731 911 2800 pascerent,
924 2730 952 2784 si
1009 2728 1098 2783 nibus
1113 2729 1233 2800 enculi3
1249 2735 1278 2786 et
1292 2748 1433 2805 regressa
1444 2735 1559 2790 induxit
1573 2750 1625 2792 eas
1640 2738 1677 2791 ad
1692 2754 1726 2794 se
1742 2743 1774 2794 ut
1788 2740 1845 2794 for·

114 2844 174 2885 non
197 2827 285 2884 etiam
307 2821 553 2897 depascerentur!
575 2822 662 2878 Nunc
681 2824 779 2878 autern
794 2821 824 2877 et
838 2835 950 2876 merce·
1008 2817 1157 2874 nicaretur
1167 2835 1234 2875 cum
1248 2822 1293 2877 eis
1309 2823 1388 2878 intus
1399 2823 1429 2879 in
1440 2825 1616 2882 abscondito
1632 2828 1732 2883 cordis
1749 2828 1806 2898 sui,
1819 2834 1846 2884 et

114 2917 190 2976 narii
205 2917 337 2991 fugiunt,
354 2920 383 2973 et
398 2916 459 2988 lupi
479 2916 627 2972 occidunt.
644 2912 820 2989 Mercenarii
834 2910 954 2984 fugiunt
1008 2909 1211 2980 requiesceret
1226 2927 1317 2983 super
1332 2927 1400 2984 eas,
1421 2917 1450 2968 et
1464 2914 1670 2971 consolaretur
1684 2917 1715 2971 in
1730 2918 1790 2988 eis,
1819 2923 1846 2974 et

114 3006 214 3080 (dean.
230 3008 283 3081 x),
303 3023 363 3064 non
383 3006 521 3063 mutando
536 3005 649 3074 locum,
675 3004 729 3061 sed
749 3002 951 3060 subtrahendo
1010 3013 1069 3053 non
1082 2998 1246 3069 respiceret
1260 3001 1425 3057 absentiam
1439 3002 1511 3059 boni
1527 3005 1589 3076 sni,
1606 3021 1642 3061 eo
1657 3007 1737 3077 quod
1752 3008 1846 3064 abun-

114 3096 268 3154 auxilium.
285 3098 360 3170 Lupi
376 3098 524 3170 occidunt,
544 3097 612 3170 quis
628 3099 657 3153 et
674 3095 810 3152 visibiles
827 3112 951 3168 corpora
968 3100 995 3166 c
1010 3094 1137 3151 dantium
1161 3112 1245 3152 suam
1267 3101 1402 3153 cerneret
1421 3098 1698 3154 etconsclationem
1714 3099 1847 3155 inbonis

117 3186 227 3243 laniant
241 3190 271 3244 et
284 3187 453 3244 invisibiles
468 3186 581 3243 animas
593 3189 709 3243 necent.
725 3185 756 3242 Si
772 3191 951 3259 ergopasto·
1009 3184 1125 3242 alienis.
1135 3186 1221 3241 Nunc
1236 3187 1328 3260 igitur
1342 3187 1439 3242 anima
1450 3187 1582 3242 desolata
1597 3203 1613 3241 a
1628 3188 1783 3259 bonusne,
1794 3189 1845 3244 dc-

114 3292 168 3333 res
182 3277 266 3348 estis,
281 3278 407 3351 vigilate
422 3292 513 3349 super
528 3292 651 3349 gregem
671 3279 803 3332 vestrum
819 3275 891 3347 (Luc
907 3275 948 3348 u);

114 3382 170 3423 nec
185 3382 258 3424 oves
269 3366 381 3424 Christi
396 3367 499 3422 laniari
509 3365 684 3438 permittatis
696 3367 726 3422 in
736 3364 873 3422 manibus
881 3378 950 3421 ves·

113 3456 179 3524 tris.
195 3454 405 3514 Ascendite'ex
419 3455 557 3525 adverso,
574 3458 604 3512 et
618 3455 683 3512 date
698 3471 754 3511 vos
769 3471 884 3511 murum
895 3471 949 3526 pro

114 3544 202 3602 domo
210 3545 337 3615 Domini,
354 3549 383 3601 et
398 3545 483 3619 quasi
495 3544 566 3603 boni
581 3561 671 3601 canes
681 3544 784 3601 latrate
795 3545 874 3601 circa
885 3562 952 3601 can·

113 3635 159 3691 las
170 3635 315 3693 Ecclesiae
326 3635 452 3691 vocibus
463 3634 659 3705 confidentiae,
673 3638 706 3690 ut
719 3634 848 3704 timeant,
858 3638 950 3692 ctvos

113 3741 168 3799 pro
182 3725 260 3784 bona
276 3724 411 3784 custodie
425 3724 579 3795 praemium
593 3725 729 3796 accipere
744 3724 925 3780 mereamini.

300 3812 362 3868 Tm.
383 3813 417 3869 1..
438 3813 483 3870 De
499 3814 598 3869 tribus
612 3811 761 3869 crucibus

149 3904 229 3960 Milri
243 3907 339 3958 autem
354 3901 434 3959 absit
447 3903 584 3976 gloriari,
604 3903 666 3958 nisi
679 3903 711 3957 in
728 3919 817 3960 cruce
830 3901 950 3959 Domini

114 3990 429 4048 nostriddsuClrristi!
436 3989 515 4057 (Gal.
525 3991 948 4064 vr.)lncruceChristigloria-

66 4092 70 4097 ·
112 4080 154 4136 tio
164 4082 225 4151 est3
241 4080 272 4136 in
283 4096 372 4136 cruce
382 4080 478 4137 dextri
486 4080 620 4150 latronis,
632 4080 810 4149 consolati03
823 4081 948 4137 incrnce

114 4168 229 4226 sinistri
242 4170 382 4242 latronis,
400 4171 551 4239 confusio;
575 4171 606 4226 in
621 4177 709 4226 cruce
724 4169 845 4240 Christi,
861 4187 948 4242 poena

114 4260 180 4315 sine
205 4260 308 4332 culpa,
330 4264 359 4316 at
381 4263 449 4332 post
467 4275 585 4332 poenam
601 4260 795 4334 glorificatio,
814 4261 843 4315 in
859 4275 948 4315 cruce
968 4252 972 4259 '

113 4348 211 4404 dextri
233 4349 372 4422 latronis,
396 4366 483 4421 poena
508 4366 562 4422 pro
583 4350 683 4421 culpa,
708 4351 737 4405 et
751 4353 818 4420 post
831 4364 948 4421 paenam

1010 3276 1185 3332 solationem
1209 3292 1293 3332 snam
1318 3293 1377 3333 non
1399 3279 1549 3351 agnoscit,
1579 3278 1719 3350 quoniam
1744 3294 1846 3335 secum

1008 3365 1099 3421 habet
1128 3366 1297 3421 societatem
1333 3368 1457 3422 alienam
1494 3367 1722 3423 delectationum
1753 3366 1844 3441 hujus

1010 3453 1111 3510 mundi
1125 3451 1354 3528 ingredientium
1369 3455 1406 3511 ad
1420 3457 1515 3527 ipsam
1535 3473 1588 3528 per
1608 3472 1719 3513 sensus
1745 3459 1843 3514 carnis

1011 3543 1116 3615 ipsius,
1133 3544 1181 3599 vel
1197 3560 1263 3599 cum
1278 3545 1343 3616 ipsa
1360 3545 1512 3618 egreditur
1526 3547 1561 3600 ad
1577 3546 1654 3601 illas.
1666 3545 1739 3601 Cum
1751 3551 1846 3603 autem

1010 3632 1105 3688 claudi
1131 3634 1273 3704 casparini
1296 3637 1389 3705 portae
1414 3634 1479 3691 istae
1499 3650 1642 3691 sensuum
1666 3636 1842 3706 carnalium,

1009 3737 1069 3777 non
1092 3721 1203 3792 patebit
1230 3723 1371 3795 deinceps
1397 3723 1445 3778 via
1467 3724 1640 3781 transeundi
1662 3725 1842 3794 adinvicem3

1009 3814 1038 3867 et
1051 3815 1122 3867 tunc
1136 3811 1322 3883 separabitur
1338 3816 1466 3869 socratas
1481 3815 1630 3884 vanitatis,
1642 3817 1671 3870 et
1685 3815 1741 3871 erit
1757 3833 1842 3871 mnn-

1008 3899 1065 3956 dus
1075 3901 1151 3956 foris
1166 3901 1325 3971 exclusus,
1348 3918 1384 3958 ne
1400 3902 1592 3977 ingrediatur,
1610 3908 1639 3960 at
1653 3905 1749 3961 anima
1765 3906 1843 3962 intus

1007 3989 1132 4060 inclusa,
1150 4006 1186 4046 ne
1200 3991 1378 4063 egrediatur.
1395 3991 1431 4047 nt
1450 3993 1549 4048 veniet
1567 3993 1663 4048 anima
1685 3996 1721 4050 ad
1743 3998 1842 4066 portas

1008 4079 1161 4135 oculorum
1172 4083 1200 4134 ct
1211 4080 1329 4136 clausas
1340 4081 1479 4150 inveniet,
1496 4084 1595 4138 utnon
1606 4083 1778 4155 egrediatur
1792 4099 1843 4155 per

1006 4169 1115 4236 visum,
1133 4173 1161 4223 et
1176 4169 1334 4225 declinabit
1349 4171 1384 4225 ad
1402 4175 1503 4241 pertas
1529 4172 1661 4241 aurium,
1680 4173 1841 4229 obstrusas

1007 4257 1147 4326 inveniet,
1155 4258 1574 4331 necgrediaturperauditum,
1587 4261 1843 4318 deindedilfun'del

1008 4361 1041 4401 se
1052 4362 1105 4418 per
1113 4347 1210 4402 aditus
1222 4363 1365 4403 sensnum
1375 4350 1567 4422 reliquorum,
1578 4354 1606 4407 et
1614 4367 1673 4405 non
1684 4352 1741 4406 erit
1751 4355 1843 4406 trans·

113 4438 269 4511 remissio;
284 4440 314 4495 in
330 4454 419 4495 cruce
429 4440 544 4495 sinistri
551 4438 686 4508 latronis,
695 4454 782 4509 poena
790 4453 843 4510 pro
851 4437 946 4510 culpa,
963 4416 992 4481 D
1007 4434 1066 4490 itus
1080 4435 1170 4504 ullae,
1187 4438 1326 4508 quoniam
1341 4439 1482 4510 repagula
1499 4440 1602 4495 mortis
1617 4442 1779 4511 perpetuae,
1795 4441 1842 4495 in-

114 4528 143 4583 at
158 4531 226 4600 post
239 4544 356 4600 paenam
370 4528 528 4585 damnatio.
546 4526 653 4583 Dicunt
668 4527 814 4598 homines,
829 4527 947 4600 qnando

1007 4524 1130 4579 flexibili
1138 4525 1238 4598 rigore
1247 4527 1275 4580 et
1283 4526 1484 4582 immobilibus
1494 4526 1685 4584 seris'valvas
1698 4544 1842 4586 sensuum

113 4632 232 4691 paenam
245 4618 410 4675 sustinent:
431 4616 462 4672 Si
478 4616 695 4672 meruissemus
711 4631 770 4671 non
785 4616 947 4672 erubesce·
1006 4613 1103 4669 aditus
1115 4614 1284 4670 commercii
1294 4615 1405 4687 antiqui
1415 4616 1480 4672 sine
1492 4618 1549 4672 fine
1557 4616 1749 4674 concludens.
1759 4618 1841 4674 Tunc

114 4721 231 4778 remus;
245 4724 324 4764 nnnc
339 4709 437 4763 autem
452 4705 563 4778 injuste
577 4702 635 4776 pati
648 4706 676 4760 ct
687 4704 752 4759 sine
763 4704 848 4776 culpa
863 4705 948 4778 igno·
1006 4702 1220 4758 animamisera
1229 4703 1406 4760 inhoctristi
1417 4705 1543 4761 dissidio
1555 4702 1689 4763 solamse
1701 4706 1840 4777 inveniet,

113 4795 274 4853 miniosum
288 4795 376 4853 nobis
392 4797 448 4850 est.
464 4794 549 4850 Oculi
563 4794 613 4866 qui
629 4809 688 4849 non
710 4793 827 4863 vident,
847 4794 905 4849 imo
921 4794 948 4848 si
1006 4794 1035 4847 et
1055 4794 1233 4847 convertens
1256 4809 1290 4848 se
1309 4794 1462 4864 requirere
1481 4796 1602 4866 incipiet
1622 4796 1737 4852 socium
1760 4796 1842 4852 illum

112 4884 265 4956 pro‘culpe
274 4883 590 4956 paterisernbesceret
606 4884 633 4938 si
650 4880 714 4938 sine
727 4881 811 4953 culpa
825 4881 947 4953 pateris,
1006 4880 1057 4952 qui
1071 4881 1150 4935 intus
1165 4884 1221 4950 cst,
1239 4883 1267 4935 et
1281 4880 1397 4937 excludi
1418 4899 1477 4938 non
1492 4887 1599 4955 potest,
1619 4888 1647 4940 et
1662 4901 1720 4940 non
1735 4888 1842 4957 poterit

113 4971 254 5045 gloriare
270 4969 360 5027 latro
371 4971 469 5044 magis
484 4972 532 5027 vis
547 4987 617 5027 esse
635 4987 722 5043 quam
742 4970 895 5039 Christum
920 4973 949 5026 et
1007 4969 1116 5025 babere
1132 4969 1303 5024 societatem
1326 4970 1405 5026 illius
1429 4973 1458 5026 in
1480 4973 1663 5029 desolatione
1686 4975 1749 5044 sni,
1774 4975 1842 5047 quia

112 5060 188 5116 forte
212 5059 337 5116 sinister
360 5059 590 5131 blasphemator,
619 5075 679 5116 non
707 5060 875 5117 confessor.
905 5060 949 5116 Tu
1007 5072 1065 5113 non
1079 5057 1236 5130 requisivit
1250 5057 1332 5113 illum
1348 5059 1377 5113 in
1392 5060 1594 5116 consolatione
1610 5062 1667 5117 sui.
1689 5063 1774 5119 Tunc
1794 5064 1842 5118 illa

112 5147 192 5205 enim
205 5162 261 5218 pro
275 5147 362 5219 culpa
374 5149 501 5218 pateris,
521 5150 551 5204 et
568 5149 686 5220 culpem
706 5163 768 5204 non
788 5147 947 5223 agnoscis,
1006 5144 1109 5201 infelix
1131 5145 1338 5216 desperatione
1363 5149 1447 5204 cadet
1470 5148 1507 5203 ad
1526 5166 1576 5218 se,
1603 5154 1632 5205 et
1655 5151 1842 5208 damnatione

112 5250 168 5295 nec
191 5235 325 5309 indicem
345 5237 510 5293 veneraris.
536 5235 567 5293 Si
587 5235 692 5292 saltem
710 5236 815 5292 dexter
835 5237 948 5292 fuisses
1006 5233 1063 5290 snb
1080 5250 1124 5304 se,
1141 5236 1169 5290 et
1182 5235 1293 5306 aperiet
1308 5251 1342 5292 se
1357 5237 1536 5309 profundum
1551 5239 1580 5294 in
1596 5238 1713 5295 obviam
1729 5242 1841 5309 ruenti,

112 5325 197 5396 latro,
215 5324 331 5397 culpam
341 5324 491 5382 humiliter
504 5339 698 5398 agnosceres,
714 5341 832 5397 poenam
839 5324 949 5397 paticn·
1006 5324 1034 5378 et
1049 5338 1116 5378 cum
1131 5321 1210 5377 illem
1222 5324 1381 5396 exceperit,
1395 5326 1534 5382 continuo
1545 5326 1698 5383 claudetur
1708 5345 1841 5398 sursum,

110 5416 157 5472 ter
171 5413 348 5483 sustineres,
366 5413 482 5470 veniam
497 5413 603 5470 devote
620 5412 806 5486 implorares,
824 5428 878 5469 nec
893 5429 947 5485 pro
1005 5414 1035 5467 et
1047 5412 1195 5482 aperietur
1210 5411 1360 5482 deorsum,
1376 5416 1408 5469 ut
1424 5413 1488 5471 sine
1499 5414 1557 5471 tine
1574 5416 1656 5471 cadat
1666 5417 1742 5473 etad
1753 5418 1841 5474 tinem

111 5518 198 5574 poena
211 5518 423 5575 praesumeres,
438 5518 494 5558 nec
508 5519 561 5574 pro
572 5503 659 5579 culpe
669 5502 857 5574 desperares,
870 5502 948 5558 sicut
1005 5503 1224 5574 conresurget.
1242 5500 1277 5555 Et
1285 5504 1354 5557 tunc
1364 5504 1492 5575 primum
1502 5509 1646 5578 agnoscet
1655 5522 1760 5562 verum
1771 5524 1841 5563 esse

109 5591 230 5664 quidam
244 5592 295 5664 qui
309 5591 346 5647 de
361 5607 415 5647 sua
430 5590 607 5647 sustinentia
621 5591 796 5665 gloriantur,
813 5592 849 5646 de
860 5605 946 5662 poena
1004 5591 1083 5662 qnod
1094 5589 1203 5645 dictum
1214 5589 1328 5645 fuerat:
1350 5591 1398 5646 Vm
1413 5594 1487 5648 soli!
1501 5595 1635 5666 qnoniam
1646 5612 1710 5650 cnm
1721 5596 1840 5652 cecide-

111 5683 303 5756 murmuraut,
320 5681 356 5739 de
371 5681 456 5754 culpa
471 5681 640 5754 desperant.
1004 5679 1055 5743 rit,
1075 5695 1131 5734 non
1145 5677 1235 5732 babet
1251 5679 1456 5736 sublevantem
1472 5682 1664 5750 (Ecclesia).
1681 5684 1840 5758 Propterea
