3796 6022
139 279 199 345 967
518 281 738 347 APPENDIX
752 281 810 345 ΑΒ
826 280 1017 347 nunonis
1032 281 1177 345 OPERA
1192 270 1456 347 montanici.
1807 270 1860 344 m

138 482 502 539 metumludeaorum.Nos
509 483 681 557 congregati
690 498 795 539 sumus
802 483 968 538 inclausho
984 462 1013 525 Α
1028 497 1138 536 sensus
1154 482 1301 553 corporei,
1318 498 1399 538 arma
1418 498 1507 554 opera
1532 480 1683 550 virtutum,
1711 478 1856 552 vigilesel

139 572 261 643 propter
276 574 383 628 metum
398 573 621 642 daemoniorum,
639 589 704 629 curn
718 573 762 628 eis
778 571 919 645 congredi
936 572 970 626 ti·
1027 576 1263 643 propugnatores
1279 587 1389 628 sensns
1399 571 1579 643 spirituales.
1591 571 1726 637 Quorum
1734 568 1784 623 aiii
1793 568 1856 641 rigi·

139 660 269 714 muimus
283 661 314 714 in
330 676 432 731 campo
448 661 561 731 saeoali,
578 662 768 735 confugimus
783 662 819 716 ad
835 662 972 716 munitio·
1027 659 1087 714 lant
1110 675 1164 731 per
1188 677 1303 716 morum
1328 660 1633 732 circumspectionem,
1655 659 1707 714 alii
1731 659 1855 731 pugnant

141 763 208 803 nem
224 748 355 818 claustri,
368 749 428 819 ubi,
444 751 470 804 si
481 751 619 806 volumus
631 755 661 806 ut
671 751 854 823 ingrediatur
866 750 904 804 ad
916 765 972 805 nos
1025 764 1080 820 per
1093 748 1230 804 vitiorum
1246 750 1462 820 expulsionem,
1479 751 1528 804 alii
1549 751 1675 820 pausant
1700 763 1757 819 per
1771 747 1854 802 inter·

140 835 242 901 iesus,
259 839 288 890 et
303 837 396 893 dicat:
409 838 477 893 Pax
491 839 915 910 vobis,sicutdixitdiscipulis
927 854 974 894 ve·
1026 852 1094 892 nam
1109 837 1272 893 caelestium
1287 839 1573 908 contemplationem.
1589 838 1682 893 Cibus
1706 841 1756 892 est
1777 851 1853 891 sacra

140 925 226 980 niens
238 925 275 979 ed
289 926 654 999 eosclausisjamjanuis,
672 928 972 999 claudamusjanuas.
1026 925 1188 997 Scriptura,
1213 930 1300 998 potus
1325 927 1441 982 iecilior
1460 927 1673 999 intelligentia,
1698 924 1852 998 principes,

139 1012 270 1079 Quatuor
284 1018 380 1069 autem
391 1016 730 1089 suntdilierentiaepacis
741 1018 974 1074 multumneces·
1026 1019 1151 1086 quatuor
1167 1011 1300 1086 virtutes,
1316 1016 1615 1089 prudentia,justitia,
1624 1014 1779 1086 fortitudo,
1790 1016 1852 1069 teu·

140 1102 229 1158 sarim
253 1104 415 1176 religiosis.
440 1105 492 1160 Est
516 1106 593 1162 enim
615 1124 672 1178 pex
695 1112 789 1176 extra,
814 1123 872 1177 pax
886 1108 973 1177 inter,
1026 1105 1168 1174 perantia.

139 1207 199 1263 pax
220 1192 305 1263 intra,
328 1209 386 1263 pax
408 1210 509 1264 supra.
535 1196 596 1250 Pax
616 1199 709 1266 extre,
739 1197 774 1250 ad
806 1196 972 1265 saeculum3
1026 1193 1089 1248 Tm.
1106 1193 1198 1248 XLII.
1214 1193 1259 1248 De
1277 1193 1339 1250 tilio
1356 1195 1482 1267 prodigo
1503 1199 1533 1249 ct
1552 1194 1589 1249 de
1608 1192 1742 1266 panibus
1765 1191 1854 1247 tribus

142 1295 201 1350 pax
224 1282 309 1346 inter,
333 1299 391 1352 pax
413 1283 490 1338 inter
513 1283 638 1354 iratres,
662 1302 719 1356 pax
741 1285 826 1355 intra,
850 1285 887 1339 ed
912 1285 973 1340 sei·
1089 1282 1137 1336 illi
1148 1287 1178 1336 ut
1194 1282 1288 1337 amico
1303 1282 1341 1337 dc
1359 1284 1404 1337 via
1424 1283 1557 1338 venienti
1570 1281 1801 1338 commodandis.

140 1384 248 1439 psum,
264 1387 322 1441 pax
337 1388 437 1442 supra,
454 1372 491 1426 ad
506 1373 608 1428 Deum.
625 1374 722 1428 Prima
736 1375 825 1443 bona,
842 1375 974 1429 secunda
1063 1376 1412 1445 Amice,commodarnihi
1424 1375 1852 1449 trespaneslbuc.xa).nmicue

142 1458 265 1528 melior,
294 1462 378 1515 tertia
409 1461 536 1533 optima,
570 1468 673 1534 quarta
711 1463 972 1518 excellentissima.
1028 1468 1074 1522 est
1088 1465 1139 1537 qui
1153 1465 1285 1536 loquitur
1299 1467 1394 1521 amico
1406 1469 1434 1520 et
1444 1466 1610 1536 proamico.
1623 1465 1749 1520 Amicus
1764 1467 1853 1520 noste

141 1546 198 1613 Qui
211 1548 265 1603 has
286 1550 411 1620 adipisci
430 1552 587 1617 desiderat,
619 1556 744 1624 quatuor
768 1552 826 1608 sibi
847 1553 975 1607 claustra
1028 1555 1064 1610 de
1080 1554 1128 1609 via
1142 1554 1268 1609 veniens
1283 1554 1363 1609 iilius
1377 1555 1522 1627 prodigus
1537 1558 1594 1624 est,
1610 1555 1663 1625 qui
1681 1554 1720 1609 de
1743 1553 1852 1625 regione

31 1708 34 1715 .
143 1638 302 1693 constituat
317 1643 345 1694 et
360 1643 435 1695 ostra
457 1641 644 1714 singulorum
666 1642 823 1714 diligenter
848 1641 972 1696 claudat.
1029 1642 1852 1716 longinquaredienstribuspanibusreiiciendusesthit

142 1726 272 1782 Primum
288 1731 335 1783 est
350 1729 510 1784 claustrum
526 1731 685 1801 materiale,
702 1732 866 1786 secundum
881 1730 974 1785 disci·
1030 1733 1108 1788 enim
1123 1731 1218 1802 patri:
1236 1731 1279 1786 Da
1294 1732 1369 1786 mihi
1387 1733 1634 1804 portionemque
1653 1747 1699 1786 ure
1720 1729 1852 1801 contingit

141 1816 240 1888 plinae,
253 1819 370 1873 tertium
393 1820 554 1889 spirituale,
572 1820 601 1875 id
616 1825 663 1876 est
685 1821 812 1890 virtutis,
838 1823 974 1891 quartum
989 1791 1016 1856 Β
1030 1821 1112 1891 (Luc.
1125 1827 1184 1888 xv).
1200 1823 1262 1885 Qua
1277 1823 1398 1891 accepte
1412 1836 1538 1893 peregre
1553 1820 1708 1892 proiectus
1719 1822 1766 1875 est
1776 1819 1804 1874 in
1815 1833 1851 1874 re·

143 1906 433 1976 contemplationiset
441 1908 607 1965 dilectionis
614 1909 907 1966 divinae.Claustrum
918 1925 975 1962 ma·
1029 1910 1150 1983 gionem
1164 1910 1366 1982 longinquam,
1382 1925 1476 1982 egens
1492 1910 1549 1965 iter
1562 1910 1628 1965 sine
1646 1909 1716 1979 line,
1732 1907 1850 1963 laborem

141 1995 243 2051 teriale
259 1997 286 2050 si
303 1997 487 2052 custodiatur
501 2001 530 2053 et
544 1999 706 2068 claudetur,
730 1999 894 2071 acquiritur
917 1997 974 2052 ire·
1031 2000 1096 2054 sine
1113 1999 1225 2069 requie,
1243 2002 1353 2053 motum
1376 1998 1441 2054 sine
1467 1998 1635 2067 stabilitate,
1661 2013 1785 2053 cursum
1797 1997 1851 2051 sine

141 2089 268 2157 quanter
282 2103 339 2157 pax
354 2087 391 2141 ad
407 2087 561 2142 saeculum.
577 2086 744 2143 claustrum
765 2087 932 2158 disciplinae
947 2087 974 2141 si
1030 2088 1231 2159 perventione.
1249 2087 1315 2142 Fuit
1329 2091 1425 2142 autem
1446 2088 1540 2159 portio
1564 2087 1672 2159 triplex
1688 2102 1695 2142 :
1712 2085 1851 2150 Memoria,

141 2174 382 2245 circumseratur,
393 2192 452 2247 pax
462 2177 653 2231 interiratres
669 2185 873 2231 conservatur.
889 2175 974 2230 Clau·
1030 2178 1115 2241 ratio,
1131 2177 1278 2232 voluntas
1296 2176 1437 2232 Memoria
1453 2177 1490 2231 iis
1505 2192 1572 2248 quae
1588 2176 1684 2231 solius
1709 2175 1762 2230 Dei
1784 2174 1853 2230 erent

140 2267 205 2319 stro
220 2265 297 2320 enim
312 2264 478 2335 disciplinae
498 2267 673 2336 compositio
692 2266 822 2320 omnium
844 2267 975 2320 motuum
1029 2265 1207 2321 intendebat.
1227 2266 1311 2321 ilatio
1326 2266 1493 2336 perspicaci
1504 2266 1590 2321 oculo
1602 2280 1705 2320 eorum
1718 2261 1854 2335 profundi·

142 2354 277 2425 corporis
292 2354 560 2425 comprehenditur.
585 2356 615 2410 Si
634 2357 730 2427 itaque
756 2355 802 2409 ori
825 2354 975 2408 silentium
1028 2357 1118 2410 tatem
1129 2355 1315 2410 discutiebat.
1326 2353 1796 2424 Voluntesterrenatriumphans,
1807 2362 1854 2406 cu·-
1889 2308 1894 2453 Ι

140 2442 309 2515 imponatur
322 2460 338 2497 a
353 2459 513 2511 murmure,
531 2444 749 2513 adelractione,
767 2442 973 2513 avaniloquio,
1029 2444 1117 2498 lestia
1131 2445 1296 2515 appetebat.
1306 2444 1447 2499 Memoria
1463 2459 1610 2499 resveras
1621 2442 1792 2498 summatim
1799 2456 1854 2512 per·

141 2548 158 2587 a
173 2533 366 2604 stultiloquio,
378 2538 406 2588 et
415 2533 602 2605 falsiloquio,
618 2534 644 2588 si
660 2549 765 2587 manus
775 2532 974 2587 cohibeatura
1030 2534 1205 2605 stringebat.
1225 2534 1309 2590 Ratio
1324 2532 1394 2605 quid
1409 2533 1530 2603 bouum,
1556 2533 1628 2603 quid
1652 2530 1772 2600 melius,
1795 2526 1855 2602 quid

141 2622 229 2693 malo,
245 2637 298 2693 pes
313 2637 386 2677 vero
401 2622 437 2676 ab
454 2638 489 2677 eo
503 2639 562 2693 quo
578 2639 637 2677 non
651 2622 832 2690 liciteeatur,
848 2620 974 2674 retrahi·
1030 2621 1171 2691 optimum
1186 2622 1373 2677 discutiebat.
1392 2621 1534 2677 Voluntas
1549 2622 1626 2692 quod
1643 2621 1787 2692 optimum
1800 2618 1855 2673 ein·

140 2712 207 2782 tur;
223 2711 384 2766 claustrum
400 2711 564 2781 disciplinae
580 2711 755 2776 custoditur,
771 2726 829 2780 pax
846 2709 973 2763 fraterna
1029 2710 1173 2783 gulariter
1181 2711 1318 2783 eligebat.
1332 2711 1394 2766 Hac
1402 2710 1777 2784 ergoacccptasubstantia
1787 2706 1855 2762 lilius

141 2816 195 2872 per
208 2816 296 2872 quam
310 2802 387 2856 inter
401 2800 508 2855 iratres
525 2800 604 2854 Deus
619 2799 799 2870 possidetur.
810 2799 867 2853 Sed
877 2798 974 2852 adhuc
1030 2799 1180 2872 elongavit
1190 2816 1251 2854 sea
1267 2804 1349 2871 patre
1360 2801 1480 2873 fugiens
1491 2800 1586 2854 tribus
1598 2799 1748 2854 noctibus.
1760 2797 1856 2852 Prima

142 2893 256 2961 oportet
271 2889 410 2962 progredi
425 2890 460 2944 ad
471 2905 572 2959 pacem
582 2905 650 2960 quae
665 2889 739 2943 intra
754 2904 809 2943 nos
825 2891 880 2943 est.
892 2887 973 2941 Multi
1030 2889 1127 2944 noctis
1143 2889 1198 2944 iter
1213 2891 1268 2958 est,
1284 2889 1363 2960 quod
1376 2890 1468 2945 Deum
1479 2887 1785 2943 creatoremdeseruit
1796 2901 1803 2955 ς
1813 2898 1856 2939 eo·

142 2978 217 3035 ioris
233 2996 300 3035 cum
315 2980 486 3035 hominibus
497 2980 653 3034 etinterse
664 2978 744 3033 intus
755 2976 972 3033 cumfratribus
1030 2979 1145 3047 eundae,
1155 2994 1214 3049 quo
1231 2983 1339 3049 praeter
1358 2979 1451 3033 Deum
1468 2978 1546 3033 aliud
1561 2976 1682 3048 appetit3
1695 2976 1857 3045 tertiaeque

141 3086 244 3142 pacem
261 3071 388 3138 habeut;
404 3070 458 3124 sed
474 3069 613 3125 vitiorum
627 3069 751 3123 tumultu
762 3070 916 3122 vastantur
929 3066 972 3121 in·
990 3105 1016 3168 c
1031 3072 1113 3123 extra
1130 3067 1222 3123 Deum
1237 3069 1267 3122 iu
1281 3068 1388 3122 alienis
1403 3067 1524 3139 quievit.
1542 3067 1640 3121 Primo
1656 3081 1673 3119 a
1697 3065 1761 3121 Deo
1781 3077 1857 3119 reca-

140 3164 185 3216 tra
200 3177 245 3216 se.
264 3160 373 3215 Verum
388 3159 466 3213 sicut
481 3158 552 3212 nihil
569 3157 690 3228 prodest
712 3157 823 3213 sanitas
847 3156 921 3212 ioris
942 3157 973 3211 in
1031 3157 1105 3212 dens
1125 3159 1205 3211 vadit
1220 3158 1257 3211 ad
1267 3174 1311 3213 se.
1323 3157 1460 3212 Secundo
1471 3155 1659 3211 descendens
1670 3154 1730 3209 sub
1741 3169 1775 3209 se
1786 3152 1856 3207 dele·

141 3253 219 3319 cute,
234 3250 262 3305 si
282 3249 421 3303 interiora
450 3247 605 3301 humorum
634 3250 717 3318 peste
733 3250 971 3317 corrumpuntur,
1032 3249 1127 3302 ctatur
1141 3247 1172 3300 in
1188 3262 1286 3301 carne.
1303 3241 1856 3301 Tertiotractusextrasedelectaturin

142 3339 187 3394 sic
201 3354 261 3394 non
274 3338 352 3393 valet
365 3353 424 3407 pax
437 3351 504 3390 cum
521 3336 691 3391 hominibus
702 3336 750 3391 cui
764 3337 915 3407 deestpax
931 3335 974 3389 in·
1032 3351 1132 3391 rerum
1143 3336 1253 3406 specie.
1271 3336 1369 3390 Primo
1384 3335 1463 3389 vadit
1487 3335 1523 3390 de
1549 3333 1655 3388 virtute
1672 3332 1805 3404 gloriari,
1815 3344 1854 3384 aa

140 3430 223 3480 terna
238 3429 378 3482 secumei
388 3442 454 3480 cum
465 3425 591 3498 angelis.
610 3427 697 3481 iuxta
709 3426 883 3497 Apostolum
893 3424 972 3479 enim
1032 3425 1129 3480 cundo
1145 3425 1175 3479 in
1188 3425 1269 3480 vitiis
1279 3424 1522 3493 delectari,tertio
1532 3423 1565 3478 in
1574 3421 1757 3477 transitoriis
1767 3433 1855 3476 coneo

140 3513 338 3586 spectaculum
354 3514 428 3569 lacti
441 3519 581 3571 surnnset
594 3514 710 3586 angelis
729 3513 934 3570 ethominibus
949 3512 973 3574 ll
1032 3513 1097 3568 lari.
1109 3513 1157 3568 Sic
1174 3514 1265 3586 igitur
1279 3517 1482 3568 consummato
1503 3512 1617 3580 itinere,
1634 3511 1664 3565 in
1679 3511 1777 3582 primo
1791 3520 1854 3564 anno

142 3602 210 3658 Gor.
223 3603 564 3675 rvl,bonieetmalisnon
579 3603 750 3659 hominibus
766 3607 888 3658 tantum.
900 3601 973 3656 Boni
1032 3603 1110 3658 bona
1120 3605 1271 3657 memoriae
1281 3603 1451 3673 dilapidavit
1461 3602 1556 3656 tribus
1565 3600 1663 3655 modis
1675 3615 1682 3656 :
1695 3597 1854 3672 percogita-

141 3693 480 3767 considerantutjuvent
491 3697 519 3748 et
533 3692 746 3761 allevent3mali
758 3696 788 3747 ut
798 3693 971 3764 impugnent
1032 3692 1129 3747 tiones
1137 3693 1326 3761 ailecluosas,
1339 3691 1660 3760 onerosas,etotiosas.
1670 3687 1854 3749 affectuosas,

140 3783 308 3840 etilludant.
326 3783 385 3838 Sed
402 3783 538 3839 homines
553 3799 656 3838 casum
672 3785 805 3837 nostrum
822 3785 850 3837 et
865 3783 972 3835 statum
1032 3781 1142 3853 perrel
1158 3781 1311 3836 famularis
1327 3780 1570 3851 occupationem3
1586 3793 1744 3848 onerosas,
1756 3793 1808 3849 per
1819 3789 1856 3830 ra·

140 3877 223 3929 extra
238 3874 367 3943 etintus3
383 3874 481 3946 angeli
497 3877 591 3942 extra,
608 3873 698 3941 intus,
714 3875 742 3926 et
758 3871 833 3925 intra
856 3884 912 3925 nos
927 3870 974 3923 vi·
1032 3887 1099 3926 rum
1113 3870 1349 3926 extrinsecarum
1360 3868 1608 3937 sollicitudiuem,
1624 3867 1751 3937 otiosas,
1762 3877 1858 3938 perro·

141 3964 221 4018 dent.
238 3963 307 4018 ideo
322 3967 368 4019 est
382 3963 555 4018 necessaria
570 3979 628 4033 pax
643 3961 718 4017 ioris
733 3962 761 4016 et
776 3962 857 4016 intus
873 3960 910 4015 ed
926 3959 976 4013 ho·
1036 3977 1101 4015 rum
1115 3977 1182 4032 quae
1198 3960 1234 4014 ad
1247 3975 1313 4015 rem
1331 3976 1390 4015 non
1411 3957 1558 4030 pertinent
1579 3957 1797 4029 evagationem.
1814 3952 1858 4008 Se·

142 4050 258 4121 mines,
275 4051 329 4106 sed
343 4051 434 4106 multo
450 4052 547 4123 magis
562 4052 638 4107 intra
652 4066 719 4120 nos,
742 4049 779 4104 ad
805 4065 860 4104 nos
885 4051 914 4104 et
937 4047 974 4102 ad
1033 4050 1130 4105 cundo
1145 4052 1241 4104 aulem
1256 4064 1334 4104 anno
1350 4048 1428 4103 bona
1451 4047 1576 4102 rationis
1601 4045 1763 4116 dissipavit
1776 4042 1858 4098 tribus

142 4139 277 4210 angelos.
296 4139 379 4194 Unde
394 4139 532 4194 Salomon
550 4156 556 4194 :
577 4139 662 4195 Omni
673 4139 806 4194 custodia
817 4154 908 4193 serra
923 4153 975 4191 cor
1033 4139 1146 4208 modis;
1157 4138 1306 4209 recipiens
1317 4138 1425 4192 malum
1435 4153 1489 4207 pro
1499 4136 1589 4205 bono,
1601 4134 1710 4189 falsum
1722 4149 1777 4204 pro
1787 4146 1858 4200 vero,

143 4233 222 4283 tuom
235 4227 340 4297 (Prov.
359 4227 408 4298 ιι).
424 4229 499 4283 Sunt
514 4228 565 4301 qui
580 4229 645 4284 heae
660 4227 821 4284 materialia
846 4227 973 4282 claustra
1033 4228 1155 4283 noxium
1169 4243 1223 4298 pro
1238 4227 1402 4281 commodo.
1416 4224 1523 4279 Malum
1535 4240 1588 4295 pro
1599 4223 1769 4293 bono,quia
1778 4214 1861 4293 perdi·

142 4320 221 4371 tanta
236 4316 389 4387 diligentia
401 4317 552 4388 claudunt,
569 4321 600 4372 ut
614 4318 685 4373 nulli
702 4321 842 4373 extraneo
857 4316 974 4387 ingres·
1034 4316 1075 4371 dit
1090 4317 1216 4372 ethicam
1226 4332 1234 4387 3
1246 4316 1414 4386 ialsumpro
1424 4331 1505 4384 vero,
1515 4315 1583 4386 quia
1592 4311 1720 4385 perdidit
1731 4311 1859 4385 logicanu

142 4423 196 4462 sus
210 4409 307 4477 pateat
321 4406 368 4461 vel
382 4418 538 4478 egressus,
555 4408 668 4462 nullum
682 4408 804 4480 signum
814 4409 916 4461 contra
931 4404 975 4458 di·
989 4417 1017 4478 1)
1035 4407 1155 4461 noxium
1164 4421 1218 4476 pro
1227 4403 1394 4475 commodo,
1404 4404 1473 4476 qaia
1482 4403 1609 4475 perdidit
1619 4402 1787 4474 physicam.
1805 4400 1862 4456 Ter

143 4496 300 4568 sciplinam
315 4495 389 4552 ioris
404 4500 547 4568 erumpat,
563 4497 762 4568 quiinteriora
772 4495 972 4569 negligentes,
1033 4494 1239 4550 tioannobona
1247 4494 1405 4549 voluntatis
1415 4491 1572 4563 dissipavit
1579 4488 1859 4547 vivendoluxuriose

142 4587 222 4642 intus
243 4584 364 4658 depasci
378 4586 570 4641 demoniacis
584 4585 735 4641 morsibus
750 4599 809 4640 non
826 4598 975 4654 expaves·
1032 4599 1086 4653 per
1099 4583 1267 4639 incendium
1279 4583 1359 4655 ignis
1376 4582 1493 4649 occulti,
1510 4596 1564 4651 per
1575 4580 1782 4652 evagationem
1790 4581 1859 4636 exte·

143 4680 224 4747 cunt,
234 4677 257 4731 ii
266 4676 385 4749 quidem
395 4679 519 4746 pereunt
529 4675 589 4731 nisi
608 4675 752 4730 maculam
773 4673 873 4729 cordis
886 4672 976 4745 digua
1010 4658 1016 4673 ’
1032 4672 1122 4728 rioris
1133 4673 1221 4742 oculi,
1237 4688 1291 4742 per
1305 4668 1628 4726 ambitionemlabentie
1645 4668 1761 4736 soeculi,
1779 4669 1809 4723 id
1822 4667 1860 4723 esi

141 4764 569 4821 taventnttsnctioneneatat
584 4779 642 4836 pax
653 4779 791 4835 suprema
801 4779 869 4834 quoe
880 4765 926 4816 est
940 4761 988 4815 ad'
1031 4777 1085 4832 per
1098 4761 1246 4817 luxuriam
1262 4761 1291 4815 in
1308 4760 1412 4831 letare,
1433 4774 1486 4831 per
1508 4758 1680 4831 superbiam
1701 4758 1732 4811 in
1759 4754 1858 4821 lurore,

144 4853 247 4921 ileum3
266 4857 359 4909 restat
377 4857 406 4908 et
416 4854 579 4909 claustrum
593 4854 724 4909 omniurn
736 4851 924 4907 altissimum.
945 4849 978 4903 ln
1031 4866 1084 4922 per
1097 4850 1288 4905 avaritiamin
1299 4849 1427 4904 fervore.
1441 4848 1600 4919 Postquam
1618 4846 1717 4903 omnia
1728 4860 1859 4902 consum·

66 4967 68 4972 ·
144 4941 223 5012 quod
234 4941 377 5012 cumquis
392 4941 550 5014 ingressus
561 4942 789 5013 fuerit,securus
813 4942 844 4996 in
866 4941 938 5009 Dee,
950 4941 980 4994 et
1031 4943 1141 5010 pserat,
1160 4939 1235 4994 iacta
1250 4942 1296 4995 est
1311 4939 1406 4994 tames
1422 4937 1452 4992 iu
1468 4941 1546 4993 terra
1557 4935 1617 5004 illa,
1630 4936 1758 5007 etcoepit
1769 4948 1859 5009 egere.

144 5029 225 5085 Deus
233 5029 426 5085 delectabitur
435 5032 639 5103 etrequiescet
650 5032 679 5087 in
687 5047 732 5086 eo.
746 5031 846 5102 laquo
855 5029 979 5085 abscon·
1031 5027 1139 5093 Quarto
1155 5043 1231 5083 anno
1247 5028 1284 5084 nd
1300 5043 1334 5083 se
1350 5042 1491 5082 reversus
1507 5027 1547 5080 ait
1563 5040 1569 5080 :
1588 5025 1716 5096 Sarpem
1733 5033 1764 5080 et
1775 5025 1824 5081 ibo
1832 5017 1862 5077 ad

143 5119 186 5174 dit
195 5131 269 5174 suos
280 5118 582 5176 inebsconditoiaciei
593 5137 682 5176 sueea
693 5119 917 5175 conturbatione
929 5117 979 5173 ho·
1029 5117 1267 5189 pat1·e1n(ibid.l.
1288 5116 1386 5171 Primo
1402 5117 1609 5186 recompensat
1624 5114 1732 5170 damna
1747 5111 1862 5170 maionis

143 5209 255 5264 minum
272 5207 366 5277 (Psal.
389 5210 472 5279 xxx),
491 5209 520 5264 id
538 5213 584 5264 est
605 5209 635 5263 in
660 5209 892 5281 congregatione
906 5208 975 5263 sui:
1031 5221 1084 5278 per
1099 5206 1197 5275 iidem,
1205 5206 1311 5261 damna
1319 5205 1469 5261 memoriae
1477 5220 1529 5275 per
1539 5218 1634 5275 spem,
1647 5203 1811 5260 voluntatis
1819 5214 1862 5275 per

39 5333 41 5337 -
143 5313 210 5371 quea
220 5314 279 5370 pax
293 5297 394 5353 multis
408 5298 593 5366 abscondita,
605 5297 975 5367 vixpaucisrevelataest.
1032 5295 1214 5351 charitatem.
1228 5295 1317 5352 Fides
1336 5295 1480 5351 rationem
1497 5292 1672 5349 illuminavit
1689 5292 1789 5348 tribus
1807 5306 1862 5347 mo·

265 5387 327 5443 Tm.
344 5386 422 5442 XLl.
439 5386 483 5442 De
499 5384 618 5441 castelli
632 5393 730 5458 etymo
743 5387 859 5442 morali.
1031 5384 1078 5440 dis
1092 5400 1098 5440 :
1110 5384 1397 5455 praeceptissignis,
1407 5379 1864 5454 promissis.Spestribusmodis

180 5476 263 5531 Intra
269 5476 311 5530 vit
320 5475 409 5531 lesus
418 5474 449 5528 in
456 5473 598 5546 quoddam
607 5474 849 5545 castellum(i.uc.
865 5478 906 5541 x).
922 5474 976 5530 Ca·
1031 5474 1202 5531 memoriam
1214 5473 1381 5529 roboravit:
1394 5473 1491 5542 venia,
1501 5471 1606 5544 gratia,
1619 5470 1864 5542 gloria.Charitaa

146 5564 263 5620 stellam
275 5567 321 5620 est
330 5563 437 5633 anima,
453 5561 562 5617 vallum
581 5562 731 5634 patientia,
753 5564 844 5619 turris
868 5578 976 5619 nomen
1030 5563 1210 5619 voluntatem
1225 5562 1322 5617 tribus
1334 5561 1429 5616 modis
1440 5561 1587 5634 reparavit
1600 5575 1606 5615 :
1620 5558 1782 5614 dilectione
1793 5563 1866 5614 natu·

146 5652 272 5726 Domini,
287 5652 381 5709 ioasre
393 5650 581 5731 profunditas
603 5666 674 5709 vera
696 5651 856 5723 humilitas,
881 5654 976 5726 portae
1030 5652 1085 5708 rati
1100 5667 1157 5726 qua
1171 5650 1268 5727 diligit
1283 5650 1461 5724 proximum,
1477 5649 1602 5707 naturali
1615 5651 1644 5705 et
1658 5646 1799 5705 rationali
1812 5661 1865 5722 qua
