3796 6022
72 308 134 373 m
673 302 981 370 mummium.
1004 340 1042 359 -·
1062 308 1145 373 mo.
1170 310 1196 373 r.
1371 260 1376 327 Ῑ
1750 316 1812 383 tes

72 508 304 577 aedificaverunt,
321 508 502 580 Babylonem
517 524 584 580 quae
598 508 695 564 aCain
706 507 821 564 initium
833 506 911 578 cepti
923 483 954 547 Α
968 509 1089 576 peccata
1099 508 1308 581 etlndulgendi
1317 510 1471 567 arbitrium
1480 511 1768 584 beminieoneesait
1778 516 1812 571 nt

72 601 100 652 et
119 597 302 666 Jerusalem,
325 614 392 669 qum
413 599 450 653 ab
475 599 560 654 Abel.
585 598 702 653 Primus
725 599 804 654 enim
821 598 910 652 bomo
970 595 1058 651 bomo
1073 596 1110 652 ed
1124 597 1275 654 bominem
1289 599 1377 670 quam
1392 600 1429 654 cd
1445 601 1633 658 consimilem
1653 618 1744 659 auum
1763 602 1811 659 ia·

71 686 149 744 duos
155 687 258 758 genuit
264 687 706 758 illios,divisionlsprineipium
714 692 744 743 et
751 686 910 743 divisionis
970 684 1115 740 miliar-ius
1128 688 1159 740 ct
1173 686 1340 744 fiducialius
1355 689 1545 745 conveniret:
1562 704 1651 762 quem
1663 694 1694 748 et
1707 692 1810 751 ridere

71 775 203 847 signum,
215 775 340 848 quinitla
351 779 573 832 messanatnrm
584 777 721 832 bumonm
729 775 911 848 quoeinipao
969 777 1072 844 posset
1087 775 1205 830 veniam
1217 777 1438 847 postulaturus,
1456 781 1486 851 et
1499 782 1678 849 accepturus
1694 781 1808 839 audire.

70 864 199 934 primum
214 881 267 935 per
282 864 480 920 conditionem
493 868 552 919 tota
574 865 690 921 condita
710 868 772 920 erat
791 864 829 920 ed
843 864 911 937 glo·
968 862 1049 919 Deus
1073 862 1152 919 enirn
1175 863 1324 920 homiuem
1344 868 1477 923 orantem
1491 865 1595 923 ridere
1615 871 1729 939 potest,
1753 871 1809 929 ssd

71 952 155 1020 rium,
172 956 276 1023 postea
291 969 345 1025 per
355 953 630 1023 praevaricationem
644 956 703 1009 tota
717 953 833 1008 addicta
848 957 911 1009 erat
968 951 1057 1007 homo
1072 952 1165 1008 Deum
1181 953 1383 1026 indulgentem
1391 954 1494 1010 ridere
1504 972 1564 1011 non
1575 960 1684 1027 potest.
1693 957 1808 1016 ldciroo

70 1042 106 1097 ad
129 1058 260 1112 poenam,
285 1047 316 1097 nt
340 1043 548 1099 ostenderetur
568 1042 647 1115 qood
663 1042 868 1098 misericordia
882 1045 912 1098 et
967 1041 1061 1096 voluit
1075 1041 1155 1096 Deus
1173 1043 1206 1097 ut
1222 1042 1311 1097 homo
1326 1042 1437 1098 homini
1451 1043 1632 1117 loqueretur,
1652 1049 1683 1102 et
1696 1045 1735 1103 de
1748 1064 1808 1105 esa

70 1132 182 1186 veritae
195 1129 257 1201 iam
272 1134 343 1186 tune
358 1131 450 1186 dividi
468 1131 645 1202 incoeperint
658 1132 689 1187 iu
704 1147 777 1188 vasa
793 1131 911 1186 raseri-
967 1130 1064 1185 salute
1079 1145 1145 1185 cum
1160 1129 1212 1185 illo
1226 1133 1365 1186 tractaret
1378 1134 1408 1187 et
1421 1132 1538 1189 veniam
1556 1137 1686 1205 peterem
1710 1137 1741 1193 et
1761 1135 1807 1195 in·

69 1219 191 1288 coralite,
208 1224 237 1275 et
251 1220 281 1274 in
289 1231 362 1275 vaso
372 1221 436 1276 irae.
449 1219 629 1291 Etabieetus
638 1224 684 1276 est
692 1220 910 1292 primogenitus
967 1218 1148 1290 dulgentiam
1162 1219 1320 1291 desiperet.
1331 1219 1391 1277 Sed
1406 1237 1442 1276 ne
1459 1221 1535 1277 torte
1545 1222 1582 1277 ab
1591 1222 1710 1280 bomine
1720 1225 1807 1283 salue

68 1312 167 1377 terrm,
184 1309 262 1363 sicut
278 1310 494 1382 primogenitus
511 1309 576 1365 emti
593 1313 757 1379 corruerat,
774 1309 799 1365 sl
811 1314 908 1365 temen
966 1307 1055 1363 dubia
1071 1310 1163 1377 essct,
1179 1306 1260 1364 lleue
1270 1307 1360 1365 bomo
1373 1309 1471 1365 iactus
1486 1313 1543 1379 eet,
1559 1311 1610 1382 qui
1623 1326 1680 1368 nec
1694 1312 1808 1371 rum

70 1398 288 1470 primogenitus
310 1402 388 1468 crat,
408 1400 459 1471 qui
482 1399 602 1471 genitus
624 1415 683 1454 non
697 1402 768 1454 emt.
786 1399 828 1454 De
842 1398 909 1469 ipso
965 1398 1013 1450 tur
1034 1394 1215 1467 judicando,
1240 1412 1296 1455 nec
1318 1397 1434 1454 tolleret
1454 1398 1636 1456 miserando.
1655 1399 1708 1459 sto
1720 1418 1808 1461 enne

68 1486 149 1540 enim
163 1486 274 1540 dictum
291 1490 337 1541 est
352 1502 359 1542 :
385 1487 453 1560 Ipso
466 1494 514 1542 est
527 1488 708 1560 principium
725 1488 839 1543 riernrn
852 1488 911 1544 Dei
960 1483 1108 1554 ,iodicium
1119 1485 1218 1541 datum
1230 1491 1278 1541 est
1286 1485 1316 1542 F
1313 1486 1368 1543 id'o
1379 1487 1476 1557 (dean.
1489 1488 1529 1558 v),
1545 1487 1646 1545 divin
1660 1491 1806 1560 potestate

67 1573 136 1641 (deb
152 1591 190 1631 ιιι,
200 1578 219 1643 l.
246 1574 282 1631 Et
300 1576 456 1646 reprobata
471 1580 541 1632 sant
559 1577 667 1647 prima,
690 1581 723 1631 ut
737 1577 912 1632 ostendatur
966 1573 997 1627 in
1012 1574 1268 1645 participationem
1283 1574 1412 1630 bominis
1427 1575 1572 1646 trcnbrsa,
1587 1580 1620 1633 at
1633 1576 1722 1635 bomo
1736 1594 1807 1650 pec·

67 1663 148 1732 quod
161 1663 382 1735 tinispriueipio
389 1665 559 1735 meliorest,
570 1666 638 1737 quia
649 1682 715 1737 quae
724 1667 755 1721 in
764 1665 910 1737 principio
967 1665 1031 1717 cata
1042 1663 1217 1732 dimitteret3
1231 1663 1459 1735 J'uxtsdivtnum
1466 1667 1564 1721 tamen
1572 1664 1730 1738 judicium,
1740 1678 1808 1725 eum

68 1751 147 1805 sueta
158 1755 258 1811 sunta
274 1753 345 1819 Dee,
360 1754 436 1811 bona
448 1754 653 1825 quidemiacto
665 1758 744 1824 sunt,
761 1755 815 1810 sed
831 1755 910 1810 bona
924 1735 952 1798 Β
967 1751 1045 1809 idem
1055 1751 1120 1823 ipse
1135 1752 1225 1809 bomo
1235 1753 1316 1808 Deus
1327 1755 1419 1809 essct.
1436 1753 1503 1823 lpse
1514 1756 1612 1811 autem
1621 1753 1808 1813 honochei-

71 1840 256 1910 ineipientia3
273 1856 339 1913 quc
350 1846 448 1897 autem
459 1843 488 1897 in
500 1844 558 1898 tine
573 1842 708 1899 iacienda
723 1847 817 1913 erant,
833 1844 912 1899 bona
967 1843 1048 1911 stus,
1063 1841 1142 1897 meat
1157 1841 1308 1912 particeps
1322 1841 1420 1898 tactus
1434 1841 1530 1899 iuerat
1544 1845 1659 1903 netum
1677 1848 1805 1917 nosue,

71 1927 206 1985 socienda
223 1934 318 1999 erent,
339 1934 369 1987 et
387 1932 465 1988 bons
482 1936 695 1988 consummata.
713 1932 839 2003 Propter
853 1933 911 1988 boc
966 1930 1006 1985 ita
1013 1929 1174 2000 participes
1188 1942 1244 1985 vos
1255 1945 1325 1989 esse
1335 1930 1429 1987 vetuit
1438 1930 1561 1988 honoris
1570 1931 1633 2001 sui3
1649 1935 1680 1989 et
1694 1933 1806 1991 ideireo

69 2018 158 2073 ctiam
174 2018 204 2073 ia
223 2019 287 2089 ipse
304 2032 403 2075 rerum
421 2020 599 2088 conditione,
616 2020 742 2097 primum
758 2020 910 2077 materiam
966 2018 1047 2075 dedit
1060 2018 1147 2075 vobis
1162 2019 1246 2089 prius
1261 2018 1419 2089 despiritu
1430 2021 1545 2089 sancto,
1560 2020 1806 2091 utpriuesssctis

70 2104 156 2174 iecit3
184 2110 286 2177 postea
303 2107 428 2163 formam
451 2109 673 2180 superaddidit,
694 2113 727 2166 ut
740 2110 912 2166 ostenderet
965 2107 1126 2178 participes
1155 2107 1304 2176 veritatis,
1328 2107 1435 2165 deinde
1459 2111 1618 2165 consortes
1638 2109 1805 2181 dignitatis.

69 2194 148 2265 quod
170 2194 306 2251 similiter
329 2196 358 2251 in
377 2197 513 2254 rationali
536 2201 671 2254 euentura
693 2198 819 2268 primum
840 2214 911 2255 esee
966 2196 1070 2253 Videte
1079 2212 1154 2269 ergo
1167 2196 1364 2255 ministerium
1378 2199 1523 2266 rubum,
1537 2197 1657 2268 iusti-ee,
1669 2197 1805 2270 judione

69 2282 179 2337 lartum
201 2286 282 2339 erat:
305 2288 407 2353 postea
429 2289 526 2343 autem
546 2286 703 2356 pulchrum
718 2290 831 2343 caecet
846 2287 910 2345 tor·
962 2285 1111 2358 judicium
1124 2285 1256 2355 Domini,
1277 2284 1346 2357 qiua
1358 2284 1477 2357 iudices
1492 2286 1595 2343 aneoli
1612 2286 1702 2357 positi
1716 2287 1804 2347 estis.

70 2386 187 2427 urceum
198 2387 287 2429 esse:
303 2376 333 2428 et
349 2373 455 2431 metius
466 2374 632 2431 addendum
648 2378 724 2444 emt,
743 2379 775 2431 ut
787 2392 846 2433 neu
862 2377 910 2433 ni·
965 2375 1072 2432 Audite
1096 2375 1178 2447 quod
1201 2375 1313 2431 dictem
1335 2376 1399 2429 est:
1427 2373 1570 2431 Dominus
1586 2374 1706 2446 jueaoll
1725 2373 1804 2433 decu

68 2459 127 2515 mis
142 2460 321 2532 gloriaretur
336 2461 367 2519 iu
381 2463 506 2534 eoquod
524 2463 650 2534 pumum
660 2464 771 2521 bouum
785 2480 910 2536 acceps-
966 2471 1058 2520 terreo
1071 2463 1101 2532 (I
1112 2464 1187 2537 lisp.
1201 2464 1244 2534 u).
1260 2463 1385 2535 Propter
1399 2463 1455 2519 boc
1471 2463 1550 2519 enim
1564 2463 1709 2525 Dominus
1720 2461 1803 2535 judi·

69 2553 123 2615 ret,
140 2549 195 2604 sed
209 2550 243 2604 ad
260 2550 333 2605 illud
348 2551 446 2621 potius
463 2551 617 2609 festinaret
635 2553 714 2625 quod
729 2556 833 2624 postea
848 2570 909 2611 me·
965 2554 1043 2611 cium
1056 2566 1145 2608 auum
1159 2552 1190 2607 ia
1203 2551 1293 2609 tinem
1308 2550 1431 2620 demut,
1445 2555 1544 2607 utros
1559 2551 1643 2621 price
1655 2548 1801 2622 indoctis

67 2636 451 2708 tiusaceepturae1·at.8ed
467 2641 684 2712 primogenitus
698 2642 825 2712 primurn
840 2643 910 2699 dile·
963 2641 1234 2711 incorrectionem,
1251 2641 1364 2711 meipso
1373 2639 1658 2711 postcumiudieara
1668 2639 1804 2713 coperit,

68 2728 111 2781 xit
125 2731 157 2781 ut
167 2728 305 2798 perderet
318 2729 526 2799 novissimum,
543 2734 572 2786 ct
582 2731 649 2787 ideo
658 2731 835 2801 reprobatus
845 2734 908 2800 est;
961 2731 1075 2802 judicet
1088 2731 1126 2786 ad
1141 2729 1368 2793 damnationem.
1382 2729 1444 2785 Vos
1459 2728 1538 2785 enim
1553 2744 1613 2787 uon
1629 2728 1716 2802 quasi
1722 2727 1805 2802 judi·

68 2819 98 2871 et
111 2815 161 2871 ille
177 2816 207 2871 in
219 2817 307 2883 emto,
323 2818 420 2875 eliste
435 2818 465 2874 in
479 2823 567 2877 terre.
584 2819 642 2876 Sed
657 2819 707 2875 ille
721 2820 758 2875 de
774 2820 911 2877 cmlode·
965 2836 1016 2876 ees
1040 2819 1198 2877 eriminum
1219 2819 1255 2875 sd
1279 2817 1502 2890 percutiendum
1525 2817 1614 2891 positi
1634 2818 1723 2889 estis,
1750 2817 1806 2893 sed

64 2904 166 2974 jectus
182 2905 211 2960 in
225 2909 304 2961 terra
315 2906 465 2963 homnem
480 2924 533 2979 per
543 2909 685 2965 invidiam
695 2909 905 2980 supplantavit,
965 2909 1050 2981 quasi
1062 2908 1183 2980 judices
1194 2907 1366 2979 morborum
1379 2907 1417 2961 ed
1428 2906 1604 2965 sanandum.
1614 2905 1718 2966 Videte
1730 2921 1803 2983 crgo

68 2994 126 3049 iste
138 2994 167 3049 in
177 2996 410 3065 terrm-eprobus
422 2995 545 3052 effeetus
556 2997 677 3055 tratrem
687 3012 775 3053 suum
784 2998 908 3055 nelcado
924 2990 950 3052 C
964 2998 1137 3070 languidam
1151 2997 1181 3055 in
1195 2996 1334 3055 manibus
1344 2994 1466 3064 vestris,
1481 3010 1571 3069 quem
1582 2994 1670 3055 vobis
1685 2995 1804 3051 miseri·

69 3083 188 3139 cecidit.
204 3082 278 3149 Quia
293 3085 371 3141 enim
387 3085 446 3141 vita
460 3084 541 3141 illius
550 3086 652 3158 gravis
668 3087 694 3141 ei
709 3087 774 3156 tuit,
788 3087 856 3145 ideo
871 3087 909 3143 ad
965 3103 1034 3145 cors
1048 3087 1098 3143 ille
1112 3085 1316 3154 Samaritam
1329 3084 1494 3151 commisit,
1518 3099 1571 3155 pro
1596 3099 1655 3157 qao
1675 3084 1803 3157 pretium
1819 3098 1820 3103 ’

69 3174 194 3227 mortem
210 3172 290 3229 iltius
306 3172 466 3229 festinavit.
483 3173 678 3231 cruciabatur
692 3176 771 3233 enim
781 3192 909 3247 nequam
961 3175 1024 3246 jam
1034 3176 1072 3230 ab
1081 3173 1366 3246 ecdemaocepistis,
1380 3189 1418 3230 ne
1429 3173 1574 3231 devestro
1586 3175 1703 3231 constet
1716 3188 1803 3233 cura·

69 3261 253 3317 couscientia
263 3263 394 3333 quotidie
409 3267 511 3319 contre
522 3280 556 3319 se
567 3263 769 3321 testimenium
781 3280 908 3323 cernens
964 3264 1004 3319 tic
1019 3263 1110 3321 illiue.
1127 3262 1252 3320 Habetis
1266 3263 1325 3320 duo
1339 3277 1478 3319 nummos
1495 3263 1526 3317 in
1541 3261 1730 3323 Teetamento
1745 3260 1802 3319 du-

68 3350 160 3405 vitam
173 3348 247 3420 justi
261 3354 290 3406 ot
304 3352 504 3424 quaaigravis
519 3353 547 3407 ei
561 3353 598 3408 ad
613 3353 774 3410 videndum
790 3353 854 3423 tuit,
871 3369 909 3411 ex
964 3352 1049 3424 plici,
1071 3353 1181 3409 veteris
1204 3354 1330 3411 monetrc
1352 3368 1460 3421 mum,
1486 3354 1515 3408 et
1541 3367 1632 3417 uuum
1653 3366 1756 3423 ucvoe,
1771 3352 1805 3417 ut

67 3436 157 3508 cujus
167 3439 326 3509 presentie
335 3456 389 3495 sua
402 3441 652 3499 condemnabatur
662 3442 782 3497 matitia.
793 3441 908 3498 idcirco
964 3444 1099 3499 emantur
1113 3442 1213 3499 Veteri
1224 3457 1259 3501 ea
1273 3440 1466 3499 medicamine
1475 3457 1542 3514 quoe
1554 3439 1698 3513 mordent,
1715 3439 1803 3499 Novo

66 3526 345 3583 auterreiestinavit
359 3544 375 3584 e
391 3529 489 3585 medio
499 3529 598 3601 ipsum
613 3547 650 3586 ne
662 3547 729 3587 eum
742 3531 858 3589 videret
871 3532 908 3587 ad
964 3533 1061 3587 autem
1069 3531 1339 3604 medicaminequae
1350 3530 1469 3587 levent:
1488 3529 1586 3589 Prima
1596 3524 1633 3585 ed
1646 3526 1803 3603 pmganda

69 3615 278 3672 contusionem
288 3618 346 3689 sui,
363 3634 451 3691 quem
461 3618 563 3675 videre
574 3619 667 3677 notuit
678 3620 715 3675 ad
726 3620 908 3677 emendatio·
964 3636 1031 3693 quae
1046 3618 1162 3693 putrida
1178 3622 1262 3688 euut3
1287 3619 1418 3679 secunda
1441 3622 1537 3679 autem
1554 3616 1672 3675 advivo
1687 3616 1801 3675 contir-

69 3706 908 3781 nemeteorreetioacmsui.Fortassisexistimanapostca
964 3710 1080 3767 manda.
1105 3710 1165 3766 leta
1190 3712 1260 3766 eunt
1284 3708 1342 3765 duo
1363 3709 1471 3777 debita,
1487 3705 1629 3780 praecepti
1643 3698 1760 3764 seilicet
1773 3708 1804 3763 et

66 3809 126 3851 non
141 3793 205 3850 iore
221 3795 314 3853 Deum
328 3796 477 3853 vindicem
490 3797 665 3869 iniquitatis,
681 3798 710 3852 si
724 3814 784 3855 non
798 3815 907 3871 super·
964 3799 1035 3854 voti.
1053 3798 1189 3854 Debitum
1204 3798 1360 3872 praecepti,
1382 3814 1441 3870 quo
1460 3795 1593 3853 doctrina
1606 3792 1802 3867 impenditur;

69 3884 154 3937 esset
174 3884 263 3940 homo
282 3883 385 3956 iustus
408 3885 494 3943 testis
519 3886 662 3944 veritatis.
679 3886 729 3943 Sic
748 3887 908 3960 ergoCaia
964 3888 1096 3944 debitum
1120 3887 1195 3958 voti,
1221 3904 1279 3960 quo
1302 3887 1470 3959 exemplum
1494 3882 1647 3941 iormatur.
1673 3884 1714 3939 lli
1733 3885 1804 3943 suut

65 3970 240 4027 interlector
264 3973 367 4031 fratris
390 3974 551 4045 Babylonis
575 3975 773 4031 fundamenda
797 3977 907 4048 posuit.
965 3979 1054 4033 etiam
1068 3977 1124 4032 dac
1138 3975 1243 4050 gladii,
1255 3992 1333 4048 quos
1348 3973 1498 4031 incuriae·
1508 3971 1695 4045 passicuesd
1705 3970 1806 4030 deien-

67 4060 142 4116 Abel
164 4064 262 4117 eutem
287 4062 461 4118 interiectus
492 4064 639 4136 sunguine
664 4080 722 4120 suo
744 4064 906 4135 primordia
966 4067 1081 4122 sionem
1098 4066 1202 4122 Petrus
1218 4067 1374 4137 paraverat
1390 4063 1472 4135 (Luc.
1488 4061 1571 4134 xxrl:
1587 4060 1674 4119 Unus
1689 4060 1806 4123 scilieet

66 4147 234 4207 ierusalem
251 4150 280 4205 in
294 4154 373 4207 terra
389 4153 588 4208 consecravit.
605 4153 654 4209 Sic
673 4154 781 4210 lemael
794 4155 908 4226 primo·
966 4153 1145 4227 corporalis,
1168 4154 1218 4225 qui
1242 4154 1407 4209 secundum
1426 4152 1524 4227 legem
1538 4155 1671 4215 veterem
1684 4167 1803 4225 ponem

65 4238 187 4311 genitus
195 4240 343 4311 reprobus
354 4240 425 4309 t'uit;
437 4241 521 4297 Isaac
531 4257 604 4297 vero
615 4243 739 4299 electus.
750 4242 909 4316 Esauquo·
922 4235 950 4296 b
965 4243 1161 4315 peccantibus
1175 4242 1303 4317 ir1·ogat;
1323 4241 1397 4297 alter
1411 4256 1483 4297 vere
1498 4240 1549 4313 qui
1563 4238 1729 4299 secuudum
1745 4256 1801 4298 no·

66 4343 125 4399 que
140 4328 177 4383 ab
191 4328 375 4385 hereditatis
390 4334 471 4386 sorte
486 4335 515 4386 et
531 4332 609 4387 deno
625 4332 842 4389 benedictionis
858 4348 907 4389 rs·
965 4349 1032 4387 ram
1055 4331 1153 4404 legem
1176 4330 1349 4407 spiritaliter
1373 4330 1475 4400 culpas
1505 4326 1634 4401 seriens,
1664 4324 1802 4389 homiues
1855 4372 1862 4391 t

66 4414 221 4486 probatur,
239 4417 332 4473 Jacob
347 4418 481 4493 diligitur
496 4423 525 4475 et
539 4419 675 4493 eligitur:
699 4425 728 4476 et
750 4422 909 4492 reprobato
927 4476 932 4483 ,
966 4423 1060 4477 sanet.
1073 4416 1129 4476 ilic
1139 4422 1186 4477 est
1196 4418 1314 4493 gladius
1324 4421 1434 4490 vester,
1451 4433 1510 4492 quo
1521 4433 1576 4475 vos
1587 4416 1677 4474 ferire
1687 4412 1803 4474 debetis

67 4502 153 4559 Eliab
167 4505 381 4579 primogenito,
399 4508 492 4564 David
503 4507 648 4580 juniorad
661 4508 908 4583 reguliaetigium
967 4509 1036 4566 vitia
1046 4508 1209 4579 bominum,
1222 4508 1604 4581 ipscsbcminesamaates3
1616 4521 1705 4580 quem
1714 4504 1804 4563 vobis

67 4592 246 4649 sublimatur
260 4594 288 4665 <1
302 4594 366 4667 liep
380 4598 464 4666 xvir).
480 4597 709 4669 Semperuutom
723 4597 832 4655 milites
847 4599 909 4655 dia·
966 4599 1074 4655 l‘etrus
1097 4597 1230 4671 reliquit,
1255 4597 1282 4653 si
1303 4600 1400 4653 tamen
1422 4594 1551 4654 terroris
1570 4592 1650 4665 illius
1664 4593 1803 4652 herema

66 4681 128 4737 boli
144 4681 245 4739 iurare
260 4688 478 4757 pugnaverunt,
495 4689 525 4739 et
532 4685 641 4743 milites
649 4685 762 4745 Christi
769 4687 909 4758 patientia
966 4687 1035 4745 iacti
1050 4685 1135 4753 cetis,
1151 4686 1352 4741 etimitatores
1363 4700 1433 4744 esee
1444 4682 1545 4739 vultis.
1557 4677 1696 4739 Nondum
1705 4680 1803 4739 adhue

66 4770 220 4842 vicerunt,
236 4788 340 4846 regem
355 4790 443 4829 auum
457 4775 638 4846 paupertatis
655 4791 756 4833 umere
770 4779 799 4833 et
814 4775 909 4833 humi·
965 4774 1102 4833 Ghristus
1119 4772 1358 4847 crucifigebatur,
1375 4776 1403 4828 st
1417 4774 1513 4831 tamen
1530 4770 1636 4828 Petrus
1652 4770 1803 4841 terrorem

67 4857 159 4916 litatis
174 4861 275 4917 studio
291 4867 462 4934 sequentes,
480 4863 619 4935 patientia
633 4867 730 4919 aulem
754 4864 790 4921 ad
810 4865 909 4939 ipsum
966 4880 1055 4921 suum
1066 4862 1207 4921 cohibere
1215 4877 1275 4921 nou
1285 4862 1393 4934 potuit;
1406 4861 1460 4918 sed
1468 4866 1575 4917 exerto
1582 4856 1806 4947 gladiopereus·

69 4948 279 5019 pervenientes
294 4950 361 5022 (aa).
965 4971 1006 5028 eil
1017 4985 1138 5026 servum
1145 4967 1298 5042 pontificis
1307 4968 1404 5040 (losn-
1415 4967 1510 5041 xvm),
1521 4967 1804 5043 nccndttttldittem

94 5036 157 5093 Tm.
179 5037 287 5095 xllx.
310 5039 354 5094 De
368 5039 466 5097 oficio
479 5047 509 5096 ct
520 5047 670 5113 potestate
682 5041 885 5114 praelatorum.
964 5078 1072 5132 “mm
1086 5092 1142 5132 m
1156 5078 1343 5148 mmm·
1359 5073 1396 5131 ῃ
1408 5075 1467 5132 „531
1480 5074 1621 5133 omn„
1633 5085 1704 5135 ‚m
1718 5074 1803 5135 005.

1247 5176 1803 5255 mereare-ee

65 5302 356 5376 justidcmepotest3
371 5309 469 5365 tamen
484 5310 515 5363 ut
525 5307 683 5367 humanam
697 5308 910 5368 conscientiam
964 5292 1062 5353 ΜΘΗ
1077 5295 1147 5346 ²⁰¹¹ss
1164 5288 1268 5347 petum
1283 5289 1383 5346 dm
1398 5290 1512 5362 Ρθωῆἷ
1539 5290 1652 5347 ΗΜ
1669 5293 1738 5346 ⁸⁰⁸²
1752 5280 1804 5363 Ψ,

68 5392 106 5448 de
121 5409 178 5451 sua
192 5392 299 5465 pietate
311 5397 420 5451 certam
431 5395 552 5467 iaceret,
568 5399 745 5469 potestatem
757 5396 911 5455 relaxandi
966 5396 1118 5457 uobiscum
1132 5401 1202 5455 sunt
1212 5413 1295 5472 gurm
1308 5396 1358 5471 qvi
1367 5413 1430 5457 cvm
1438 5390 1503 5453 1'111'8
1512 5392 1541 5470 (l
1545 5392 1651 5469 Vliet·
1663 5391 1802 5465 ntuen-

105 5582 165 5729 (ἓξ
185 5582 264 5729 {Idem
279 5584 381 5641 videre
395 5586 529 5657 setapud
539 5586 570 5643 S.
581 5586 738 5659 ignatium,
754 5586 785 5643 ia
795 5585 853 5643 boe
863 5585 1090 5645 Exercitioram
1100 5588 1160 5644 mm
1169 5584 1376 5667 sepctaudato
1387 5585 1473 5644 loco:
1489 5584 1533 5645 Dc
1543 5578 1801 5649 duodecimilia·

68 5701 104 5715 -
167 5713 176 5729 .
216 5688 320 5731 arnon.
