3796 6022
1772 196 1851 266 tuae

496 211 718 279 APPENDIX
738 208 796 276 AD
818 203 1013 299 Henetus
1035 205 1182 273 OPERA
1202 202 1402 271 MYSTIGA.

116 219 197 287 1095

119 402 234 462 ludaeis
245 401 299 457 eit:
310 398 405 457 Multa
412 399 584 471 bonoopera
594 395 713 452 ostendi
721 394 807 451 vobis
816 393 954 450 exPetro
967 415 997 474 A
1014 391 1051 447 Et
1060 390 1130 464 quia
1140 390 1285 462 scriptum
1295 392 1356 446 est:
1375 389 1478 445 Vinum
1486 387 1760 460 modicesamptum
1774 387 1850 440 acuit

121 489 336 561 meo(Joan.x).
346 489 466 545 Gadean
480 488 516 542 ad
527 502 657 559 pugnam
674 501 759 540 suam
770 484 806 540 ad
826 482 955 556 traginta
1013 475 1851 554 ingeniummccipimusquemlibetjustumeximiumsin

124 580 215 636 millia
225 579 377 634 bominum
388 577 515 646 vacavit,
525 576 579 631 sed
598 577 627 630 in
643 575 785 629 trecentis
805 573 956 644 superavit
1013 573 1074 625 tute
1089 569 1253 640 sapientie.
1262 569 1318 624 Per
1332 568 1420 623 ltcum
1436 567 1563 639 denique
1579 565 1748 636 accipimus
1762 564 1848 619 alium

121 669 229 741 (tudio.
242 669 303 737 vn),
316 669 345 721 et
356 666 386 721 in
397 666 529 721 exercitu
545 664 654 720 Christi
666 662 752 718 matti
767 669 836 717 sunt
851 661 955 731 vocati,
1012 658 1235 730 praepollentem
1247 658 1342 731 gratia
1352 656 1518 712 dulcedinis
1527 656 1662 710 interum.
1675 654 1848 709 l'icuseaim

116 751 958 830 paucielectitMattb.xx).Significautautemillitrecen·
1014 747 1131 801 dulcem
1155 746 1244 801 habet
1267 745 1406 800 tructam.
1425 745 1520 818 Ligna
1545 745 1622 800 enirn
1648 742 1804 798 silvestria
1817 742 1850 795 ad

121 844 570 916 tiviriomneseteetosquivere
588 840 830 896 armatisuntfide
847 840 958 893 sanctae
1014 835 1119 906 oleam,
1131 835 1231 906 vitem,
1242 834 1340 904 ficum,
1352 837 1384 889 ut
1394 850 1431 889 ex
1446 834 1491 889 eis
1502 850 1604 907 regem
1622 832 1784 902 accipiant,
1799 846 1850 886 ve-

122 937 152 990 et
161 933 321 988 individuae
340 933 502 998 Trinitatis,
524 933 589 986 sive
605 929 766 985 munimine
782 927 959 999 triumprin-
1014 926 1109 994 niunt,
1126 940 1193 979 cum
1213 922 1353 996 quaelibet
1372 923 1567 979 intractuasae
1580 923 1780 995 cogitationes
1799 920 1849 975 ali·

123 1023 424 1094 cipaliumvintutum,
435 1021 515 1092 ildei,
530 1021 605 1092 spei,
616 1023 645 1076 et
662 1018 825 1074 charitatis.
842 1016 898 1082 Qui
906 1031 960 1070 ne·
1015 1013 1206 1084 quemvirum
1213 1011 1734 1084 misericordem,autsapientem,vel
1742 1010 1849 1078 mitem,

124 1127 273 1184 quaquam
288 1111 366 1166 tlexo
381 1109 501 1182 poplite,
518 1110 567 1166 vel
590 1125 641 1164 cre
656 1107 787 1163 tluminis
802 1106 888 1178 aquis
903 1104 960 1159 im·
1015 1100 1384 1173 autdulcemiuproelatum
1397 1101 1708 1173 requiruntSedolea,
1718 1099 1802 1169 vitis,
1820 1099 1851 1153 ll·

126 1216 226 1257 merso
240 1199 355 1270 bibunt,
372 1199 442 1271 quia
454 1199 486 1254 in
501 1199 592 1254 rebus
609 1196 832 1253 transeuntibus
843 1210 962 1249 nonsu·
1018 1190 1267 1263 cutnea,regnum
1276 1190 1728 1263 talerespuunt,quiaelectiper
1744 1203 1850 1260 pravo·

125 1290 249 1362 perflue,
265 1289 320 1344 sed
344 1287 518 1343 necessaria
540 1289 651 1342 tantum
666 1287 812 1358 quaerant.
832 1283 963 1354 Reprobi
1017 1296 1083 1335 rum
1099 1278 1249 1350 malitiam,
1276 1280 1303 1334 si
1325 1294 1428 1335 eorum
1454 1279 1600 1352 regimine
1625 1278 1849 1347 constituantur,

44 1404 49 1413 ·
125 1393 198 1435 uero
208 1379 285 1434 llexo
294 1377 413 1448 poplite,
427 1380 456 1433 et
465 1391 517 1433 ore
527 1375 658 1448 lymphis
667 1373 958 1430 immersotorrentis
1017 1367 1242 1440 propriolruotu
1256 1368 1367 1440 privari
1378 1368 1475 1424 etillis
1484 1368 1526 1423 nit
1533 1368 1683 1439 prodesse
1693 1367 1850 1439 pertimes-

126 1481 219 1539 aquas
233 1465 348 1535 bibunt,
365 1465 434 1537 quia
458 1465 547 1520 tluxis
563 1480 662 1519 rerum
686 1462 907 1518 transeuntium
924 1461 962 1517 de
1018 1460 1098 1513 cunt.
1116 1456 1227 1513 Deinde
1236 1457 1317 1530 ligna
1327 1458 1481 1513 rhamnum
1491 1473 1624 1530 superse
1634 1456 1849 1530 regemlevant,

127 1554 305 1611 lectionibus
316 1569 350 1608 se
364 1556 442 1609 totos
455 1554 643 1625 immergunt.
656 1552 776 1608 Gedeon
795 1567 853 1606 non
866 1551 963 1606 solum
1019 1562 1086 1601 eum
1101 1545 1195 1618 iniqui
1205 1546 1294 1602 alium
1306 1545 1439 1618 iniquum
1457 1546 1553 1618 spinis
1564 1549 1758 1619 peccatorum
1773 1544 1849 1600 obsi-

130 1643 213 1712 citra,
225 1642 279 1697 sed
290 1644 318 1696 et
328 1641 403 1697 ultra
414 1643 574 1697 tardonem
586 1642 690 1696 hostes
701 1641 862 1712 superavit,
876 1639 963 1695 Chri·
1020 1638 1082 1690 tum
1096 1635 1127 1690 in
1140 1638 1287 1692 rectorem
1302 1636 1500 1707 expostulant.
1518 1636 1569 1691 lsti
1586 1627 1708 1708 quoque
1723 1635 1796 1707 igne
1810 1634 1848 1687 al-

130 1734 264 1786 stusnou
273 1732 384 1786 tantum
396 1731 426 1786 in
437 1731 550 1802 tudam,
561 1746 663 1785 verum
677 1732 763 1785 etiam
779 1731 809 1784 in
819 1730 963 1786 Gentibus
979 1745 1005 1807 B
1019 1728 1103 1782 terno
1112 1724 1850 1798 devorantur,dumperversisubjectietperversos

130 1820 281 1875 demones
290 1819 481 1892 expugnavit.
491 1818 539 1874 Sic
551 1819 682 1887 Godeon,
694 1819 738 1873 sic
754 1819 891 1874 Christus
906 1835 963 1889 pu·
1022 1829 1124 1870 aarum
1132 1813 1272 1884 praelatus
1283 1814 1423 1869 alterutro
1434 1813 1534 1870 lurore
1543 1816 1571 1868 et
1582 1814 1621 1868 ita
1630 1812 1850 1868 conturbantur.

129 1909 232 1981 gnavit
246 1911 275 1962 et
285 1908 445 1978 superavit.
458 1907 532 1978 Nos,
544 1907 646 1980 igitur,
658 1906 776 1979 iratres,
790 1908 964 1963 considere·
1022 1903 1174 1959 Eltalibus
1186 1901 1785 1976 hominibusdelatiigneacdevarationis
1795 1916 1852 1972 pro

133 2013 201 2052 mus
216 1996 364 2070 quomodo
378 2011 557 2068 pugnemus,
573 1998 605 2052 ut
619 2012 806 2067 superemus.
824 1996 906 2061 Quod
919 2012 966 2052 me
1020 1992 1108 2064 pheta
1126 1993 1170 2047 sic
1185 1993 1243 2048 ait:
1261 1992 1396 2065 Spiritus
1413 1998 1516 2048 uester
1531 1998 1560 2046 nt
1576 1992 1660 2065 iynis
1679 1991 1799 2047 rorabit
1808 2004 1853 2045 ros

134 2086 276 2142 videritis
286 2085 398 2155 iacere,
408 2086 482 2140 dixit
492 2085 613 2141 Gedeon
624 2085 800 2141 hominibus
822 2086 900 2140 suis.
911 2085 966 2140 troc
1022 2081 1092 2152 (isa.
1105 2084 1223 2151 xxxin).
1239 2081 1311 2137 Cum
1328 2082 1406 2136 enim
1421 2082 1549 2136 invicem
1565 2081 1710 2150 invident,
1728 2080 1850 2135 invicem

132 2174 240 2240 tacita·
250 2181 279 2230 et
290 2172 964 2244 conclamatoDominoctGedeonitdndicmn),
1023 2170 1167 2241 mordent,
1184 2171 1311 2226 invicem
1336 2173 1560 2226 consumantur.
1586 2169 1645 2225 Sed
1657 2169 1722 2242 jam
1737 2168 1776 2223 ad
1790 2183 1853 2222 nos-

134 2262 395 2319 Sicuulthristus
404 2265 435 2317 ut
443 2262 737 2335 illioompagnemus,
746 2263 966 2318 conclamemus
1022 2262 1097 2313 tram
1112 2260 1266 2315 materiem
1281 2263 1473 2315 revertamur.

134 2355 163 2407 et
173 2367 361 2423 superemus.
373 2351 548 2422 Exemplum
559 2351 637 2407 enim
646 2352 725 2406 dedit
735 2351 837 2408 nobis:
848 2353 880 2407 ut
889 2352 968 2407 siout
1061 2347 1198 2405 Christus
1210 2349 1308 2421 itaque
1322 2347 1429 2421 jugum
1440 2349 1541 2404 oneris
1552 2348 1647 2403 nostri
1668 2350 1698 2403 et
1707 2350 1856 2418 sceptrum

136 2441 202 2512 ipse
220 2440 300 2509 iecit,
316 2440 356 2495 ita
370 2443 399 2495 et
409 2455 465 2495 nos
476 2439 630 2495 iaciamus.
647 2439 691 2494 nd
706 2440 763 2495 boc
779 2444 914 2510 spectare
928 2439 969 2494 vi·
1024 2438 1172 2493 exactoris
1180 2438 1371 2506 nostri,sicut
1387 2439 1417 2493 in
1431 2438 1477 2493 die
1485 2437 1601 2492 Madian
1618 2436 1859 2508 superauit,quia

137 2529 222 2584 detur
232 2528 311 2601 quod
322 2529 378 2584 ait:
396 2527 452 2594 Qui
466 2528 496 2582 in
507 2545 553 2584 me
576 2529 712 2599 credant,
732 2544 821 2601 opera
837 2544 900 2601 qum
914 2542 969 2600 epo
1023 2527 1094 2581 tuba
1109 2542 1173 2581 suae
1188 2526 1420 2597 predicationis,
1437 2529 1466 2582 et
1480 2527 1621 2598 passione
1636 2525 1754 2593 martis,
1767 2529 1797 2580 et
1810 2541 1859 2580 ex·

135 2616 223 2687 facio,
246 2617 307 2688 ipsi
323 2615 446 2686 iaciunt,
459 2622 488 2672 et
499 2617 612 2689 majora
628 2617 731 2672 trorum
749 2615 861 2672 facient
871 2616 967 2687 (doun.
1024 2615 1167 2670 bibitione
1178 2615 1265 2671 bonae
1275 2615 1401 2671 actionis
1412 2615 1565 2671 daemones
1576 2614 1750 2682 debellavit,
1762 2618 1792 2670 et
1806 2629 1860 2669 nos

135 2705 207 2776 xiv).
227 2703 379 2760 Habemus
400 2708 498 2760 autem
516 2720 575 2760 uon
591 2708 702 2760 tantum
712 2704 862 2760 Christum
877 2722 969 2777 popu·
1025 2703 1062 2759 ab
1078 2719 1180 2759 eorum
1196 2704 1395 2761 dominatione
1421 2704 1566 2760 liberavit.
1584 2704 1739 2758 Habemus
1763 2705 1859 2757 autam

135 2796 289 2867 gustarem
304 2795 333 2848 et
361 2792 556 2861 Salvatorom,
573 2809 677 2848 veram
705 2794 792 2849 etiam
815 2795 969 2865 praelatum
1025 2795 1054 2847 et
1068 2792 1157 2848 alium
1172 2793 1350 2859 Gedconem,
1367 2794 1397 2848 id
1407 2798 1453 2848 est
1461 2790 1571 2848 Christi
1585 2791 1821 2865 propugnatoris
1831 2794 1859 2846 et

136 2884 281 2951 nostram,
298 2881 348 2953 qai
364 2881 429 2937 vice
445 2880 513 2954 ejus
529 2882 672 2955 fungitur,
698 2882 750 2954 qui
766 2898 822 2939 nos
837 2883 925 2939 debet
940 2884 970 2939 in
1026 2881 1183 2937 salvatoris
1199 2883 1230 2937 in
1245 2882 1301 2937 hoc
1316 2882 1395 2939 betto
1409 2882 1505 2937 uicem
1528 2885 1691 2954 gerentem,
1707 2881 1860 2952 praelatum

136 2970 216 3027 bello
226 2971 406 3042 praecedere,
421 2974 449 3026 et
458 2971 545 3027 nobis
556 2971 725 3042 exemplum
733 2971 884 3044 pugnandi
892 2988 970 3028 mon·
1026 2971 1142 3026 scilieet
1157 2974 1302 3042 nostrum,
1321 2971 1402 3026 illius
1413 2971 1524 3026 auxilio
1536 2971 1640 3027 hostes
1651 2974 1777 3027 nostros
1787 2985 1859 3042 quo·

137 3058 473 3127 strara.Quiutiaamsit
483 3059 612 3126 Gedeon,
624 3076 684 3115 non
701 3061 884 3116 Abimetecb.
896 3060 969 3116 Abi·
987 3059 1096 3147 clidie
1113 3060 1318 3116 debellantem.
1329 3060 1385 3115 Hic
1401 3058 1504 3114 offerat
1519 3075 1645 3115 necesse
1657 3063 1705 3114 est
1725 3075 1794 3114 cum
1803 3059 1859 3115 Ge-

136 3149 252 3205 melech
272 3149 350 3204 euim
361 3149 673 3221 significatpraelatum
692 3150 851 3221 reprobum
867 3153 895 3206 et
910 3150 968 3205 iui-

136 3253 237 3310 quum,
267 3239 319 3311 qui
341 3254 408 3311 quae
427 3254 481 3293 sua
498 3241 567 3293 sunt
582 3239 701 3311 quaerit,
717 3255 777 3293 non
800 3255 866 3310 quae
895 3239 969 3296 lesu

136 3327 258 3384 Christi.
268 3327 441 3383 Abimelecb
451 3326 969 3399 iratressuossuperunumlapidem

136 3415 304 3471 trucidavit.
316 3415 438 3487 lniquus
458 3415 599 3486 praelatus
611 3432 685 3472 suos
704 3416 874 3486 tratresper
890 3416 970 3472 duri·

135 3501 205 3559 tiam
214 3517 299 3558 suam
310 3503 444 3558 destruit.
467 3504 639 3559 Abimetacb
657 3505 741 3560 urbis
759 3521 822 3561 suae
833 3505 970 3561 homines

140 3591 260 3663 occidit,
278 3592 405 3664 elsatia
415 3608 450 3648 ea
460 3591 611 3663 dispersit,
629 3597 657 3649 et
671 3595 817 3665 reprobus
830 3596 971 3666 praelatus

138 3680 168 3736 in
185 3680 320 3737 Ecclesia
335 3698 389 3737 sua
406 3681 565 3737 commissa
582 3683 640 3738 sibi
665 3682 820 3755 subjectos
835 3684 928 3740 verbo
942 3687 972 3740 et

139 3769 277 3840 exemplo
292 3769 442 3841 interimit,
460 3785 514 3826 nec
530 3771 693 3843 sapientem
716 3787 772 3827 nec
795 3773 970 3844 sapientiam

138 3856 169 3914 in
184 3857 249 3930 ipsa
273 3856 445 3931 inquantum
462 3859 529 3931 ejus
545 3861 680 3930 pravitati
702 3861 865 3933 permittur,
882 3862 970 3916 dere-

136 3947 257 4020 linquit.
277 3947 411 4004 Habeant
425 3964 496 4021 ergs
514 3949 572 4004 viri
587 3949 705 4005 Sichem
721 3950 969 4022 abimelechmos

137 4037 250 4091 utinam
264 4035 426 4092 habeamus
441 4037 620 4095 Gedeouem.

173 4124 399 4196 lerunt,inquit,
409 4125 903 4197 liqnasiIrarunrutconstituerent
917 4145 969 4184 sn·

134 4226 192 4284 per
200 4228 233 4268 se
241 4227 354 4285 nepem,
365 4220 512 4269 venerunt
525 4215 563 4271 ad
571 4217 673 4288 oleam,
691 4217 894 4288 vitemfflrcum,
907 4235 970 4291 qum

137 4306 971 4379 omnesrenuerantsnpercarenarrantinterenpromo·

1028 3148 1122 3204 deone
1133 3165 1225 3221 panes
1236 3165 1356 3222 azymos
1367 3165 1421 3220 per
1431 3149 1597 3220 simplicem
1605 3148 1745 3204 videlicet
1755 3147 1859 3203 doctri·

1028 3253 1105 3309 nam,
1115 3239 1232 3294 haedum
1241 3238 1512 3309 perpaenitentiam,
1523 3242 1551 3293 et
1561 3239 1661 3309 ipsum
1672 3240 1792 3294 coctum
1810 3252 1860 3308 per

1029 3327 1215 3398 dilectiones,
1233 3331 1261 3382 et
1286 3326 1416 3398 desuper
1429 3328 1499 3382 thus
1523 3327 1625 3382 tundat
1649 3343 1704 3398 per
1718 3342 1860 3398 compun-

1029 3417 1166 3473 ctionem.
1181 3415 1290 3472 Ollerat
1306 3421 1333 3471 et
1348 3421 1473 3486 tatarum,
1491 3417 1606 3472 scilicet
1617 3416 1862 3488 semetipsum,ut

1029 3507 1097 3561 licet
1121 3507 1197 3561 mori
1219 3521 1274 3576 pro
1288 3505 1403 3578 {populo
1425 3522 1481 3561 suo
1503 3523 1563 3562 non
1586 3506 1740 3578 contingat
1763 3520 1859 3577 opere,

1029 3595 1104 3650 mori
1115 3598 1212 3650 tamen
1222 3611 1276 3665 pro
1291 3595 1357 3667 ipso
1372 3598 1492 3665 paratus
1512 3597 1551 3650 sit
1565 3609 1686 3665 semper
1701 3595 1860 3651 voluntate.

1028 3684 1196 3757 Inquediar,
1204 3683 1433 3755 inquitGedeon,
1441 3690 1559 3756 partem
1565 3691 1745 3752 castrorum,
1753 3689 1784 3740 et
1791 3681 1863 3756 queri

1028 3772 1133 3828 iecere
1146 3772 1305 3827 sectamini
1326 3772 1435 3844 (indic.
1456 3775 1519 3843 νιι).
1536 3772 1585 3828 Sic
1606 3774 1705 3829 omnis
1721 3773 1863 3845 praelatus

1029 3861 1087 3916 sibi
1099 3860 1246 3934 subjectis
1258 3861 1335 3917 bene
1346 3862 1464 3917 vivendi
1477 3861 1600 3918 sormam
1609 3863 1698 3918 debet
1709 3863 1863 3932 exhibere,

1029 3966 1065 4005 ne
1076 3950 1112 4005 de
1122 3950 1862 4025 illorumessenumerocomprobeturquidicantet

1029 4038 1532 4112 nontaciunt,etquiatligantonera
1539 4040 1641 4114 gravia
1657 4039 1866 4112 etimportabi·

1029 4129 1077 4199 lia,
1094 4133 1122 4183 et
1137 4129 1292 4199 imponunt
1312 4129 1342 4183 in
1361 4130 1502 4185 humeros
1518 4130 1681 4199 bominum,
1700 4130 1796 4203 digito
1810 4145 1865 4184 au·

1027 4218 1427 4274 temsuonolunteamovere
1438 4217 1663 4290 (Mattiaxxm).
1679 4219 1868 4292 Ingrediatur

1029 4323 1102 4380 ergo
1113 4311 1211 4363 castra
1222 4307 1352 4376 hostilia,
1372 4323 1432 4363 aon
1448 4308 1545 4362 solum
1563 4323 1597 4363 ea
1609 4325 1677 4381 qum
1695 4308 1867 4377 suntutilia,

141 4389 737 4464 aeri.Dixeruntuueliqnaadrliamaum,
755 4394 868 4468 impera
882 4402 971 4452 tuno·
987 4392 1015 4454 D
1030 4397 1212 4465 necessaria,
1225 4395 1401 4451 velinmalis
1418 4397 1561 4452 cavendis
1577 4400 1626 4452 aut
1635 4398 1762 4454 inbonis
1779 4413 1868 4454 exer·

139 4478 199 4536 bis.
211 4478 280 4546 Quae
287 4481 458 4553 respondit:
469 4482 505 4536 Si
518 4499 643 4539 rereme
651 4500 754 4556 nepem
766 4485 851 4540 vebis
859 4485 972 4540 consti·

140 4569 971 4646 taitis,renite,etsubarnbramearequiescite.Siautem

138 4674 195 4715 non
207 4658 307 4730 vultis,
317 4659 495 4732 eqrediatur
506 4660 588 4732 iqnis
603 4661 640 4716 de
655 4662 789 4732 rhamno,
803 4667 832 4717 et
846 4661 972 4718 devoret

141 4748 249 4804 cedros
259 4747 369 4803 Libani
378 4748 457 4819 (dud.
474 4751 525 4818 ix).
537 4748 632 4821 Ligna
647 4749 790 4806 silvarum
807 4752 971 4808 secuudum

136 4835 307 4908 parabolam
317 4836 452 4892 doaathae
462 4840 531 4892 sunt
541 4837 596 4891 viri
608 4838 737 4909 Sicbem,
745 4840 888 4896 rhamnus
897 4841 971 4897 Abi-

136 4922 262 4978 melech.
274 4924 443 4980 Secundum
455 4926 712 4998 mysticamautem
723 4929 972 5001 significationem

137 5011 208 5084 quid
223 5013 334 5069 rectius
348 5030 401 5085 per
419 5015 500 5088 ligna
526 5017 669 5072 silvarum
693 5019 866 5089 accipimus,
883 5036 971 5092 quam

136 5101 272 5157 nationes
283 5102 330 5159 vel
341 5106 589 5177 congregationes
598 5105 747 5179 quaslibet
757 5107 785 5161 in
791 5107 969 5178 inactuosas,

142 5193 171 5247 at
184 5191 321 5247 homiues
336 5193 367 5248 in
390 5194 520 5264 peccatis
536 5210 667 5250 annosos
691 5198 721 5251 et
735 5200 922 5268 veternosos,
940 5200 969 5253 et

139 5282 260 5336 eternis
268 5281 415 5337 incendiis
422 5284 528 5354 aptos?
540 5285 801 5340 Percleumautem
809 5302 971 5357 possumus

136 5369 302 5442 intelligere
318 5370 434 5426 lldelam
450 5371 578 5443 aliquem
593 5372 689 5428 virum
706 5374 900 5430 excellentem
908 5376 970 5431 vir·

135 5461 197 5515 tute
208 5459 431 5516 misericordiae.
441 5459 683 5534 Pervitemvero,
691 5478 726 5519 co
733 5463 813 5536 quod
821 5463 968 5538 Christus,

133 5547 388 5636 quleetsapientia
396 5547 460 5625 Dei,
477 5548 532 5609 ait:
550 5548 691 5626 Eposum
714 5552 967 5632 vinctionem).

1032 4485 1337 4555 cendisprovidendo‚
1346 4485 1543 4556 disponendo,
1556 4486 1645 4542 sedet
1659 4486 1811 4543 facienda.
1820 4487 1869 4543 la·

1030 4573 1183 4647 grediatar
1188 4577 1300 4644 partem
1308 4577 1483 4644 castrorum,
1498 4574 1695 4630 ministerium
1709 4591 1802 4631 suum
1813 4592 1868 4631 rm·

1030 4663 1869 4735 plendo.Ingrediaturcastrorumpartem3nonenimom·

1030 4751 1871 4827 niapotcstsolusquiamanusbloysigravessunt,etin·

1030 4842 1132 4914 digent
1147 4841 1272 4899 aliorum
1288 4843 1398 4898 auxilio
1414 4842 1719 4914 sustentari.Clangat
1732 4845 1806 4899 tuba
1817 4860 1871 4900 sua

1029 4931 1543 5005 praedicandoetcantande,lrangat
1551 4932 1686 5004 lagenam
1700 4931 1871 5005 jejunando

1030 5024 1058 5074 et
1073 5022 1235 5092 vigilando,
1247 5021 1389 5076 accendat
1404 5021 1531 5077 faculam
1545 5021 1671 5076 virtutes
1687 5023 1871 5094 exercendo,

1028 5108 1872 5180 bonaoperaexhibendo.EtnosDomiaoetGedeonicon·

1029 5197 1201 5265 clamamus,
1213 5200 1311 5270 ipsum
1319 5200 1402 5255 inhis
1410 5200 1548 5256 omnibus
1559 5200 1711 5255 imitando.
1724 5200 1787 5257 Sed
1798 5204 1868 5257 sunt

1028 5287 1870 5363 quidemcarnates,etiamreligionisbabitupalliati,quo·

1029 5376 1271 5432 aumbuceiaatio
1287 5381 1347 5433 tota
1364 5378 1493 5433 carnatis
1508 5382 1564 5434 est.
1575 5378 1735 5450 Nunquam
1743 5381 1825 5437 euim
1836 5379 1872 5437 de

1028 5465 1380 5539 religionemunquamde
1388 5467 1595 5524 emundatione
1607 5467 1722 5524 ordinis
1740 5468 1872 5544 loquun-

1027 5556 1717 5634 tur,quiasecundumapostoticamsententiam
1734 5573 1870 5641 nonque
