3796 6022
563 271 849 339 MISOELANEA.
872 310 909 322 -
931 275 1012 339 ms.
1035 276 1061 339 1.
1138 256 1142 264 ’
1634 278 1695 345 aaa

58 475 174 545 ris‚alia
188 476 267 532 intas
282 493 336 547 per
355 477 642 532 munditiamcordis.
658 475 800 531 Munditie
815 456 844 518 Α
859 478 1095 546 praepararentur
1109 476 1227 548 at,dum
1237 477 1338 533 vinum
1353 494 1461 534 novum
1472 477 1645 534 tunderetur
1664 479 1694 534 in

58 564 99 620 ris
115 569 161 620 θεῖ
175 566 325 621 abstinere
341 567 537 636 amaloopere
553 582 560 636 3
578 566 719 621 munditia
730 580 798 620 cor·
858 568 939 619 atras
967 580 1073 636 novos,
1104 566 1229 636 primum
1258 567 1479 637 mundarentur,
1502 583 1539 623 ne
1560 567 1695 622 infusum

57 654 188 708 incorum
200 670 269 709 esse
284 670 301 708 a
319 655 394 708 mala
416 656 619 709 delectatione.
640 654 702 725 Qui:
725 669 798 725 ergo
856 654 1055 725 pollueretur3
1071 658 1174 725 postea
1188 655 1360 728 ligarentur,
1387 671 1423 710 ne
1434 655 1563 711 effusum
1578 656 1692 711 amitta-

58 743 137 798 itiam
152 747 180 797 et
201 744 457 799 mansuetudinem
479 744 577 812 habet,
601 744 666 797 ovis
691 746 746 798 est.
764 743 800 797 Et
855 747 945 799 retur.
958 743 1170 799 Mundarentur
1183 761 1200 798 a
1214 745 1323 816 gaudio
1335 744 1508 816 iniquitatis
1525 745 1692 818 ligarentur

58 831 248 900 lisbonacst,
265 832 310 885 sic
332 833 448 887 tandem
469 837 572 902 pastor
593 832 669 886 tlerit
689 833 798 903 potest,
855 837 956 888 contra
971 833 1112 905 gaudium
1125 833 1273 886 vanitatis,
1291 833 1357 888 Non
1381 834 1460 888 enim
1475 833 1586 889 bonum
1615 849 1691 905 gau-

58 920 113 975 ius
125 921 155 974 in
169 937 222 974 sua
235 921 422 991 subjectione
438 921 549 989 didicit,
562 921 710 992 quomodo
731 919 799 976 aliis
854 923 932 977 dium
954 921 1056 976 venire
1085 922 1186 992 potuit,
1219 921 1279 976 nisi
1307 923 1390 992 prius
1408 923 1562 978 recederet
1582 922 1691 978 malum

58 1025 96 1064 tse
107 1010 212 1081 possit.
225 1009 347 1074 Quidam
359 1010 670 1080 enimsuntpastorcS.
680 1010 800 1080 quidam
852 1011 961 1065 Malum
976 1010 1117 1083 gaudium
1131 1013 1177 1065 est
1190 1010 1332 1081 gaudium
1348 1011 1521 1082 iniquitatis,
1540 1014 1568 1066 θῖ
1580 1011 1691 1066 matum

58 1099 149 1167 marii,
167 1099 285 1170 quidam
301 1099 371 1167 lupi.
395 1099 535 1152 Pastores
559 1105 628 1152 sunt
648 1099 698 1169 qai
727 1113 799 1152 ovas
853 1099 993 1171 gaudium
1004 1102 1049 1155 ast
1065 1100 1204 1171 gaudium
1212 1099 1362 1155 vanitatis.
1374 1099 1518 1155 Gaudium
1527 1100 1690 1170 iniquitatis

58 1190 108 1257 nt,
125 1188 309 1257 mercenarii,
325 1188 375 1257 qui
398 1189 493 1241 lanam
514 1191 542 1240 et
561 1188 607 1241 lac
626 1187 799 1257 accipiunt3
852 1188 972 1258 polluit3
993 1189 1133 1260 gaudium
1154 1188 1292 1242 vanitatis
1315 1185 1446 1242 effundit.
1469 1188 1614 1243 Gaudium
1630 1189 1689 1243 ini-

58 1277 557 1346 quicar-nescomedunt.Past01·es
576 1275 749 1331 custodiunt
770 1275 799 1329 in
853 1275 972 1348 quitatis
987 1277 1082 1331 reddit
1101 1292 1155 1331 vas
1178 1276 1356 1343 sordidum3
1382 1277 1523 1347 gaudium
1551 1277 1689 1333 vanitatis

58 1365 168 1433 critatc,
180 1369 206 1419 ct
218 1366 379 1419 ‹letendunt
391 1366 420 1418 in
432 1365 620 1419 adversitate.
645 1365 799 1419 Mercena-
852 1365 948 1420 reddit
967 1381 1021 1419 vas
1043 1365 1195 1420 rimosum.
1216 1364 1361 1420 Gaudium
1380 1365 1553 1436 iniquitatis,
1571 1366 1688 1435 quando

58 1453 179 1508 studiant
196 1454 224 1507 in
241 1454 445 1524 prosperitate,
461 1454 514 1507 sed
531 1468 590 1507 non
601 1451 799 1508 detenduntin
852 1454 1690 1527 peccatumdiligitur;gaudiumvanitatis,quandotrans·

58 1541 150 1596 sitate.
163 1543 236 1611 Lupi
253 1558 310 1596 non
327 1543 497 1596 custodiunt
508 1542 537 1596 in
548 1542 754 1612 prosperitate,
772 1545 800 1596 et
852 1543 937 1599 itoria
956 1548 1100 1598 amantur.
1130 1542 1213 1613 Ejice
1243 1558 1315 1615 ergo
1340 1544 1419 1615 quod
1442 1542 1552 1597 malum
1576 1545 1632 1611 est,
1658 1544 1690 1597 ut

58 1633 101 1684 int
116 1631 145 1684 in
160 1630 346 1684 adversitate.
364 1632 505 1685 Pastores
521 1629 797 1702 satutequuaerunt,
854 1633 933 1703 quod
945 1631 1056 1687 bonum
1067 1634 1113 1686 est
1128 1631 1281 1702 percipere
1290 1631 1402 1702 possis
1415 1628 1540 1685 Ett‘unde
1551 1630 1689 1686 amaritu-

58 1719 266 1773 mariilucrum
286 1721 435 1789 appetunt.
452 1720 539 1790 Lupi,
563 1719 679 1790 peccati
704 1722 796 1774 mete·
854 1721 961 1790 dinem,
983 1724 1014 1775 ut
1042 1720 1197 1775 dulcedine
1229 1721 1389 1791 implearis.
1415 1720 1544 1791 Spiritus
1566 1721 1689 1775 sanctus

58 1808 98 1862 vel
113 1807 259 1862 licentiam
277 1809 383 1864 ovibus
395 1809 509 1875 dantes,
533 1809 680 1863 accidunt.
704 1808 796 1862 Primi
812 1823 837 1884 B
853 1809 994 1883 gaudium
1015 1813 1070 1879 est,
1091 1813 1120 1864 et
1130 1808 1257 1879 Spiritus
1280 1812 1401 1864 sanctus
1416 1824 1500 1863 amor
1516 1811 1573 1863 est.
1600 1807 1684 1881 Ejice

58 1896 217 1969 litigantes
234 1898 358 1951 secundi
380 1898 578 1970 negligentes,
605 1898 682 1952 tertii
701 1897 795 1968 pesti·
854 1899 990 1970 spiritum
1013 1898 1113 1953 mundi
1139 1902 1167 1953 et
1196 1898 1331 1969 spiritum
1359 1897 1477 1966 diaboli,
1506 1900 1538 1951 ut
1558 1897 1688 1967 accipias

59 2026 67 2040 ·
854 1987 995 2059 Spiritum
1024 1988 1087 2043 Dei.
1112 1987 1240 2058 Spiritus
1256 1987 1365 2041 diaboli
1387 1989 1526 2058 operatur
1544 1985 1687 2058 gaudium

58 2074 100 2130 211.
117 2075 161 2129 Dc
176 2091 210 2130 co
225 2076 537 2148 qaodscriptmncst:a
552 2075 797 2148 Nisieqoabiero
854 2076 1027 2148 iniquitatis,
1059 2079 1087 2131 et
1120 2076 1232 2146 spritus
1260 2075 1361 2130 mundi
1383 2077 1522 2145 operatur
1546 2072 1687 2146 gaudium

214 2164 392 2219 Paracletus
408 2181 464 2219 nou
482 2165 608 2220 veniet«
854 2165 1002 2220 vanitatis.
1026 2165 1061 2219 Et
1091 2167 1160 2219 sunt
1196 2163 1272 2218 mala
1302 2163 1409 2236 gaudia
1439 2162 1519 2216 ista:
1549 2162 1688 2233 quoniam

58 2251 795 2323 lopoabicrol'aracletosncnvcrriet(doa11.xv1).
854 2255 978 2309 alterum
997 2254 1112 2324 culpam
1137 2253 1233 2318 habat,
1264 2253 1386 2306 alterum
1414 2250 1603 2305 occasionem
1628 2250 1688 2304 cul·

58 2356 99 2395 ‚us
114 2341 270 2411 discipulis
286 2343 468 2412 corporalem
484 2342 672 2411 praesentiam
684 2341 797 2395 subtra-
855 2360 911 2414 pae.
928 2343 1123 2398 Venitautem
1143 2341 1270 2413 Spiritus
1291 2341 1353 2410 Dei,
1380 2338 1550 2410 cumeJecti
1579 2338 1689 2393 tuerint

58 2431 74 2484 n
102 2446 168 2485 eum
195 2431 388 2500 spiritualiter
409 2447 507 2485 amare
538 2431 696 2484 discerent.
728 2429 797 2483 Erat
853 2431 1064 2502 spiritusmali.
1082 2435 1109 2486 ct
1124 2431 1212 2484 intrat
1227 2429 1427 2484 habitaculum
1439 2428 1549 2497 cordis,
1574 2430 1688 2498 elope-

58 2519 445 2590 setipsepriussecnndum
460 2519 591 2574 eamdem
611 2518 796 2590 corporalem
852 2525 934 2575 ratur
947 2521 1088 2592 gaudium
1104 2535 1200 2587 suum,
1218 2521 1386 2572 etamorem
1402 2533 1490 2571 suum
1507 2533 1514 2586 3
1531 2531 1590 2571 non
1611 2516 1690 2571 sicut

60 2607 341 2677 nliamparacletus,
366 2609 395 2662 id
421 2611 466 2663 est
485 2608 663 2677 consolator,
685 2607 796 2662 ethaeo
852 2609 975 2681 spiritus
991 2608 1110 2676 diaboli,
1128 2623 1222 2679 neque
1238 2607 1315 2661 sicut
1330 2606 1454 2676 spiritus
1482 2604 1593 2673 mandi,
1636 2604 1688 2658 sed

58 2695 125 2750 latio
140 2697 226 2767 quasi
236 2697 281 2751 tac
296 2700 358 2751 erat
372 2697 503 2751 decarne
518 2712 639 2751 manans
651 2696 794 2766 parvulis
851 2699 993 2771 gaudium
1003 2698 1113 2752 bonum
1129 2700 1158 2752 et
1176 2711 1306 2751 amorem
1320 2695 1439 2749 bonum.
1457 2693 1590 2748 Primum
1613 2708 1689 2764 gau-

58 2799 121 2838 erea
136 2786 319 2840 subtractum
335 2789 381 2839 θεῖ
405 2787 460 2855 lac,
478 2788 508 2840 ut
533 2786 567 2838 ad
584 2784 798 2855 pertectionem
852 2788 933 2842 dium
948 2787 1091 2855 veritatis,
1109 2786 1139 2840 in
1152 2784 1334 2857 quojustitiu
1350 2783 1491 2855 diligitur,
1502 2785 1689 2853 posteagau-

58 2872 222 2928 llisamoris
232 2875 484 2929 convalescerent.
496 2874 637 2928 Ascendit
648 2873 677 2926 in
689 2873 797 2928 coetum
852 2877 933 2931 dium
948 2874 1096 2930 felicitatis
1108 2875 1138 2928 in
1155 2889 1214 2944 quo
1225 2873 1260 2927 de
1275 2871 1397 2943 praemio
1410 2871 1535 2941 ,iustitiae
1550 2873 1689 2942 percepto

58 2962 96 3017 >da
112 2968 178 3033 posd
195 2979 227 3016 se
243 2964 382 3030 traheret,
400 2966 428 3017 et
442 2963 561 3017 dilectio
572 2965 710 3033 pergeret
729 2964 797 3031 post
853 2964 1037 3030 exsultatur,
1053 2963 1193 3035 gaudium
1209 2961 1341 3015 veritatis
1356 2965 1458 3015 contra
1473 2960 1615 3031 gaudium
1634 2959 1690 3013 ini·

58 3068 111 3106 am.
137 3052 239 3123 Usque
261 3052 348 3106 hodie
364 3051 501 3106 Christus
522 3052 633 3106 amicos
663 3067 737 3105 suos
766 3050 795 3104 in
853 3052 1152 3125 quitatis3gaudium
1168 3050 1319 3105 felicitatis
1336 3053 1437 3104 contra
1453 3047 1688 3120 gaudiumvani-

60 3157 112 3195 ura
127 3156 213 3195 sacra
224 3144 252 3194 et
266 3142 460 3195 sacramentis
476 3140 620 3195 Ecclesiae
632 3144 718 3211 atque
729 3140 796 3194 aliis
814 3141 931 3203 Ctatis.
952 3142 987 3196 Et
1005 3140 1155 3211 expellunt
1176 3139 1254 3194 bana
1273 3138 1380 3210 gaudia
1404 3138 1512 3210 gaudie
1539 3136 1625 3190 mala.
1653 3135 1689 3188 Εῖ

58 3229 131 3285 tibus
141 3231 282 3284 virtutum
293 3230 443 3284 exercitiis
459 3231 542 3301 quasi
555 3230 796 3301 quadamcorpa·
853 3229 993 3302 oumlpsa
1010 3245 1063 3285 cor
1077 3228 1199 3300 implere
1210 3227 1361 3298 eruperint,
1377 3230 1447 3281 tunc
1462 3226 1589 3296 primum
1599 3239 1690 3296 agno·

58 3319 188 3373 ‚meantia
205 3320 375 3373 consolatur
391 3335 397 3373 :
414 3336 541 3390 qaorum
556 3319 722 3374 usumdum
740 3317 796 3372 ali·
852 3321 909 3376 scit
924 3321 1012 3376 homo
1027 3319 1105 3390 quod
1116 3318 1209 3389 prima
1224 3332 1295 3371 vara
1319 3330 1377 3370 non
1400 3314 1527 3383 fuerunt,
1549 3313 1688 3384 quoniam

61 3422 79 3461 o
93 3407 316 3476 dispensatione
339 3408 494 3477 subtrahit,
526 3408 611 3479 quasi
639 3407 796 3478 quamdam
852 3426 907 3465 nec
917 3410 1003 3481 plena
1019 3424 1089 3463 esse
1100 3408 1257 3479 potuerunt
1272 3406 1302 3459 in
1318 3405 1426 3477 gaudio
1441 3402 1614 3475 iniquitatis,
1631 3417 1688 3457 nec

58 3495 170 3550 nitatem
186 3513 270 3550 suam
286 3497 322 3550 ab
338 3497 433 3551 oculis
448 3497 622 3551 intuentium
644 3496 793 3565 subducit,
853 3499 1053 3570 permanentia
1064 3497 1094 3552 in
1109 3496 1217 3569 gaudio
1233 3493 1382 3549 vanitatis.

58 3584 284 3640 ritualisamoris
300 3584 797 3655 dulcedinemtantopuriusperci·
888 3588 1088 3642 Nuncautem
1111 3600 1181 3640 vera
1206 3583 1313 3656 guadia
1337 3583 1519 3637 advenerunt
1547 3580 1634 3652 plena
1659 3581 1688 3634 et

68 3674 226 3744 quominus
242 3674 316 3728 toris
332 3674 440 3728 habent
450 3675 536 3733 etiem
551 3674 588 3728 de
599 3687 689 3743 opere
701 3673 796 3727 virtu·
853 3679 973 3746 aeterna,
990 3670 1540 3743 sioutSalvatorpromisit,utpaadium
1555 3675 1687 3725 vestrum

64 3762 142 3833 quod
157 3766 284 3817 mentem
300 3778 384 3817 suam
406 3778 460 3833 per
487 3763 677 3818 intentionem
701 3760 796 3817 ellua-
854 3766 895 3819 sit
907 3763 1035 3837 planum,
1053 3769 1082 3818 el
1095 3762 1233 3836 gaudium
1244 3767 1374 3817 vestrum
1382 3757 1555 3815 nemotollet
1569 3775 1585 3813 a
1602 3757 1688 3813 vobis

854 3855 949 3925 (dean.
965 3855 1039 3924 xvi).
1055 3853 1155 3923 Ipsum
1171 3866 1243 3923 ergo
1253 3850 1392 3923 gaudium
1408 3863 1491 3902 amor
1506 3848 1561 3917 θεῖ,
1573 3849 1602 3901 θῖ
1617 3846 1686 3917 ope-

58 3938 111 3995 tlt.
127 3940 171 3995 De
182 3941 299 4012 Spiritu
310 3941 366 3996 Dei
377 3947 406 3995 et
417 3941 527 4012 spiritu
536 3940 638 3995 mundi
645 3956 702 4012 per
713 3956 796 4012 quani
853 3946 933 3998 ratur
943 3943 1067 4014 spiritus
1078 3941 1154 3996 idem
1169 3943 1197 3997 θῖ
1212 3940 1352 4012 gaudium
1368 3941 1396 3993 θῖ
1406 3950 1537 3991 amorem
1547 3935 1687 3989 Amorem

180 4036 377 4084 aonsruumata
392 4035 462 4084 suut
479 4029 574 4083 oratur
853 4032 971 4103 quando
986 4031 1176 4102 requirimus,
1193 4028 1334 4101 gaudium
1349 4025 1465 4098 qnando
1482 4024 1686 4096 possidemus.

58 4117 257 4173 ritasllomini
264 4119 661 4190 replevitorbemterraram
672 4117 795 4188 (Sept).
853 4115 1688 4191 Tamenipsumdesideriumsinegaudioesseaonpotest

58 4205 159 4261 mirum
169 4208 330 4277 siSpiritus
343 4209 457 4263 llomini
469 4208 591 4277 implere
602 4206 696 4277 potuit
708 4206 797 4260 corda
854 4226 908 4264 nec
924 4210 989 4279 ipsa
1005 4209 1121 4280 adeptio
1136 4208 1318 4263 sineamore.
1331 4207 1431 4276 ltaque
1440 4204 1688 4277 gaudiumipsum

58 4310 114 4350 rum
129 4297 180 4366 qui
193 4297 292 4366 implet
309 4299 411 4350 orbem
427 4302 571 4352 terrarum
584 4298 599 4350 ‘t
613 4296 700 4350 Nunc
721 4309 795 4365 ergo
854 4314 937 4352 amor
952 4301 1008 4367 est,
1026 4301 1055 4352 θῖ
1082 4298 1237 4368 ipseamor
1248 4295 1389 4368 gaudium
1400 4297 1455 4361 est,
1468 4292 1687 4364 quoniamineo

58 4388 114 4439 tum
124 4388 170 4440 θεῖ
184 4385 261 4456 quod
278 4385 420 4439 Dominus
436 4387 526 4440 lesus
541 4385 679 4440 Christus
689 4384 718 4437 in
728 4398 796 4453 pas·
854 4388 933 4458 quod
947 4402 1079 4441 ememus
1103 4387 1278 4457 gaudemus,
1291 4387 1318 4439 ct
1328 4385 1358 4439 id
1383 4384 1419 4438 de
1448 4399 1507 4454 quo
1521 4381 1687 4454 gaudemus

58 4475 307 4544 suaprscdixerat:
321 4473 711 4545 Consumrnntnmesttdoan.
721 4475 796 4542 xix).
811 4460 838 4520 D
855 4476 1017 4549 diligimus,
1035 4479 1063 4529 θῖ
1078 4479 1125 4530 θεῖ
1136 4474 1278 4546 gaudium
1290 4473 1403 4527 bonum
1418 4474 1447 4525 θῖ
1462 4470 1688 4525 amorhonuset

58 4577 128 4632 pam
143 4562 269 4632 Spiritus
281 4563 532 4617 sanctusvenitad
545 4563 634 4617 corda
644 4562 796 4617 hominum
854 4563 995 4636 gaudiam
1009 4563 1117 4618 malum
1133 4566 1253 4617 elamor
1263 4562 1358 4615 malus
1375 4559 1520 4640 similiter.
1537 4557 1591 4612 Est
1610 4555 1688 4611 enim

58 4650 133 4704 otuit
157 4651 225 4719 dici,
254 4657 481 4705 consummatum
502 4657 557 4705 ost.
589 4652 713 4720 Propter
741 4651 797 4705 hoc
853 4669 937 4708 amor
951 4653 1013 4722 Dei,
1031 4655 1059 4706 et
1073 4649 1329 4717 astamormundi,
1345 4652 1373 4702 et
1384 4663 1466 4701 amor
1481 4645 1604 4717 peccati.
1614 4643 1687 4709 Qut-

58 4739 154 4794 omnia
172 4739 246 4793 tacta
267 4743 336 4794 sunt
361 4757 377 4792 a
405 4755 463 4811 quo
487 4739 562 4793 tacta
591 4742 670 4805 sant,
696 4739 744 4793 val
767 4740 798 4792 in
853 4743 919 4798 dam
935 4742 1014 4796 enim
1029 4740 1125 4794 solum
1146 4739 1340 4793 Deumamant
1359 4735 1483 4801 Quidam
1493 4733 1689 4804 aliudproeter

58 4830 112 4882 late
127 4828 173 4882 vot
189 4828 219 4882 in
229 4829 379 4898 passione,
401 4828 447 4882 vel
465 4829 493 4881 in
517 4828 736 4882 resurreetione
750 4827 799 4882 val
854 4832 1024 4886 Deumoum
1040 4829 1101 4883 Deo
1117 4830 1224 4894 amant,
1247 4825 1320 4880 nihil
1344 4827 1440 4879 tamen
1457 4825 1559 4878 contra
1583 4822 1687 4877 Deum.

58 4915 186 4971 nacione
202 4917 275 4970 lesu
288 4917 407 4985 (lbristi,
425 4915 798 4970 siveincaeterisomnibus
853 4920 909 4974 Alii
927 4921 1029 4973 eontra
1046 4917 1138 4972 Deum
1149 4915 1284 4986 quaedam
1295 4917 1402 4981 amant,
1419 4916 1447 4967 θῖ
1461 4913 1493 4967 lii
1517 4912 1611 4968 Deum
1629 4926 1689 4967 non

58 5003 173 5059 terbum
192 5004 374 5059 incarnatam
398 5004 557 5059 visibiliter
585 5008 736 5075 operatum
752 5006 799 5059 est
853 5008 959 5062 amant.
974 5005 1030 5071 Qui
1052 5004 1150 5059 solum
1179 5003 1272 5058 Deum
1299 5005 1407 5071 amant,
1424 5000 1575 5057 aediticant
1598 5016 1690 5074 super

58 5093 225 5147 arationem
235 5093 397 5165 hominum,
413 5097 445 5148 ut
461 5094 517 5147 hoc
531 5093 643 5148 bonum
654 5109 741 5148 suum
750 5108 797 5147 re·
853 5095 1073 5150 tundamentum
1084 5108 1196 5159 aarum,
1209 5097 1364 5164 arpentum
1374 5096 1403 5145 et
1411 5090 1527 5162 lapides
1533 5089 1687 5162 pretiosos

58 5181 233 5250 ttlromo,ad
254 5183 333 5253 quod
358 5182 495 5237 conditus
517 5182 622 5251 tuerat,
648 5183 714 5237 sine
738 5197 799 5253 quo
852 5184 881 5249 (I
893 5183 1026 5253 Coma).
1051 5183 1084 5235 ln
1112 5196 1184 5236 auro
1214 5181 1404 5247 intellectum,
1429 5181 1460 5234 in
1483 5182 1607 5261 argento
1626 5176 1691 5233 elo·

58 5271 174 5340 proluit,
199 5287 266 5325 cum
287 5285 346 5342 quo
377 5270 449 5325 nibil
470 5271 571 5339 detuit,
594 5270 629 5326 Et
643 5273 799 5341 propterea
853 5273 964 5344 quium,
980 5270 1166 5342 inlapidibus
1178 5270 1317 5341 pretiosis
1328 5284 1404 5340 opus
1414 5265 1692 5338 incorruptum.Qui

58 5363 281 5415 sconsummata
297 5360 488 5414 suntomnia.
506 5376 574 5432 qua
597 5363 718 5431 propter
742 5361 798 5414 hoc
854 5357 1163 5432 praeterlleumaliud
1191 5362 1299 5427 amant,
1330 5361 1360 5413 ct
1380 5362 1476 5412 temen
1504 5346 1691 5424 lleum'plus

58 5448 237 5503 suntomnia.
255 5448 361 5502 Botrus
373 5449 450 5503 enim
466 5449 565 5504 carnis
584 5452 718 5519 portatus
739 5449 800 5503 tue·
854 5452 962 5519 amant,
977 5440 1690 5519 aediticantsuperterrdarrrentamdysenteriam

64 5537 196 5592 torcular
210 5537 320 5592 crucis.
338 5541 367 5592 et
395 5538 592 5607 expressione
615 5537 691 5592 tacta
706 5538 798 5592 tiuare
855 5537 998 5610 stipulant
1017 5537 1115 5608 (ibid).
1134 5537 1165 5591 ln
1180 5536 1272 5609 lignis
1286 5535 1426 5591 allectum
1446 5525 1642 5605 cognationis,
1659 5530 1690 5584 in

60 5627 190 5683 mustum
206 5626 378 5693 divinitatis,
390 5629 418 5681 et
427 5626 520 5682 voluit
533 5629 564 5685 ut
578 5641 651 5688 vasa
665 5625 799 5688 cordium
856 5626 924 5684 teao
934 5624 1295 5705 allectumpossassionis,
1307 5614 1692 5709 instipulaaffectnmtami·
