3796 6022
119 279 179 342 115

497 277 716 342 APPENDIX
736 274 795 340 AD
817 274 1008 341 HUGONIS
1032 273 1176 339 OPERA
1196 275 1460 340 DOGMATICA.

1782 277 1842 344 116

120 480 187 539 loca
203 483 342 538 montana
359 482 388 536 ct
406 481 543 552 fragrosa
565 482 705 534 nascatur
721 493 727 532 :
744 480 780 534 de
809 494 866 550 qua
881 477 951 532 Ovi·
967 459 996 520 Α
1011 493 1161 549 nunqnam
1184 477 1334 535 arescunt*
1342 481 1378 535 ab
1395 495 1428 534 ea
1444 479 1498 534 sed
1513 494 1632 549 semper
1644 480 1741 535 virent
1761 481 1792 535 in
1808 496 1841 534 ea

121 573 189 628 dius
207 587 213 627 :

337 701 343 714 .
366 701 373 714 .
396 700 402 712 .
421 665 450 714 et
466 658 605 713 fraxinus
622 659 705 713 utilis
720 659 826 713 hastis,

1010 585 1065 624 nec
1080 569 1211 624 fallacias
1220 569 1447 638 diabolitiment,
1459 569 1508 641 qui
1518 575 1652 640 tanquam
1660 569 1707 624 Ieo
1717 571 1842 642 ruqieus

1007 660 1116 713 circuit
1131 675 1267 730 quaerens
1283 674 1365 731 quem
1377 659 1511 724 devoret,
1529 659 1576 712 cui
1591 659 1730 713 resistite
1741 659 1839 714 fortes

156 751 251 806 Aluus
266 752 397 817 voratur,
414 749 493 819 quod
508 763 594 802 amne
609 748 712 816 alatur,
725 749 858 817 proxima
874 747 952 802 cuim
1005 749 1036 802 in
1052 747 1111 802 dde
1126 749 1153 818 (Ι
1167 748 1252 802 Pctr.
1265 749 1307 813 v.)

121 856 206 912 aquae
225 839 367 906 nascitur,
384 851 438 892 nee
461 837 548 893 facile
571 841 653 893 extra
673 839 768 892 nudas
782 838 870 901 vivit3
887 837 952 891 haec

1038 837 1195 892 Secundus
1211 837 1370 907 sapphirus
1386 836 1513 905 ponitur,
1524 836 1575 906 qui
1586 836 1713 890 estaerii
1729 837 1838 892 coloris

120 932 167 984 ast
181 932 281 983 tenera
297 931 325 982 et
340 928 448 997 mollis,
461 928 529 999 quia
545 929 574 982 in
590 928 727 982 humecto
740 928 805 982 loco
816 927 950 981 nutritur.
1002 927 1060 981 imo
1074 927 1163 981 talam
1175 927 1263 981 habet
1274 927 1412 994 colorem,
1426 925 1639 996 qualemhabat
1649 925 1756 980 coelum
1767 941 1833 982 cam

121 1017 225 1072 Ulmus
241 1033 348 1071 nomen
364 1017 487 1086 aceepit,
505 1017 583 1087 qaod
604 1018 634 1071 in
653 1016 813 1088 uliginosis
833 1017 908 1070 locis
924 1021 952 1070 et
1002 1018 1048 1070 est
1062 1032 1211 1085 serenam,
1229 1019 1257 1070 at
1272 1016 1421 1088 significat
1437 1015 1517 1084 illos,
1532 1015 1582 1087 qai
1599 1015 1628 1069 in
1647 1019 1724 1069 terra
1742 1015 1840 1071 adhuc

120 1105 249 1160 humidis
264 1107 512 1176 meliusprolicit3
528 1123 595 1161 nam
605 1106 634 1160 iu
643 1107 790 1160 montanis
799 1109 827 1160 et
835 1106 951 1176 asparis
1001 1106 1100 1175 positi,
1117 1105 1270 1160 intendunt
1286 1105 1469 1173 ooelastibas,
1492 1107 1519 1158 ct
1535 1108 1639 1158 cancta
1654 1109 1772 1159 terrena
1790 1105 1840 1158 dc-

119 1193 195 1250 locis
210 1197 309 1250 minus
324 1196 390 1250 laeta
405 1198 460 1250 est.
1002 1195 1140 1264 spiciunt,
1157 1195 1244 1264 quasi
1258 1210 1316 1248 uon
1331 1194 1393 1248 siut
1408 1194 1438 1247 in
1455 1196 1542 1262 tarra,
1560 1196 1589 1247 et
1603 1194 1634 1247 hi
1652 1197 1780 1264 possunt
1793 1194 1839 1247 di-

154 1284 287 1354 Popalas
304 1283 380 1338 dicta
395 1285 474 1355 qaod
489 1300 527 1338 ex
542 1301 576 1339 ea
591 1285 744 1338 multitudo
760 1284 909 1339 frondium
924 1287 952 1337 ct
1002 1299 1070 1339 cere
1092 1300 1158 1338 cum
1172 1283 1315 1353 apostolo
1333 1299 1339 1337 :
1359 1283 1472 1337 Nostra
1488 1283 1678 1337 conversatio
1700 1283 1730 1335 iu
1753 1282 1838 1339 caelis

120 1372 308 1427 surculorum
325 1376 474 1428 noscatur.
490 1372 594 1428 Differt
607 1377 705 1427 tamen
720 1389 736 1426 a
751 1373 819 1443 poly
834 1376 888 1427 eta
903 1389 952 1443 po·
1003 1380 1049 1428 est
1064 1372 1207 1444 (Philipp.
1224 1372 1279 1440 ιιι.)

119 1461 189 1530 palo
205 1477 258 1530 pro
274 1465 361 1533 gente
376 1463 406 1515 in
422 1462 523 1533 primae
546 1461 669 1531 svllabae
689 1461 858 1532 quantitate.
877 1460 951 1532 Ejus
1037 1462 1154 1516 Tertius
1162 1458 1700 1532 astcalcedonius[catchedouius]hic
1709 1462 1839 1531 quandiu

119 1565 216 1621 genas
237 1550 346 1619 duplex
362 1556 417 1620 est,
438 1567 503 1605 nam
520 1552 610 1606 altera
630 1556 676 1605 est
696 1552 772 1620 albu,
795 1550 886 1604 altera
906 1554 952 1604 ast
1001 1550 1032 1605 in
1057 1553 1143 1606 domo
1165 1553 1220 1618 cst,
1239 1566 1297 1604 non
1318 1549 1405 1618 lucet,
1430 1549 1503 1603 foris
1527 1550 1564 1604 ad
1590 1553 1722 1619 apertam
1743 1550 1837 1618 lacet,

119 1638 216 1709 nigra.
238 1639 313 1693 Alba
325 1642 370 1693 cst
385 1641 512 1709 popalus
529 1642 616 1708 dicta,
634 1641 712 1712 qaod
728 1640 798 1694 folia
813 1640 879 1711 ejus
894 1657 952 1694 uua
1004 1641 1173 1696 volentibus
1197 1655 1264 1694 eum
1280 1639 1448 1708 insculpere
1464 1641 1565 1693 contra
1586 1642 1652 1693 stat.
1670 1638 1836 1694 Calefactas

118 1730 201 1797 parta
217 1727 277 1781 sint
296 1728 372 1796 alba,
397 1730 487 1783 altera
510 1730 634 1800 viridia,
658 1730 722 1784 haec
746 1747 818 1801 ergo
838 1730 952 1784 bicolor
1007 1731 1170 1784 radiosolis
1180 1729 1227 1783 vel
1243 1729 1349 1783 fricatu
1363 1729 1522 1801 digitorum
1536 1728 1624 1782 trahit
1634 1728 1671 1781 ad
1682 1743 1715 1782 se
1727 1728 1838 1798 paleas,

120 1815 209 1870 babet
224 1818 310 1888 quasi
325 1818 383 1873 diei
393 1821 423 1872 ct
437 1819 533 1874 noctis
549 1824 644 1889 notae,
662 1837 728 1892 quae
743 1823 874 1890 tempora
886 1823 951 1874 ortu
1011 1818 1075 1873 Hoc
1090 1819 1186 1888 lapide
1201 1819 1440 1873 demonstrantur
1450 1819 1469 1870 ii
1484 1818 1534 1888 qai
1544 1818 1622 1873 bona
1637 1832 1691 1871 sua
1708 1817 1803 1871 celant
1813 1819 1841 1871 et

120 1904 206 1973 solis,
222 1921 390 1978 occasuque
402 1912 546 1963 causant.
559 1910 706 1964 Gaaeraut
721 1909 807 1962 etiam
823 1909 952 1962 resinam
1010 1924 1063 1962 saa
1080 1924 1168 1977 opera
1187 1908 1298 1961 faciant
1318 1908 1348 1961 in
1363 1907 1549 1974 abscondito,
1562 1905 1712 1978 jejunium
1726 1905 1841 1959 seilicet

120 1999 150 2050 et
169 1996 311 2051 electrum
331 1997 408 2051 cirea
430 1997 590 2052 Eridanum
614 1998 745 2064 fluvium,
767 1998 829 2067 vel,
850 2002 881 2051 ut
903 1997 952 2051 alii
1007 2001 1036 2052 ct
1051 1998 1267 2067 eleemosynas,
1281 1999 1309 2050 et
1323 2012 1427 2066 preces
1442 2011 1524 2061 suas,
1542 1996 1682 2050 ctnolunt
1696 1994 1792 2049 videri
1805 1994 1840 2047 ab

120 2090 293 2154 memorant,
310 2087 340 2140 in
357 2087 466 2142 fluibus
481 2086 584 2157 Syriae·
608 2086 689 2141 Salix
707 2087 794 2155 dicta,
816 2087 895 2157 quod
910 2102 955 2141 ce·
1004 2086 1185 2151 hominihus,
1202 2086 1279 2140 sicut
1295 2086 1374 2139 Deus
1389 2085 1539 2155 praecepit.
1561 2083 1604 2157 Tu
1613 2088 1709 2138 autem
1720 2099 1784 2137 cum
1794 2082 1841 2153 jc·

120 2175 222 2230 larita'r
236 2175 331 2241 saliat,
349 2175 406 2230 hoc
416 2180 463 2230 est
477 2176 620 2230 velociter
635 2179 759 2244 crescat,
777 2177 867 2231 arbor
877 2176 955 2230 lenta
998 2175 1091 2248 ,ianas
1105 2175 1224 2243 (Mattlr.
1240 2173 1281 2241 vd
1297 2177 1352 2228 etc.
1365 2173 1400 2227 Et
1410 2174 1515 2227 iterum
1526 2188 1532 2227 :
1545 2172 1616 2227 Cum
1627 2172 1705 2226 facis
1715 2170 1841 2225 eleemo-

120 2264 233 2319 vitibus
249 2263 357 2317 habilis
373 2264 548 2319 vinciendis.
561 2264 655 2336 Cujus
665 2265 789 2318 seminis
800 2265 875 2318 hanc
886 2279 955 2318 esse
1006 2280 1120 2336 synam,
1139 2263 1253 2318 nesciat
1268 2262 1394 2316 sinistra
1407 2268 1454 2316 tua
1465 2261 1535 2334 qaid
1549 2261 1640 2315 faciat
1656 2260 1783 2314 dextera
1795 2266 1842 2314 tae

122 2356 257 2407 naturam
272 2352 382 2421 dicunt,
395 2356 426 2406 ut
440 2354 466 2406 si
482 2353 549 2423 quis
563 2353 633 2407 illud
650 2353 679 2406 in
695 2352 801 2422 poculo
813 2352 954 2419 hauserit,
1008 2352 1108 2421 (ibid).
1131 2352 1167 2407 Et
1182 2352 1305 2406 iterum:
1324 2351 1395 2405 Cum
1420 2350 1558 2405 oraveris
1578 2350 1658 2404 iutra
1675 2347 1842 2403 cubiculum

121 2440 226 2496 liberis
249 2444 355 2507 careat,
381 2442 435 2495 sed
458 2444 486 2496 et
511 2441 636 2495 feminas
660 2441 835 2496 infecundas
856 2440 956 2495 eruat.
1010 2447 1087 2495 tuum
1099 2441 1198 2509 (ibid).
1217 2440 1274 2495 Sed
1290 2456 1356 2493 cam
1370 2439 1513 2510 magister
1528 2454 1641 2507 eoram,
1658 2438 1687 2492 id
1704 2437 1843 2507 estepis-

123 2529 410 2599 Populusautcm‚ct
421 2531 507 2600 salix,
524 2534 551 2585 et
566 2530 627 2585 tilia
638 2530 736 2586 mollis
750 2530 879 2584 materiae
890 2532 959 2583 sunt
1009 2545 1103 2601 copas
1118 2533 1167 2584 aut
1183 2530 1255 2583 abas
1270 2529 1355 2601 jubet
1366 2545 1419 2583 cos
1436 2528 1515 2583 toras
1532 2529 1624 2594 exire,
1637 2529 1707 2581 tanc
1724 2527 1845 2595 apparet

123 2621 153 2672 ct
172 2619 209 2673 ad
232 2619 447 2688 insculptarum
469 2625 553 2690 aptae.
585 2620 690 2675 Vimen
714 2623 837 2675 voratur
863 2636 901 2674 ex
924 2633 958 2674 ea
1008 2619 1136 2685 bonitas
1154 2622 1182 2672 et
1197 2619 1306 2687 lacent,
1323 2617 1423 2684 velint,
1440 2617 1542 2671 nolint.
1553 2616 1588 2670 Et
1599 2617 1625 2670 si
1640 2616 1708 2687 quis
1723 2615 1785 2668 vult
1799 2614 1843 2668 eis

124 2709 204 2780 quod
217 2709 279 2763 vim
296 2710 416 2764 maltam
431 2710 547 2782 vigoris
565 2725 619 2764 sea
635 2710 744 2766 viroris
770 2710 885 2764 habeat.
902 2710 960 2763 Na·
1009 2707 1132 2776 adulari,
1149 2710 1178 2761 ct
1196 2708 1281 2778 quasi
1301 2721 1354 2760 eos
1371 2706 1539 2776 insculpere
1564 2706 1611 2760 vel
1631 2705 1765 2776 pingere,
1784 2718 1844 2756 non

122 2801 190 2853 tura
204 2797 358 2869 duimajus
373 2799 440 2854 talis
456 2802 511 2869 est,
528 2802 560 2853 at
575 2799 662 2853 etiam
678 2799 704 2853 si
719 2799 848 2854 arefacta
859 2799 959 2854 ablua·
1009 2797 1156 2866 recipiunt
1170 2812 1271 2850 coram
1285 2796 1401 2849 laudam
1412 2798 1440 2849 cl
1449 2811 1556 2849 vanam
1570 2794 1705 2865 gloriam,
1724 2792 1779 2847 sed
1796 2792 1845 2846 da·

122 2891 181 2958 tar,
206 2889 346 2958 virescat,
366 2889 471 2943 deinde
492 2889 604 2957 excisa,
629 2891 716 2960 atque
736 2889 766 2942 iu
782 2889 872 2943 humo
888 2889 956 2959 lixa,
1009 2886 1081 2941 riter
1104 2888 1294 2952 contrastant,
1320 2901 1375 2938 nec
1395 2885 1561 2939 concedunt
1575 2883 1629 2950 οἱς,
1649 2885 1681 2937 at
1705 2881 1844 2935 Salomon

123 2977 276 3033 radicibus
297 2995 366 3034 sese
388 2979 419 3036 in
440 2981 561 3034 hamam
584 2980 649 3050 ipsa
672 2979 833 3050 demergat.
855 2979 957 3033 anus
1011 2973 1358 3038 admonetdicens:Fili,
1377 2974 1405 3027 si
1421 2980 1450 3027 te
1465 2973 1656 3040 lactaverint,
1674 2970 1704 3025 id
1719 2974 1766 3025 est
1779 2970 1845 3028 lau·

124 3066 261 3122 Graecum
277 3084 384 3124 nomen
399 3073 454 3137 est,
472 3086 509 3124 ex
524 3072 606 3140 parta
620 3069 760 3123 aLatinis
776 3071 954 3138 corruptam.
973 3094 999 3155 G
1015 3064 1148 3118 daveriut
1160 3070 1342 3135 peccatores
1360 3079 1396 3117 ue
1407 3063 1579 3134 acquiescas
1594 3062 1639 3116 eis
1649 3059 1753 3121 (Prov.
1766 3060 1797 3126 ι).
1810 3056 1847 3112 Et

124 3156 227 3227 Byxos
242 3157 319 3213 enim
335 3159 497 3229 appellatur
514 3176 530 3213 a
549 3161 663 3216 Graecis
678 3160 777 3226 arbor,
798 3159 910 3226 sirena,
930 3164 958 3212 et
1015 3153 1065 3207 isti
1079 3154 1152 3209 tales
1168 3153 1257 3207 afflati
1272 3153 1364 3207 radiis
1382 3152 1445 3206 veri
1457 3151 1541 3220 solis,
1556 3151 1586 3204 id
1605 3152 1651 3204 cst
1662 3147 1781 3216 Christi,
1798 3145 1845 3200 vel

124 3245 243 3302 levitate
261 3249 392 3302 materiae
406 3249 618 3304 elementorum
633 3249 768 3319 apicibus
783 3252 859 3318 apta,
881 3248 958 3302 unda
1015 3242 1127 3314 digitis,
1145 3243 1173 3295 id
1190 3245 1235 3297 est
1250 3242 1376 3312 Spiritus
1393 3241 1488 3296 sancti
1506 3240 1592 3294 donis
1603 3238 1688 3310 quasi
1705 3234 1847 3291 contracti

129 3338 159 3390 at
173 3336 344 3407 Scriptura:
363 3338 472 3394 Scribe
487 3339 519 3392 iu
534 3339 693 3408 buxo(lsa.
717 3342 800 3407 xxx).
1015 3334 1043 3385 at
1066 3331 1198 3385 calefacti
1218 3332 1310 3385 verbo
1331 3347 1394 3385 sare
1413 3328 1644 3400 praedicat-ionis,
1668 3330 1696 3381 at
1710 3324 1846 3394 exemplo

166 3426 236 3481 Gar.
253 3426 340 3481 liVll.
354 3428 398 3482 De
413 3428 644 3499 mnranitarum
659 3427 841 3492 inventione,
859 3433 888 3480 et
898 3442 965 3498 pre
1014 3436 1077 3474 suaa
1093 3420 1232 3474 bonitatis
1247 3420 1357 3490 palaea,
1384 3420 1412 3472 id
1435 3422 1481 3473 est
1501 3421 1674 3489 peccatores
1698 3413 1848 3469 attrahunt

238 3516 399 3581 creatione,
418 3516 454 3570 de
470 3533 524 3587 qua
540 3516 629 3570 etiam
640 3515 692 3569 lib.
706 3534 735 3584 u,
749 3516 856 3586 capilii.
1014 3508 1050 3562 ad
1066 3525 1109 3574 se,
1123 3513 1150 3563 et
1166 3510 1223 3563 sibi
1233 3509 1416 3564 consociant.

165 3587 315 3655 Artifices,
335 3588 385 3658 qui
404 3588 580 3659 margaritas
600 3592 745 3657 ‘lllaefflssb
767 3603 821 3656 Pffl'
837 3587 963 3658 flssfltlfflfl
1049 3597 1176 3662 Quartus
1200 3600 1246 3652 est
1266 3597 1453 3668 smaragdus.
1471 3594 1570 3666 Hujus
1586 3598 1688 3648 natura
1711 3593 1779 3646 tulis
1801 3593 1848 3646 est

130 3691 185 3732 ⁸⁰1¹
200 3675 325 3731 ⁸⁰hflt⁰¹1
349 3677 476 3746 lapidem
492 3677 654 3731 inveniunt·
671 3677 790 3747 Midam
806 3676 883 3729 enlm
898 3691 965 3747 ⁰8³·
1014 3686 1130 3757 llagnae
1146 3685 1302 3740 viriditatis
1324 3689 1379 3752 est,
1400 3687 1484 3740 itaut
1501 3688 1576 3740 totas
1597 3684 1716 3750 herbas,
1737 3685 1766 3736 et
1788 3683 1847 3735 tota

130 3765 201 3819 thau
216 3764 342 3834 lapidem
351 3766 388 3819 ad
396 3765 559 3819 funiculum
571 3766 740 3833 urinatoris,
754 3764 965 3818 ctsubmittunt
1016 3775 1085 3829 folia
1100 3775 1248 3841 arborum,
1266 3779 1293 3829 et
1310 3778 1431 3829 cunctas
1443 3790 1575 3846 gemmas
1590 3774 1688 3828 ,amq
1702 3787 1756 3826 sua
1773 3769 1847 3823 ,vg-1.

129 3853 161 3906 in
176 3869 256 3908 mere
276 3856 305 3908 et
319 3854 441 3909 veniens
463 3854 588 3926 agathos
611 3855 686 3924 lauis
706 3854 743 3907 sd
765 3853 962 3932 margaritam,
1016 3864 1113 3918 ditate.
1132 3863 1272 3918 Nascitur
1285 3865 1315 3918 in
1330 3864 1459 3935 scythia,
1479 3867 1555 3918 terra
1572 3863 1686 3917 scilieet
1700 3858 1848 3914 inhabita-

130 3941 230 3996 statim
241 3942 407 3999 urinatores
425 3947 622 4014 assequentes
638 3944 675 3997 ad
689 3942 862 4010 funiculum,
880 3942 964 3996 inve·
1015 3952 1067 4006 hili
1079 3952 1271 4025 praefrigore,
1290 3970 1344 4007 nec
1355 3954 1396 4008 ibi
1411 3953 1543 4007 habitant
1554 3951 1612 4006 nisi
1627 3950 1769 4022 gryphes,
1782 3962 1849 4018 qaae

129 4029 215 4086 11ῑῦΗῖ
234 4032 432 4102 margaritam·
449 4031 601 4097 Quomodo
620 4036 717 4086 aulem
736 4034 875 4086 nsssssfllffl'
888 4047 963 4084 11¹8?-
1015 4042 1199 4110 sanlpartim
1218 4042 1289 4095 ferae
1297 4045 1456 4096 terrestres
1465 4040 1725 4111 parlimvolucres,
1743 4039 1770 4092 et
1779 4036 1850 4089 suat

128 4119 235 4190 garita,
251 4120 457 4189 pronuntiabo.
471 4121 523 4176 Est
533 4121 609 4192 lapis
617 4121 664 4176 vel
676 4121 769 4190 piscis
780 4120 829 4191 qui
841 4122 964 4174 vocatur
1014 4134 1140 4200 quatuor
1148 4131 1239 4201 pedes
1249 4131 1402 4200 habentes
1414 4126 1780 4185 etsuntsimilesleouibas
1789 4139 1851 4178 cor-

130 4208 278 4277 conchus,
299 4211 327 4263 et
345 4210 426 4265 venit
445 4211 482 4264 ad
501 4211 582 4265 littus
604 4212 694 4265 maris
718 4226 771 4280 per
789 4209 962 4263 matutinum
1015 4234 1087 4288 pore
1102 4221 1129 4272 et
1141 4220 1234 4288 eapite
1246 4223 1274 4274 at
1285 4220 1420 4290 pedibas,
1431 4223 1458 4274 al
1474 4219 1529 4272 alis
1540 4218 1658 4289 aquilis,
1671 4219 1699 4270 ct
1712 4213 1849 4270 tarrailla

129 4297 334 4353 antelucanum
351 4301 380 4353 et
401 4300 494 4369 aperit
509 4316 543 4355 os
565 4315 662 4369 suam,
679 4302 706 4353 et
726 4298 849 4370 deglutit
864 4312 961 4352 rorem
1017 4307 1138 4361 nimium
1154 4313 1199 4362 est
1216 4310 1330 4379 oppleta
1346 4309 1453 4362 talibus
1462 4308 1599 4380 gemmis,
1614 4310 1642 4360 at
1653 4305 1701 4359 isti
1716 4301 1849 4376 gryphes

129 4386 290 4458 θῑθῖθθῑθωι
301 4389 329 4442 et
342 4389 456 4443 radium
467 4390 551 4459 SORS,
569 4393 597 4444 θῐ
611 4406 676 4460 quae
692 4404 813 4443 sursum
828 4392 905 4455 Sunt,
917 4386 960 4440 Si·
973 4359 1002 4424 D
1018 4399 1139 4450 servant
1148 4413 1210 4466 aaa,
1223 4397 1261 4451 ita
1272 4402 1302 4452 at
1313 4398 1392 4452 nulla
1403 4413 1479 4469 gens
1494 4396 1590 4467 possit
1601 4412 1651 4450 eas
1664 4409 1779 4463 capere,
1790 4390 1849 4445 nisi

128 4472 243 4546 derum,
260 4477 363 4549 sieque
383 4478 514 4533 nascitur
530 4479 686 4550 margarita
703 4478 738 4531 de
754 4475 959 4547 superioribus
1018 4485 1176 4556 Arimaspi,
1186 4502 1261 4557 gens
1277 4503 1343 4557 quae
1360 4486 1679 4541 nonhabetnisiunum
1691 4482 1808 4537 oculum
1819 4480 1848 4534 in

128 4564 229 4621 astris
246 4565 295 4621 Sic
310 4583 381 4640 ergo
391 4568 514 4640 agathes
524 4567 709 4622 estloannas
719 4567 859 4636 Baptista.
872 4565 961 4619 loan-

128 4670 183 4710 nes
201 4655 280 4709 cnim
294 4655 350 4710 iste
367 4657 495 4711 ostendit
510 4656 597 4712 nobis
614 4654 831 4728 intelligibilem
847 4670 961 4725 marga-

128 4743 214 4797 ritam
229 4743 385 4798 Dominum
400 4749 534 4799 nostrum
546 4746 649 4800 lesam
664 4743 815 4799 Christum
832 4744 934 4797 dicans
953 4760 959 4798 ι

127 4829 208 4885 Ecca
218 4831 323 4902 Aquas
333 4833 398 4899 Dei,
410 4834 534 4906 eccequi
541 4833 617 4888 tollit
624 4839 744 4906 peccata
753 4833 855 4887 muudi
864 4832 959 4903 (toan.

64 4941 71 4955 .
126 4919 160 4989 ι.)
176 4919 256 4974 Marc
271 4921 368 4976 autem
383 4936 518 4991 praesans
534 4924 678 4978 saeculam
694 4923 847 4994 designat3
863 4923 960 4977 aritia-

126 5008 208 5063 tores
223 5007 350 5081 illorum,
364 5011 414 5081 qai
430 5026 550 5065 sursum
566 5014 644 5080 sant,
662 5012 826 5067 comitatem
845 5015 960 5067 sanrto·

125 5110 192 5150 ram
207 5095 336 5168 signant,
353 5098 483 5169 quivero
499 5100 639 5154 deorsum
650 5105 832 5170 peccatores.

178 5185 224 5240 De
239 5184 389 5258 lapidibus
404 5187 567 5260 iuqniferis
581 5189 648 5243 vide
662 5188 715 5243 lib.
733 5207 761 5254 u,
781 5205 842 5261 cap.
861 5189 903 5243 19.

160 5273 230 5329 Car.
249 5274 351 5330 LVIII.
367 5275 412 5331 De
430 5276 583 5332 duodecim
602 5277 753 5348 lapidibus
766 5278 920 5349 pretiosis.

160 5363 261 5435 Jaspis
275 5364 389 5434 primus
405 5366 524 5436 ponitur
534 5365 564 5419 in
579 5365 768 5421 fundamento
779 5367 884 5422 domas
899 5368 957 5422 Do·

1015 4573 1121 4642 fronte,
1132 4578 1160 4628 et
1175 4575 1223 4628 isti
1239 4579 1371 4646 pugnant
1386 4592 1453 4629 cum
1464 4575 1692 4646 grpphibuspro
1707 4572 1754 4626 his
1766 4586 1847 4642 gern-

1014 4659 1846 4734 mis3uamgryphaS,quiscrvauteas,volauleisaafarre

1014 4751 1137 4805 camilli
1152 4751 1308 4820 accipiunt,
1327 4756 1355 4806 et
1371 4753 1498 4822 perillos
1511 4753 1684 4821 Arimaspos
1699 4750 1846 4804 habemas

1014 4855 1069 4893 uos
1083 4839 1159 4892 illas
1172 4839 1243 4893 Haec
1254 4856 1370 4911 gemma
1381 4841 1529 4912 siguificat
1540 4841 1607 4895 illos
1622 4841 1671 4911 qui
1683 4840 1740 4894 fida
1751 4840 1846 4893 niten-

1012 4932 1068 4993 tes,
1082 4927 1186 4997 elplus
1202 4927 1268 4981 aliis
1284 4930 1405 4995 virides,
1423 4934 1563 4999 superant
1572 4947 1626 4999 per
1636 4928 1846 5000 ipsaminllda-

1012 5016 1066 5081 lea,
1084 5015 1134 5085 qui
1149 5019 1218 5069 sunt
1233 5032 1352 5086 semper
1366 5020 1397 5070 ut
1413 5018 1544 5089 gryphes
1561 5018 1661 5087 frigidi
1676 5017 1846 5070 acharitafc

1011 5109 1040 5159 ot
1055 5104 1193 5170 bonitate,
1211 5106 1349 5174 quoniam
1365 5122 1429 5160 eam
1450 5123 1509 5160 uon
1528 5107 1647 5169 habent,
1667 5110 1695 5159 et
1715 5106 1765 5176 qui
1782 5121 1847 5158 eam

1010 5192 1119 5247 habent
1134 5193 1324 5248 malefaciant
1343 5195 1396 5249 eis
1414 5196 1560 5266 Grypth,
1578 5195 1628 5265 qai
1650 5197 1774 5248 servunt
1793 5210 1845 5248 eas

1010 5281 1179 5354 significant
1188 5282 1333 5352 diabolos,
1348 5284 1397 5354 qui
1408 5285 1567 5354 pretiosam
1578 5283 1766 5354 ufargaritam
1776 5283 1845 5337 fidei

1009 5371 1141 5425 invident
1156 5371 1338 5439 hominihus
1355 5374 1405 5443 qui
1421 5375 1598 5428 volanteam
1614 5372 1733 5439 hahere,
1751 5374 1780 5426 et
1794 5388 1845 5425 vo-

122 5452 205 5524 mini,
222 5448 272 5525 qai
286 5453 373 5508 talem
389 5454 478 5509 habat
491 5457 635 5522 naturam,
647 5455 771 5510 virentis
788 5456 897 5512 coloris
911 5460 956 5512 cst
1008 5459 1071 5514 lant
1086 5459 1130 5513 eis
1145 5461 1271 5525 auferre,
1285 5478 1343 5516 non
1358 5462 1424 5517 ideo
1439 5463 1518 5533 qaod
1533 5461 1589 5515 sibi
1607 5461 1711 5530 prosit,
1723 5461 1777 5514 sad
1789 5477 1844 5514 uo-

121 5541 177 5608 Qui
193 5558 283 5613 super
297 5558 331 5598 se
346 5558 413 5597 cam
428 5543 572 5613 habuerit,
597 5544 675 5598 nulla
691 5544 895 5613 phantasmata
916 5547 953 5599 ti·
1007 5547 1069 5603 lant
1085 5551 1114 5602 at
1129 5549 1187 5619 ipsi
1197 5550 1305 5620 quibus
1321 5551 1414 5619 prosit
1425 5551 1560 5605 habeant.
1570 5549 1628 5615 Qui
1639 5552 1719 5604 recte
1734 5565 1844 5604 vocan-

122 5633 191 5704 mct,
216 5631 424 5709 significatque
447 5648 500 5689 eos
528 5649 578 5707 qui
606 5632 693 5689 fldem
718 5634 770 5689 Dei
793 5638 901 5704 tenent,
926 5639 953 5689 et
1005 5640 1052 5691 tur
1063 5636 1195 5708 grpphcs
1210 5638 1296 5707 quasi
1311 5641 1469 5693 terrestres
1481 5638 1552 5694 ferto
1562 5642 1590 5695 et
1603 5639 1753 5711 volucres,
1772 5640 1841 5711 qnia
