3796 6022
629 238 685 302 DE
705 238 847 302 ΑΝΙΜΑ
868 235 998 302 LIBER
1018 232 1200 300 TERTIUS

723 495 824 625 un
861 494 1115 624 anim

900 769 942 812 ET

86 877 190 998 EIUS
204 932 262 995 AD
278 932 347 997 SUI
366 931 420 994 ET
433 932 490 994 AD
505 931 575 993 DEI
591 930 889 994 COGNITIONEM
905 930 958 992 ET
971 931 1029 992 AD
1046 930 1197 991 VERAM
1213 930 1429 992 PIETATEM
1445 882 1746 997 INSTITUTIONE

677 1127 850 1207 LIBRI
887 1126 1175 1218 QUATUOR

58 1321 189 1389 Quorum
205 1321 319 1392 primus
335 1321 482 1377 attentius
499 1320 536 1376 oh
552 1337 700 1377 summum
716 1321 745 1377 in
761 1322 804 1377 eis
825 1321 991 1377 rutilantem
1010 1321 1067 1392 piae
1088 1319 1253 1375 devotionis
1273 1318 1410 1376 affectum
1429 1321 1485 1376 sub
1506 1321 1732 1378 Meditationum
1749 1325 1778 1378 et

91 1395 137 1449 De
152 1393 297 1448 interiori
311 1393 395 1448 domo
408 1393 500 1448 titulis
515 1392 621 1447 devoto
637 1392 749 1447 doctori
766 1393 852 1447 beato
871 1393 1023 1447 Bernardo
1043 1391 1262 1447 Claraevallenei
1284 1392 1406 1462 ascripti
1427 1395 1505 1446 sunt.
1522 1392 1690 1448 Secundum
1704 1409 1776 1449 vero

92 1469 154 1519 tum
170 1466 293 1535 propter
306 1464 473 1519 disserendi
490 1463 692 1532 subtilitatem,
708 1467 769 1518 tum
784 1467 904 1534 propter
918 1464 1034 1518 dicendi
1050 1463 1238 1535 gravitatem,
1260 1462 1337 1517 beati
1354 1463 1515 1534 Augustini
1530 1479 1619 1533 opera
1634 1464 1693 1520 sibi
1707 1481 1777 1536 par-

91 1551 195 1609 peram
211 1535 412 1606 vindicarunt,
426 1550 494 1590 nam
508 1535 538 1589 in
554 1550 589 1589 eo
605 1535 711 1590 citatur
725 1535 844 1590 Boetius
858 1538 967 1605 prater
981 1534 1140 1606 Augustini
1156 1535 1298 1588 rationem
1314 1537 1343 1588 et
1359 1538 1459 1589 contra
1474 1536 1617 1605 tempora.

742 1930 891 2011 LIBER
923 1929 1103 2010 PRIMUS

245 2121 385 2205 (Exstat
399 2123 487 2186 inter
505 2123 614 2207 Opera
629 2121 665 2186 S.
684 2122 863 2198 Bernurdr,
880 2122 1088 2204 Potrotopioe
1103 2124 1186 2184 tomo
1202 2120 1409 2199 CLXXXIV,
1426 2120 1485 2182 eol.
1502 2121 1598 2202 485.)

710 2321 859 2400 LIBER
892 2319 1144 2400 SECUNDUS

361 2513 465 2595 (reue
480 2513 690 2595 retemta
705 2516 781 2576 tom.
799 2515 873 2591 xn,
893 2512 975 2596 opp.
995 2512 1030 2577 s.
1048 2512 1234 2596 Arquitene·
1247 2513 1303 2594 vr,
1319 2513 1378 2575 aaz.
1399 2514 1491 2597 rra.)

726 2710 877 2801 LIBER
911 2709 1124 2789 TERTIUS

64 2908 201 2995 (Eretut
216 2905 305 2969 iuter
321 2904 430 2990 Opera
446 2904 481 2969 S.
499 2903 670 2968 Ber-nardi
681 2903 890 2986 Potrolopioe
906 2901 1288 2995 tomo·CLXXXIV,·eot.
1307 2904 1386 2979 507,
1401 2922 1502 2986 usque
1517 2903 1562 2966 od
1576 2903 1671 2968 verbu
1686 2903 1783 2991 cupi·

535 2985 598 3048 tuti
611 2987 676 3047 49:
696 3009 710 3044 a
731 2983 835 3055 Quam
850 2987 1057 3046 terrestrium
1072 2983 1312 3066 occupatione.)

842 3172 1011 3184 nnn-”—

65 3387 133 3444 Car.
151 3385 187 3442 L.
205 3383 420 3457 Contemplatio
436 3395 527 3455 super
541 3380 634 3437 iilud:
651 3402 662 3432 i
687 3378 813 3436 Verbum
828 3394 898 3435 caro
912 3362 941 3424 Α
954 3379 1496 3438 IuvIsihilisenimSaoerdosvisihiles
1508 3387 1787 3458 creaturaspauiset

98 3476 211 3533 tactum
227 3479 283 3539 est,
298 3494 309 3524 ι
323 3489 385 3546 qnae
396 3487 452 3527 non
463 3472 591 3526 babetur
602 3471 633 3524 In
644 3469 722 3536 aliis,
737 3475 765 3524 et
780 3469 899 3524 ridetur
953 3471 1014 3525 vini
1030 3471 1060 3524 in
1075 3471 1270 3525 substantiam
1281 3472 1415 3542 corporis
1427 3475 1455 3528 et
1465 3474 1621 3545 sanguiuis
1631 3477 1678 3531 sui
1690 3479 1783 3535 verbo

100 3580 209 3620 ΗΘΜ
225 3561 401 3635 ⁰P¹¹S⁰¹¹J¹¹m·
953 3574 1009 3614 suo
1021 3562 1135 3614 secreta
1151 3562 1295 3630 potestate
1307 3562 1460 3631 convertit,
1473 3562 1511 3615 ita
1526 3563 1645 3620 diceus:
1661 3566 1723 3622 Hoc
1739 3573 1787 3624 est

103 3652 236 3709 Verbum
251 3667 320 3706 earo
339 3649 446 3706 tactum
468 3653 527 3714 est,
550 3653 579 3702 ct
598 3647 746 3702 habitarit
765 3648 796 3702 in
812 3648 899 3703 nobis
954 3664 1060 3719 corpus
1080 3664 1189 3718 meum,
1211 3652 1239 3703 ot
1259 3650 1491 3705 sanctificatione
1510 3653 1651 3722 repetitu:
1668 3655 1726 3710 Hic
1741 3661 1788 3712 eet

67 3743 162 3812 (Joan.
179 3742 214 3811 ι).
228 3740 304 3795 Vere
315 3738 445 3793 Verbum
456 3753 524 3791 caro
536 3737 643 3791 Iactum
655 3740 710 3805 est,
722 3739 751 3791 et
761 3753 816 3791 uos
827 3751 897 3791 vere
952 3737 1076 3808 sanquis
1085 3753 1177 3792 meus.
1187 3736 1260 3791 Cum
1271 3753 1343 3809 ergo
1354 3739 1390 3792 ad
1402 3740 1597 3794 reverendum
1608 3741 1698 3797 altare
1710 3744 1787 3800 eibia

67 3832 198 3888 Verbum
214 3844 332 3884 carnem
352 3824 504 3881 Dominico
527 3825 593 3879 cibo
617 3825 768 3895 suminuS,
789 3828 817 3879 et
830 3825 897 3880 ideo
953 3825 1106 3880 satiandus
1122 3826 1272 3895 ascendis,
1285 3842 1403 3880 sacrum
1418 3827 1534 3881 Domini
1551 3829 1603 3883 Dei
1616 3831 1658 3884 tui
1675 3845 1785 3903 corpus

63 3935 182 3976 munere
197 3919 228 3974 iu
242 3917 329 3973 nobie
345 3915 516 3971 naturaIIter
531 3915 746 3968 existimandus
765 3916 825 3981 est,
847 3913 897 3984 qui
953 3917 981 3969 et
995 3915 1172 3986 sanguinem
1187 3914 1244 3968 tide
1259 3915 1385 3984 respice,
1398 3919 1494 3970 mente
1506 3918 1654 3990 continge,
1672 3919 1785 3976 honoro

63 4025 115 4080 per
128 4011 267 4064 naturam
282 4007 392 4060 nostrae
408 4003 506 4058 curnis
519 4001 581 4073 jam
596 4002 654 4056 sihi
670 4002 897 4071 inseparabilem
952 4003 1069 4071 mtrare,
1082 4002 1237 4058 devotione
1253 4004 1617 4072 venerare,eordis1nanu
1632 4009 1743 4079 accipe,
1757 4013 1787 4065 et

63 4098 150 4155 bomo
167 4100 256 4151 natus
270 4091 443 4163 assumpsit,
456 4096 484 4147 et
499 4095 632 4146 naturam
646 4091 745 4144 caruis
760 4104 823 4144 suae
839 4089 896 4144 sub
952 4091 1659 4152 auimoehaustuinterioriassume.Numeredere
1669 4098 1788 4169 inonm,

63 4187 250 4242 sacramento
263 4181 513 4238 communicandae
524 4180 621 4234 carnis
630 4179 717 4234 nobis
728 4179 895 4233 admiscuit.
952 4179 1010 4234 hoc
1026 4183 1072 4234 est
1086 4180 1220 4251 accipere
1232 4197 1337 4250 panem
1347 4182 1458 4237 viuum.
1471 4182 1535 4237 Nos
1547 4185 1695 4242 credimus
1707 4189 1736 4242 et
1746 4188 1787 4242 di.

63 4275 102 4331 Ita
118 4275 200 4330 enim
214 4288 318 4329 omnes
334 4286 424 4326 unum
435 4285 550 4338 sumus,
562 4268 630 4339 quia
641 4268 670 4321 iu
681 4266 799 4322 Christo
811 4267 897 4321 Pater
953 4267 1048 4322 cimus
1063 4269 1201 4340 quoniam
1221 4285 1330 4340 corpus
1354 4269 1464 4325 Christi
1485 4272 1540 4327 tate
1556 4275 1716 4347 unicuique
1732 4276 1786 4347 sit,

63 4368 89 4418 et
104 4363 246 4418 Christus
261 4361 292 4414 in
307 4360 394 4414 nobis
410 4374 501 4414 unum
520 4357 548 4411 in
564 4357 602 4410 iis
619 4371 674 4409 nos
689 4370 758 4409 esse
774 4354 894 4409 iaciunt.
952 4356 1049 4427 qualis
1065 4357 1273 4412 accesseritut
1289 4357 1407 4429 offerat,
1424 4363 1452 4414 et
1467 4362 1563 4431 qualis
1579 4365 1741 4419 accesserit
1755 4368 1789 4421 up

62 4452 125 4509 Nos
133 4465 209 4523 ergo
218 4449 269 4521 qui
280 4464 389 4518 corpus
400 4447 573 4517 accipimus,
586 4459 694 4514 corpus
705 4443 815 4497 Christi
827 4443 895 4496 tacti
952 4445 1086 4515 accipiat.
1098 4445 1173 4500 Nam
1182 4463 1272 4501 uuum
1280 4447 1417 4518 idemque
1429 4465 1538 4519 corpus
1549 4453 1668 4520 propter
1678 4469 1786 4509 nomen

62 4556 178 4610 eamus,
196 4541 225 4594 et
239 4536 443 4592 misericordia
458 4534 553 4605 ipsius
568 4533 647 4605 quod
663 4532 824 4601 accipimus
840 4547 896 4586 nos
953 4534 1083 4604 Domini,
1105 4535 1184 4605 quod
1206 4535 1348 4606 ivocutur,
1374 4553 1492 4607 semper
1513 4543 1648 4593 sanetum
1671 4544 1732 4611 est,
1758 4544 1788 4597 et

33 4632 37 4642 '
63 4643 179 4684 snmus.
195 4626 311 4697 Corpus
327 4624 436 4680 Christi
448 4638 563 4691 sumus,
576 4625 604 4677 et
614 4622 678 4692 ipse
689 4620 826 4675 ChrIstus
843 4636 896 4674 su·
952 4624 1008 4678 tate
1020 4623 1181 4694 uniqquue
1193 4623 1224 4677 fit
1235 4625 1312 4694 quali
1326 4625 1414 4680 corde
1424 4626 1460 4679 ad
1472 4627 1675 4696 accipiendum
1688 4644 1789 4687 acces·

63 4734 139 4786 mus,
156 4715 297 4788 quonium
312 4729 367 4768 1108
387 4712 486 4768 omnia
507 4711 575 4782 ejus
596 4711 727 4765 membra
741 4712 820 4781 (cum
837 4710 897 4764 sint
912 4712 938 4774 Β
953 4713 1035 4766 serit.
1053 4710 1085 4765 Si
1100 4710 1202 4766 offerat
1216 4712 1276 4767 Deo
1292 4714 1386 4767 malus
1403 4717 1431 4767 et
1450 4715 1575 4784 achpiat
1594 4716 1707 4788 honus,
1727 4719 1787 4775 tale

63 4805 164 4876 muta)
180 4820 272 4860 uuum
293 4817 401 4872 corpus
416 4816 521 4856 sumus
537 4801 631 4871 (Rom.
648 4814 706 4869 xn3
724 4798 835 4853 Coloss.
853 4797 895 4868 n).
952 4801 1069 4870 utrique
1081 4801 1146 4869 erit,
1159 4800 1255 4871 qualis
1265 4805 1389 4872 uterque
1400 4802 1497 4857 tuerit.
1509 4803 1665 4860 Credimus
1676 4808 1705 4861 et
1715 4806 1788 4863 tate·

62 4893 125 4950 Noe
141 4908 227 4965 ergo,
243 4891 293 4965 qui
308 4890 441 4946 membra
454 4888 565 4944 Christi
579 4903 698 4957 snmus,
716 4890 743 4941 at
757 4885 895 4941 Christus
952 4906 1018 4944 mur
1033 4889 1171 4960 quoniam
1186 4905 1295 4959 corpus
1316 4889 1401 4959 illud,
1422 4891 1500 4960 quod
1516 4893 1551 4946 da
1568 4893 1690 4966 Virgine
1706 4896 1786 4953 Deus

63 4997 178 5051 eumue,
191 4979 360 5037 consulum
374 4979 461 5049 capiti
472 4977 732 5048 perdilectionem,
744 4975 897 5030 sedetiam
952 4978 1126 5047 assumpsit,
1139 4978 1206 5032 etin
1217 4993 1275 5048 quo
1286 4979 1459 5049 resurrexit,
1472 4996 1591 5052 semper
1600 4986 1646 5038 est
1657 4983 1687 5038 iu
1698 4986 1784 5056 coelo,

63 5086 129 5126 cum
138 5069 282 5125 membris
291 5068 419 5123 invicem
430 5067 507 5122 uniri
518 5066 670 5121 debemus.
681 5065 755 5120 Nam
764 5064 814 5137 qui
823 5065 898 5119 aeoI·
953 5070 981 5121 et
992 5066 1160 5138 ubicunque
1170 5066 1241 5135 vult,
1255 5069 1283 5120 et
1293 5067 1323 5121 in
1334 5083 1391 5138 qua
1403 5070 1502 5139 specie
1513 5071 1584 5126 vult.
1598 5069 1653 5136 Qui
1664 5088 1786 5130 sursum

62 5161 101 5231 pit
111 5157 290 5231 mysterium
299 5155 429 5225 unitatis,
442 5158 471 5210 et
479 5170 538 5209 non
548 5157 626 5208 tenet
635 5153 786 5208 vinculum
800 5153 895 5225 pacis,
953 5155 1037 5210 sedet
1054 5155 1089 5209 ad
1105 5155 1256 5209 dexteram
1271 5155 1378 5227 Patris,
1391 5161 1522 5228 tempora
1538 5161 1680 5215 sacrificii
1692 5160 1787 5217 homi.

62 5264 120 5305 nou
130 5247 309 5320 mysterium
319 5245 425 5316 accipit
434 5259 487 5314 pro
499 5258 543 5312 se,
554 5243 608 5298 sed
617 5243 819 5297 testimonIum
831 5259 899 5299 cou·
952 5260 1023 5298 num
1038 5244 1174 5299 manibus
1190 5245 1365 5301 continetur.
1381 5245 1496 5317 Corpus
1510 5248 1621 5304 Christi
1636 5248 1693 5305 tale
1709 5246 1787 5305 acui·

61 5340 158 5394 haee.
168 5334 486 5408 Mysteriumnoetrum
494 5332 524 5386 in
532 5346 635 5386 mensa
643 5331 760 5387 Domini
767 5331 897 5403 positum
952 5331 1051 5404 pimus
1060 5331 1091 5386 iu
1100 5337 1296 5403 sacramento,
1308 5336 1394 5406 quale
1404 5339 1731 5407 postreeurrectionem
1740 5340 1788 5394 eet

62 5430 115 5483 aet.
128 5425 233 5482 Estote
244 5438 318 5497 ergo
329 5421 408 5496 quod
418 5420 536 5490 videtis,
549 5423 577 5475 et
585 5420 708 5492 achpite
719 5421 799 5492 quod
809 5422 894 5479 estis.
952 5420 983 5476 in
999 5422 1170 5494 semetipso.
1192 5424 1264 5477 Cum
1283 5423 1426 5495 accipitur
1446 5441 1505 5480 non
1521 5428 1714 5494 consumitur,
1731 5423 1787 5483 sed

61 5515 124 5573 Hoc
134 5513 323 5588 accipiturin
332 5527 408 5585 pane
418 5510 680 5585 quodpependItin
690 5526 789 5583 cruce,
801 5514 830 5566 et
840 5510 897 5567 hoe
952 5510 1069 5583 expleto
1086 5510 1195 5583 officio,
1211 5527 1265 5585 pro
1279 5527 1338 5585 quo
1348 5514 1533 5571 sacrificatur
1543 5519 1571 5571 et
1581 5513 1784 5587 manducatur,

60 5605 190 5667 sumitur
198 5605 230 5664 iu
241 5603 334 5665 culice
343 5601 424 5680 quod
433 5599 562 5661 effusum
570 5602 617 5660 est
627 5600 662 5660 de
673 5599 784 5661 Christi
793 5599 895 5662 tatere.
952 5601 1063 5662 iniliud
1074 5602 1279 5680 quoumcoeto
1290 5605 1346 5680 est,
1357 5602 1545 5663 ueneremur.
1557 5598 1660 5687 Semel
1669 5597 1787 5664 obtutus
