3816 6030
10 264 45 327 dl

417 255 473 320 DE
490 252 651 318 BESTIIS
664 250 716 314 ET
731 245 841 313 ALIIS
853 242 993 312 REBUS
1007 239 1137 309 LIBER
1166 236 1341 307 PRIMUS.

1702 240 1743 301 42

10 443 85 499 Cum
101 446 202 497 antem
217 441 348 496 ordinate
363 439 490 494 volando
510 436 683 508 procedunt,
701 450 738 488 ex
753 449 785 487 se
801 431 850 486 lit·
869 427 899 490 A
914 444 972 483 non
991 427 1087 495 audet,
1105 423 1277 479 domesticis
1293 424 1390 496 autem
1412 419 1546 476 insidiari
1565 417 1650 488 solet,
1666 419 1742 474 insi-

12 533 141 588 terasia
158 532 257 585 velatu
272 531 397 602 fingunt.
414 529 485 583 lllos
504 531 601 581 autem
618 525 785 594 designent,
803 522 853 591 qui

14 623 94 677 inse
122 624 272 691 praecepta
296 619 456 688 Scripturas
481 614 698 670 benevivendo
720 611 857 664 forment.

17 708 81 765 Una
114 725 220 763 earum
242 708 372 778 reliquas
387 705 541 773 antecedit,
566 720 632 774 quae
657 702 783 754 clamare
803 714 862 752 non

19 798 141 863 desinit,
154 798 222 869 quia
234 796 383 866 praelatus,
397 794 584 871 qui-primum
596 792 694 845 locum
706 787 860 858 regiminis

21 888 146 953 obtinet,
159 902 232 940 suos
243 900 389 956 sequaces
400 883 533 936 moribus
544 885 571 936 et
580 882 638 935 vila
650 879 755 949 prseire
765 877 861 941 dehet,

24 976 174 1029 ilatamen
183 979 340 1043 utsemper
348 973 461 1033 clamet,
471 970 675 1024 etviambonae
683 965 863 1037 operationis

26 1064 212 1134 sequacibus
222 1063 286 1116 suis
294 1054 758 1131 praedicandodemonstret.Quae
768 1056 865 1107 autem

27 1157 98 1210 olias
114 1151 276 1217 antecedit,
290 1151 316 1203 si
327 1165 414 1203 rauca
425 1148 501 1201 facta
513 1147 609 1212 fuerit,
620 1149 689 1199 tunc
698 1144 754 1196 alia
765 1156 866 1196 succe·

10 1244 76 1310 dit,
105 1241 177 1312 quia
204 1240 343 1309 prostatus
368 1238 394 1290 si
415 1237 539 1290 verhum
562 1235 615 1288 bei
638 1233 784 1304 subjectis
807 1247 866 1283 non

32 1333 184 1405 praedicct,
202 1329 248 1382 vel
264 1327 426 1397 praedicare
446 1325 575 1392 nesciat,
593 1340 659 1377 cum
674 1337 783 1375 raucus
802 1319 866 1388 suit,

32 1436 160 1476 neeesse
171 1422 219 1471 est
229 1421 259 1471 at
268 1416 344 1469 alius
356 1415 505 1469 succedat.
516 1413 547 1467 Si
558 1417 654 1466 autem
666 1428 725 1465 nox
735 1424 870 1463 accesse-

33 1510 73 1578 rit,
99 1509 163 1575 illa,
192 1521 259 1577 quen
286 1501 646 1574 p1·soeeit,oumahisa‹l
667 1503 775 1553 terram
800 1499 870 1551 des-

914 518 1010 571 diatur
1023 515 1112 586 pathe
1123 518 1154 568 nt
1168 529 1220 567 eos
1231 510 1334 580 rapiat,
1350 514 1378 565 et
1394 527 1470 582 quos
1485 510 1619 563 Incautos
1637 508 1747 578 reperit

914 607 1047 660 velocius
1071 607 1165 657 necat.
1192 601 1240 654 Sic
1265 599 1370 654 molles
1395 604 1422 653 et
1436 598 1607 668 voluptuosi
1628 600 1748 651 teneros

915 680 1013 763 pullos
1030 693 1155 762 rapiunt,
1181 689 1248 758 quia
1272 687 1469 757 simpliciores
1485 690 1514 740 et
1527 686 1669 755 providos
1684 686 1748 739 suis

917 783 1050 836 moribus
1067 782 1174 849 aptant,
1191 781 1218 831 et
1241 775 1277 828 ad
1299 791 1459 846 perversos
1476 791 1550 828 usus
1565 774 1749 844 protrahunt.

918 870 1013 939 Super
1036 885 1088 923 eos
1110 868 1187 921 lente
1200 865 1334 938 ,volando
1356 864 1491 917 incautos
1507 863 1666 933 decipiunt,
1683 863 1752 917 dum

919 974 971 1013 eos
985 957 1103 1011 blandis
1119 955 1309 1010 sermonibus
1334 952 1479 1006 adulando
1495 952 1651 1006 seducunt.
1675 951 1753 1005 Ecce

919 1046 1067 1118 quemodo
1092 1046 1244 1113 veldense,
1270 1058 1336 1113 quie
1360 1042 1472 1095 ratione
1501 1043 1616 1110 carent,
1642 1041 1753 1110 peritos

921 1136 1065 1202 hOqueS,
1082 1136 1110 1186 ct
1132 1135 1244 1188 ratione
1260 1135 1385 1200 utentes,
1398 1146 1450 1199 per
1462 1131 1753 1199 exemplaperversaa

921 1224 1100 1293 operationis
1117 1222 1177 1276 sibi
1193 1236 1297 1275 cavere
1312 1219 1427 1273 docent.

923 1329 992 1384 Car.
1010 1330 1087 1383 XLI.
1101 1329 1145 1382 Ile
1160 1327 1333 1381 Irirundinis
1348 1332 1463 1391 aalma,
1476 1323 1572 1379 moral
1578 1324 1632 1378 'ter
1648 1323 1755 1379 ariirnoe

1187 1416 1347 1487 Itouritenti
1365 1414 1493 1469 eddIcle.

964 1509 1074 1561 Tartar
1089 1513 1117 1562 ot
1129 1506 1257 1560 ln'runde
1268 1510 1296 1558 ct
1308 1505 1420 1557 ciconia
1432 1507 1634 1574 copnoverunt
1646 1507 1759 1574 tempus

36 1598 180 1664 111111θ118,
199 1592 599 1662 101111111111111181111111ἓ111111
616 1586 870 1643 81111111011111631111
926 1597 1072 1650 adrentus
1087 1597 1148 1658 sni,·
1165 1593 1263 1648 Israel
1277 1599 1372 1647 autem
1392 1609 1448 1646 non
1465 1591 1758 1662 ceqnoritJndiehrm

37 1685 203 1742 1151011111111
212 1682 260 1736 3111
271 1681 389 1753 1181111111
402 1681 546 1748 0111111111,
559 1679 720 1748 1111111111111Ὀ
733 1675 870 1729 3111111113
928 1686 1045 1739 Ilernini
1059 1685 1182 1749 (darrih.
1199 1694 1272 1750 vuit.
1291 1682 1332 1734 be
1342 1684 1455 1737 turture
1464 1679 1603 1749 superlus
1618 1679 1757 1738 diximus,

37 1774 130 1830 somni
141 1772 275 1843 quietem
284 1773 410 1822 sumant.
422 1768 587 1822 Possumus
597 1771 754 1835 autempor
763 1764 871 1834 vigiles
932 1776 1035 1828 Restat
1049 1777 1145 1827 aurem
1160 1775 1190 1825 ut
1206 1788 1284 1824 „uno
1304 1771 1339 1823 (ιθ
1356 1762 1522 1835 hipundjne,
1548 1770 1575 1821 οι
1596 1774 1700 1839 postea
1724 1771 1760 1826 d,

38 1862 206 1933 intelligere
218 1859 367 1930 quoslibet
387 1858 534 1912 discretos
549 1858 666 1926 lietreS,
679 1854 729 1925 qui
744 1869 873 1906 commu-

38 1953 108 2008 niter
120 1949 270 2005 fratribus
286 1946 456 2015 temporalia
467 1947 632 2016 provident,
649 1948 676 1998 et
693 1944 728 1997 do
745 1942 873 2013 singulis

37 2039 207 2114 specialiter
224 2052 324 2090 curam
337 2035 453 2090 habent.
471 2036 515 2088 nd
528 2034 671 2104 obsequia
684 2032 807 2085 fratrum
820 2046 874 2101 pro

41 2145 130 2203 posse
148 2144 208 2181 suo
230 2126 361 2196 vigilant,
377 2127 408 2177 ut
422 2123 457 2177 eb
474 2123 517 2176 eis
535 2124 674 2176 incursus
697 2121 875 2186 daemonum,

37 2224 56 2274 el
70 2233 225 2273 accessus
238 2213 425 2269 secularium
442 2213 582 2283 repellant
599 2211 767 2281 prudenler.
781 2210 877 2263 Grues

10 2333 11 2341 ι
38 2326 115 2378 rere,
134 2323 207 2378 quae
225 2304 261 2357 ad
277 2304 332 2357 hoc
344 2303 503 2373 eliguntur,
520 2307 550 2356 ul
561 2318 613 2373 pro
625 2300 692 2353 aliis
702 2298 835 2369 vigilent,
849 2297 879 2349 in

10 2422 11 2428 ι
38 2399 109 2470 pede
126 2412 143 2449 a
163 2401 245 2448 terra
261 2408 410 2463 suspenso
426 2391 556 2461 lapillum
571 2393 680 2456 tenent,
694 2388 830 2440 timentes
841 2402 877 2439 no

10 2522 12 2530 ›
38 2489 60 2543 si
75 2502 138 2558 que
157 2499 263 2539 earum
280 2481 413 2546 dormiat,
430 2479 558 2550 lapsusa
570 2478 643 2548 pede
655 2475 772 2546 lapillus
783 2475 877 2528 cadat.

38 2574 187 2633 Sioutem
203 2572 297 2641 cadat,
313 2570 460 2641 evigilans
473 2569 587 2622 clamat.
605 2566 705 2635 Lapis,
718 2568 763 2618 est
778 2564 880 2618 Chris-

929 1863 1043 1916 ciconia
1066 1862 1260 1914 disseramus.
1278 1858 1361 1911 I'nde
1385 1857 1517 1911 isidoras
1545 1874 1551 1912 :
1579 1881 1589 1906 a
1614 1859 1760 1930 Hirundo,

928 1953 1031 2021 inquit,
1043 1952 1120 2004 dicta
1131 1948 1263 2018 estquod
1278 1947 1361 2000 cibos
1371 1962 1429 1999 non
1441 1951 1536 2000 sumat
1545 1948 1692 2017 residens,
1705 1950 1761 2004 sed

928 2041 958 2093 in
971 2056 1038 2093 aere
1053 2039 1192 2092 licei-ende
1209 2038 1303 2106 capiat
1318 2051 1414 2101 eseaS,
1430 2038 1458 2088 et
1474 2035 1555 2105 edat,
1579 2036 1699 2107 garrula
1716 2041 1762 2092 est

928 2132 1003 2198 avie,
1021 2133 1048 2183 et
1064 2145 1116 2199 per
1135 2132 1285 2181 tortuosos
1301 2125 1390 2179 orbes
1407 2128 1435 2178 et
1450 2125 1602 2180 flexuosos
1619 2127 1762 2181 circuilus

929 2219 1098 2290 pervolans,
1116 2220 1143 2270 et
1157 2216 1187 2268 in
1208 2214 1286 2267 nidis
1302 2213 1521 2281 construendis
1537 2214 1763 2286 educandisque

931 2310 1040 2363 lctibus
1053 2304 1258 2370 solertissima,
1273 2302 1386 2355 habens
1403 2302 1490 2355 etiam
1512 2303 1651 2373 quiddam
1671 2319 1765 2373 praes-

932 2399 1020 2465 oium,
1033 2395 1111 2466 quod
1127 2393 1283 2461 delapsum
1295 2390 1354 2444 sint
1366 2390 1493 2460 deseret,
1511 2407 1566 2446 nee
1578 2395 1694 2462 appetat
1705 2390 1766 2446 cul-

933 2487 1026 2554 minn3
1048 2485 1084 2538 ab
1101 2483 1166 2536 aliis
1186 2495 1303 2552 quoquo
1324 2478 1429 2532 avibus
1454 2496 1512 2533 nen
1529 2481 1686 2550 impetItur,
1711 2496 1767 2537 nec

933 2591 1063 2645 unquam
1078 2571 1176 2642 praede
1193 2573 1248 2638 est,
1267 2569 1358 2622 meria
1372 2569 1543 2639 transvolat,
1557 2569 1657 2640 ibique
1671 2570 1768 2628 hieme

38 2668 82 2721 tus
91 2682 100 2729 3
110 2679 182 2735 ρεε,
194 2661 300 2715 mentis
310 2658 443 2712 allectus
454 2657 535 2712 Sicut
546 2657 623 2711 onim
637 2656 744 2726 aliquis
754 2653 880 2724 pedihus
936 2666 1143 2718 commoratur.
1154 2660 1303 2714 »Custodit
1312 2663 1408 2712 autem
1417 2662 1548 2727 tempora
1558 2659 1767 2734 adventussui,

38 2754 164 2819 incedIt,
182 2750 228 2803 sic
244 2763 327 2802 mens
343 2747 407 2802 suis
430 2744 585 2800 affectibus
600 2745 685 2815 quasi
703 2743 828 2814 pedibus
843 2743 879 2796 ad
938 2754 1018 2807 nevit
1039 2751 1125 2805 etiam
1148 2749 1265 2819 quando
1284 2749 1390 2816 veniat,
1406 2750 1435 2801 et
1454 2748 1571 2817 quando
1594 2754 1768 2808 revertatur.

39 2846 139 2916 optata
155 2839 260 2896 tendit.
284 2839 315 2892 Si
335 2838 402 2908 quis
423 2837 514 2908 igitur
527 2836 561 2888 ad
579 2835 742 2889 custodiam
761 2834 807 2886 sui
834 2834 880 2887 vel
939 2843 1030 2898 Noric
1045 2841 1090 2909 pia
1106 2840 1169 2892 avis
1185 2838 1365 2892 annunciare
1381 2838 1525 2891 adventus
1540 2838 1588 2891 sui
1604 2840 1771 2898 testimonio

42 2929 171 2988 [mu-um
194 2928 307 3000 vigilat,
322 2925 452 2995 lapillum
469 2926 498 2978 in
513 2927 597 2995 pede,
620 2925 648 2977 id
672 2928 717 2977 est
731 2922 880 2978 Christum
941 2932 1020 2986 veris
1031 2931 1154 2984 initium.
1169 2928 1224 2980 I'er
1238 2926 1437 2994 hirundinem,
1454 2928 1530 2981 sicut
1541 2931 1701 2986 auctoritas
1712 2936 1772 2987 tes·

44 3022 73 3077 in
90 3026 193 3076 mente
208 3021 313 3089 portet.
330 3016 403 3069 Illud
413 3019 510 3069 autem
524 3030 711 3084 summepere
722 3017 831 3081 caveat,
845 3031 880 3068 ne
903 3025 1027 3100 cietur,
1041 3018 1198 3089 aliquande
1210 3016 1349 3085 superbia
1360 3016 1477 3084 mentIs,
1490 3016 1646 3086 aliquando
1664 3027 1773 3079 centri-

47 3112 72 3168 εἰ
88 3112 120 3165 in
136 3111 261 3181 peccato
277 3105 436 3171 dormierit,
452 3103 570 3173 lapillus
592 3120 606 3157 e
621 3104 695 3173 pede
712 3104 836 3172 dec-idat,
853 3107 883 3161 id
944 3113 982 3166 tie
994 3107 1181 3162 contribulati
1190 3103 1480 3174 cordisintelligitur.
1488 3104 1572 3167 Quod
1581 3108 1773 3174 perhirundi·

50 3206 94 3258 est
108 3198 249 3253 Christus
272 3212 289 3248 a
309 3199 405 3249 mente
421 3193 547 3247 recedat.
564 3193 595 3246 Si
614 3197 710 3246 autom
733 3188 882 3265 ceciderit,
942 3216 1009 3255 nem
1020 3196 1160 3266 superbia
1175 3195 1348 3263 designetur
1358 3208 1410 3261 per
1425 3192 1546 3247 Tobiam
1560 3194 1684 3253 dieder:
1703 3203 1773 3259 Cum

52 3307 105 3363 per
119 3285 343 3344 consessionem
360 3282 472 3349 clamet,
490 3284 521 3334 ut
536 3281 715 3334 dormientes
729 3283 845 3352 excitet,
858 3284 887 3337 id
935 3291 1083 3362 jactasset
1095 3301 1137 3349 se,
1147 3283 1249 3354 inquit,
1263 3281 1459 3353 t'otiasjarta
1466 3285 1623 3354 parietem,
1633 3295 1662 3342 et
1672 3291 1776 3347 ohdor-

10 3422 13 3443 ;
55 3383 99 3436 ,st
116 3379 226 3432 fiam-05
242 3379 299 3428 tam
313 3389 367 3443 pro
384 3387 417 3425 se
431 3387 519 3440 quam
530 3385 582 3439 pro
597 3385 699 3423 corum
710 3373 888 3426 excessibus
943 3379 1056 3440 inisset,
1075 3375 1198 3444 (eorrupit
1215 3378 1243 3425 et
1261 3372 1386 3425 exnide
1404 3372 1596 3428 hirundinum
1615 3377 1777 3437 dormienti

56 3466 91 3524 ad
106 3465 291 3537 vigilantiam
306 3460 581 3530 clrcumspeclionis
598 3460 709 3515 invitet.
720 3460 850 3515 AEtatem
861 3462 891 3514 in
945 3467 990 3521 itti
1011 3464 1105 3519 calida
1130 3470 1264 3516 stercora
1285 3460 1454 3514 inciderent
1475 3479 1565 3533 super
1583 3466 1681 3522 ocules
1701 3470 1774 3542 ejus

10 3580 15 3625 i
58 3556 116 3613 ,1113
142 3554 227 3610 0010r
250 3551 356 3623 prodit.
381 3550 456 3604 Nam
479 3549 509 3602 in
532 3552 683 3602 senectute
706 3550 890 3621 nigrescunt.
947 3556 1091 3624 tleretque
1100 3549 1287 3619 erecestl'ob.
1298 3552 1339 3618 ιι).
1352 3549 1435 3603 Unde
1445 3551 1523 3604 Itoda
1536 3556 1775 3623 superTobioni:

10 3636 15 3685 1
62 3646 115 3702 Hic
131 3644 211 3699 enim
235 3641 317 3696 color
339 3641 369 3693 in
395 3643 546 3695 senectute
571 3639 636 3692 seni
661 3640 808 3708 competit,
827 3656 893 3694 cunr
950 3639 1478 3709 aHirandopropterlevemrelotum
1494 3644 1663 3710 superbiam
1679 3650 1778 3705 eordls

62 3751 115 3807 pro
130 3732 263 3805 peccatis
278 3730 445 3802 plangendo
457 3729 557 3800 gemit.
571 3727 729 3781 Camenim
740 3745 807 3798 quae
818 3730 893 3783 male
950 3733 1154 3800 levitatemque
1170 3730 1286 3798 ligarat.
1307 3726 1401 3798 Cujus
1419 3728 1600 3783 immunditia
1623 3735 1780 3792 confestim

63 3823 169 3897 gessit,
187 3838 281 3877 senex
302 3822 520 3886 commemoret,
546 3819 576 3870 in
600 3818 897 3872 senectute-colorem
950 3823 1090 3885 exerceat,
1109 3834 1163 3872 nec
1178 3816 1255 3870 eninr
1270 3816 1370 3870 videre
1387 3817 1525 3885 permittit
1535 3821 1631 3889 qualis
1649 3822 1746 3880 tuerit.
1766 3847 1777 3874 ι

10 3920 29 4003 ,¹
64 3917 165 3968 mutat.
176 3912 267 3965 Ilntat
276 3910 490 3964 enimamorem
499 3907 632 3976 pristinos
648 3907 851 3961 delectationis
867 3908 896 3961 in
950 3909 1032 3974 Quod
1040 3912 1136 3962 erilem
1147 3899 1200 3976 pe’r
1211 3906 1396 3959 hirundinem
1408 3907 1543 3961 contritio
1551 3910 1782 3985 cordisintelligi

10 4012 13 4019 ·
61 4002 195 4057 delorem
220 3997 415 4053 contritionis
441 3996 518 4050 Ecce
540 3997 666 4066 qualitor
688 4012 742 4064 per
764 3999 897 4051 naturam
951 3999 1055 4052 debeat
1073 3995 1412 4066 p1·ophctade1nonstrat
1431 3994 1534 4050 dicens
1552 4013 1557 4051 :
1576 3999 1660 4054 Sicut
1679 4002 1783 4072 pullus

62 4091 221 4147 volucrum
235 4088 335 4143 doceri
350 4089 447 4157 potest
459 4086 507 4138 via
522 4085 741 4156 religiosorum.
952 4086 1124 4140 hirundinis
1135 4086 1179 4137 sic
1190 4082 1319 4136 clamabo
1341 4082 1410 4151 (Iso.
1428 4085 1563 4156 xxxviii).
1588 4087 1783 4162 Intelligimus

77 4180 148 4235 Car.
167 4179 232 4233 XL.
250 4179 294 4232 De
312 4183 416 4231 natare
430 4176 516 4230 milri
530 4177 567 4230 ad
586 4177 707 4230 vitiosos
723 4176 876 4247 applicata.
952 4177 1043 4248 igitur
1055 4190 1109 4244 per
1123 4172 1310 4226 hirundinem
1325 4172 1485 4242 quemlibet
1504 4176 1666 4232 discretum
1680 4179 1783 4235 decto-

94 4269 220 4334 bliIvuS,
233 4265 330 4321 mollis
340 4271 385 4320 est
400 4267 515 4320 viribus
531 4269 559 4319 et
572 4265 681 4333 velatu,
694 4265 780 4335 quasi
798 4263 896 4318 mollis
954 4280 1092 4333 re1n‚pcr
1109 4261 1396 4330 hirundinispullum
1407 4263 1580 4320 clamentem
1595 4267 1783 4340 discipulum,
1850 4238 1852 4241 Ι

63 4364 136 4427 sels,
153 4357 234 4412 unde
249 4357 335 4410 etiam
353 4359 555 4425 nuncupatur,
572 4354 784 4422 rapacissimus
800 4358 896 4407 tamen
956 4370 1009 4424 per
1031 4353 1189 4406 clamorem
1205 4351 1311 4403 mentis
1331 4353 1546 4408 contritionem.
1562 4355 1673 4411 Clamet
1686 4359 1785 4428 pullus

63 4456 117 4516 cst,
133 4454 162 4503 et
178 4463 299 4517 semper
315 4445 486 4500 domesticis
509 4444 615 4497 avibus
632 4443 796 4497 insidiatur.
816 4443 898 4496 Sicut
958 4441 1135 4508 hirundinis,
1146 4440 1215 4492 dum
1231 4439 1337 4508 quere
1353 4456 1369 4492 a
1387 4442 1528 4511 magistro
1544 4446 1667 4498 verbum
1680 4447 1786 4515 praedi-

64 4540 182 4595 enimin
195 4537 272 4590 libro
282 4535 534 4606 Etymalogiornm
546 4532 652 4586 isidori
662 4532 780 4602 legitur,
791 4531 899 4585 milvus
959 4532 1093 4586 eatiems
1106 4527 1323 4597 Clanratpullus
1336 4528 1512 4598 hirundinis,
1525 4532 1654 4603 damper
1669 4536 1787 4590 contes-

20 4654 23 4659 ·
65 4627 177 4683 amelli
191 4627 292 4679 volatu
307 4624 482 4678 nominatur.
500 4623 553 4676 Est
568 4623 658 4693 Igitur
680 4621 787 4674 milvus
803 4620 901 4674 mollis
960 4619 1223 4688 sionemmegistro
1236 4616 1786 4681 manifestatallectumcontriticordis.

66 4718 194 4783 viribus,
207 4715 335 4785 illosque
346 4711 494 4783 significat
510 4726 586 4781 quos
602 4709 732 4762 millities
743 4709 902 4778 voluptatis

65 4811 168 4863 tentat.
184 4802 388 4859 Cadaveribns
411 4801 518 4854 milvus
534 4800 674 4867 vescitur,
693 4799 760 4868 quie
777 4798 904 4851 carneli-

10 4914 12 4920 ·
68 4897 122 4952 bus
138 4892 301 4948 desideriis
315 4890 484 4961 voluptuosi
500 4889 691 4943 delcetantur.
706 4887 813 4940 hlilvus
826 4888 904 4940 enirn

10 4987 15 4996 '
68 5000 175 5040 carnes
187 4982 307 5052 rapiens
315 4984 370 5047 est,
381 4979 561 5045 desidiosus,
571 4978 903 5046 voluptuosequaerens.

10 5063 17 5099 5

68 5074 153 5129 Circo
169 5071 315 5141 coquinas
327 5070 355 5121 el
367 5067 488 5121 macella
500 5067 607 5120 milvus
619 5066 740 5118 assidue
751 5065 862 5132 volitet,
875 5069 905 5118 ut

10 5141 32 5243 11
69 5161 176 5235 siquid
189 5159 289 5214 crudae
300 5157 398 5211 cernis
408 5156 444 5209 ab
454 5157 497 5209 eis
507 5155 680 5225 projiciatur
695 5153 786 5221 torae,
796 5154 906 5206 veloci-

10 5329 30 5366 Ξιι

27 5364 31 5385 I

10 5430 21 5441 α

16 5490 22 5500 n

70 5256 113 5307 ter
128 5251 234 5321 rapiat.
251 5246 308 5300 Per
322 5246 378 5301 heo
392 5249 489 5299 antem
504 5245 611 5298 milvus
627 5259 679 5296 eos
697 5243 783 5295 nobis
802 5243 904 5311 innuit,

71 5357 147 5414 quos
168 5354 241 5392 cura
256 5337 369 5391 ventris
384 5335 528 5390 sollicitos
549 5333 653 5387 reddit.
675 5329 730 5395 Qui
745 5331 835 5402 igilur
851 5331 907 5384 hu-

69 5425 205 5503 jusmodi
215 5425 477 5497 sunt,volnptuoso
487 5426 632 5495 quoerunt,
644 5422 765 5475 macella
774 5421 908 5491 frequen·

10 5507 24 5544 11
72 5522 132 5577 tent
149 5521 180 5575 et
194 5515 331 5588 coquinis
345 5515 467 5571 inhiant.
485 5514 593 5568 Milvus
611 5511 731 5567 timidus
747 5514 792 5565 est
805 5511 835 5564 in
850 5527 909 5564 mo·

10 5698 24 5722 ὴ

73 5611 152 5691 gnis,
168 5607 269 5666 audax
281 5606 312 5662 in
322 5606 451 5663 minimis
461 5622 468 5678 3
480 5605 636 5662 silvestres
651 5603 789 5661 volueres
805 5617 909 5678 repere

200 5716 332 5778 Person.
348 5713 523 5776 ubxxvu.

959 4710 989 4763 si
1005 4709 1083 4762 nosti
1102 4708 1259 4761 clamorem
1272 4705 1447 4773 hirundinis,
1466 4707 1523 4760 nisi
1540 4708 1634 4779 fallor,
1651 4717 1790 4784 questum

958 4799 1095 4868 designat
1105 4796 1210 4848 animm
1221 4793 1399 4862 poenitentis.
1410 4794 1526 4849 Clamor
1535 4796 1612 4852 enim
1622 4800 1789 4857 hirundInis

959 4893 1004 4941 est
1020 4886 1104 4940 dolor
1120 4882 1299 4953 poenitentis.
1322 4881 1455 4937 Ilirunde
1476 4885 1560 4940 cibos
1578 4889 1715 4944 residens
1731 4907 1790 4947 non

959 4976 1057 5043 sumit,
1071 4974 1123 5027 sed
1136 4974 1164 5025 in
1176 4986 1242 5025 aere
1258 4970 1376 5023 haerens
1393 4987 1480 5026 escas
1496 4975 1566 5045 edit,
1582 4977 1649 5048 quio
1665 4980 1715 5049 qui
1729 4983 1790 5033 ter-

960 5080 1030 5118 rena
1039 5079 1097 5117 non
1110 5062 1214 5132 diligit,
1228 5064 1383 5114 remotuso
1394 5063 1520 5117 terrenis
1534 5067 1663 5122 caelestia
1673 5069 1789 5139 quaerit.

960 5153 1081 5208 Garrule
1103 5152 1167 5204 ovis
1184 5151 1299 5217 dieitur,
1326 5151 1393 5219 quia
1415 5152 1584 5220 querulosis
1609 5157 1792 5213 orationihus

961 5243 1255 5314 saepiusdeleclotur.
1278 5241 1345 5295 ideo
1365 5242 1516 5296 flexuosos
1536 5244 1677 5300 circuitus
1687 5263 1793 5317 perve-

962 5335 1010 5399 lat,
1021 5337 1052 5386 at
1062 5333 1097 5385 ad
1110 5331 1228 5384 diversa
1240 5329 1414 5383 obedientiae
1425 5335 1574 5402 prescepta
1587 5337 1714 5390 mentem
1725 5336 1795 5392 sub·

960 5425 1059 5495 ,jectus
1072 5422 1176 5476 decelat.
1194 5421 1226 5473 ln
1241 5420 1318 5474 nidis
1333 5423 1552 5491 construendis,
1573 5425 1793 5495 educandisque

964 5512 1073 5569 letibus
1091 5510 1297 5577 solertissimo,
1315 5510 1416 5565 nidum
1431 5511 1461 5565 in
1476 5512 1534 5567 alto
1551 5513 1703 5581 construit,
1725 5512 1795 5583 quia

965 5603 996 5662 in
1010 5602 1067 5660 tide
1080 5602 1232 5678 passionis
1247 5600 1357 5661 Christi
1371 5615 1455 5679 spem
1476 5599 1565 5658 fixam
1580 5601 1670 5676 ponit,
1696 5600 1794 5663 solere

1567 5709 1594 5772 la
