3796 6022
36 421 41 428 ι
112 318 198 391 aare

560 322 858 389 herenniano
881 320 1075 391 uocatus
1097 324 1242 425 opaea
1262 325 1461 394 uvsrroa.
1772 324 1851 397 roeo

122 536 286 603 attentem,
305 536 627 603 ettrinurnolcocirer,
641 536 749 607 etmel,
760 541 790 591 et
805 536 955 608 butyrum,
971 508 1001 573 A
1017 536 1079 607 ιιι).
1094 536 1147 591 Est
1155 537 1314 610 diligenter
1324 538 1532 596 attendendum
1549 539 1628 612 quod
1642 555 1700 595 nec
1710 538 1790 611 plus,
1800 554 1850 594 nec

123 641 195 682 oves
207 631 235 681 et
243 626 371 698 pinques
389 626 511 692 vitulos;
528 627 733 699 dederuntque
748 625 847 681 David
862 631 891 680 et
902 640 957 697 po·
1016 626 1280 698 miuusqaamtrcs
1297 630 1547 701 principessupcr
1557 629 1699 701 populum
1710 629 1765 684 Dei
1781 645 1850 684 con·

119 715 190 790 pulo
205 716 255 787 qui
268 732 331 769 curn
348 731 382 771 ee
398 721 463 771 erat
483 717 521 771 ad
538 718 724 772 vescendum.
1017 716 1188 771 stituuatnr.
1207 717 1242 772 Et
1256 734 1441 791 unaquaeque
1456 736 1526 790 pars
1540 719 1640 791 populi
1652 719 1741 775 tertia
1757 721 1850 775 nomi·

161 804 193 858 ln
208 804 256 859 his
268 805 407 860 omnibus
419 822 545 877 operosa
561 807 678 862 devotio
691 822 844 861 conversae
860 807 957 878 genti·
1017 808 1113 875 natur,
1130 808 1161 860 ut
1174 807 1252 877 quod
1277 808 1389 878 praelati
1413 811 1442 864 et
1465 808 1594 880 subjecti
1618 812 1732 864 sanctae
1751 808 1848 863 Trini-

123 893 215 949 litatis
227 894 402 950 declaratur.
415 896 524 951 Verum
536 896 565 951 ia
580 896 639 966 his,
658 912 723 968 quae
734 897 769 950 ad
784 895 882 950 cibum
893 912 958 967 per·
1018 894 1085 948 tatis
1102 893 1231 950 cultores
1247 912 1316 951 csso
1332 897 1458 952 debeant
1477 897 1633 953 manifeste
1651 896 1848 971 significetur.

124 984 228 1054 tinent,
242 1000 338 1039 sacrae
348 985 491 1040 doctrinae
501 990 605 1056 pastus
617 989 645 1040 et
656 986 958 1056 consolatioprrcser-
1019 981 1110 1037 David
1128 983 1157 1038 in
1179 984 1236 1040 hoc
1250 985 1329 1041 bello
1344 987 1410 1041 sais
1434 987 1464 1041 in
1478 987 1551 1042 urhe
1566 991 1612 1042 est
1625 987 1782 1058 praesidio,
1799 1001 1849 1040 aee

124 1074 411 1144 timexprimiturln
421 1075 609 1129 vasisautem
620 1074 760 1129 fictilibus
771 1074 848 1129 bena
858 1090 958 1145 opera,
1018 1087 1084 1126 cum
1100 1072 1144 1127 eis
1159 1074 1264 1128 exiens
1280 1075 1472 1145 corporaliter
1486 1080 1609 1148 pugnat,
1624 1077 1694 1148 quia
1710 1074 1846 1131 Christus

127 1166 156 1217 et
165 1163 300 1234 quaedam
308 1163 434 1218 virtutes
450 1163 623 1235 figurantur,
635 1180 701 1235 qum
716 1165 746 1219 in
761 1164 818 1218 lina
831 1179 898 1217 cum
907 1178 959 1217 vo-
1017 1177 1096 1215 nunc
1108 1177 1173 1216 eum
1184 1163 1250 1218 suis
1261 1163 1399 1219 ildelibus
1411 1181 1461 1220 ore
1473 1166 1592 1237 propria
1604 1169 1707 1221 contra
1720 1164 1848 1236 perfidos

127 1251 205 1307 uerit
220 1252 298 1323 quod
314 1252 478 1323 perfectum
500 1255 555 1321 est,
579 1255 607 1307 ct
622 1253 814 1308 evacuabitur
828 1253 906 1324 quod
923 1268 960 1306 cx
1017 1249 1137 1306 minime
1153 1251 1291 1322 disputat,
1308 1253 1361 1307 scd
1377 1254 1405 1308 in
1422 1255 1495 1309 urbe
1510 1254 1624 1310 eoelesti
1639 1254 1782 1310 residens
1794 1254 1845 1308 Pa-

127 1344 210 1412 parte
227 1344 282 1411 est,
295 1340 471 1413 frangentur
485 1357 519 1396 ac
542 1342 741 1412 destruentur,
761 1342 903 1412 apostolo
918 1343 960 1395 tc·
1018 1340 1092 1393 trem
1103 1355 1156 1410 pro
1172 1341 1237 1396 suis
1250 1342 1424 1414 interpellat.
1442 1344 1474 1398 ln
1489 1343 1545 1400 hoc
1564 1343 1644 1399 bello
1665 1346 1695 1399 et
1718 1343 1848 1399 Absalon

128 1432 235 1499 stante,
252 1430 302 1501 qui
317 1430 371 1484 ait:
389 1429 463 1484 Sive
468 1430 635 1502 prophetiae
651 1430 882 1500 evacuabuntur,
895 1432 961 1485 sire
1019 1430 1048 1482 ct
1063 1429 1155 1499 multi,
1170 1432 1220 1502 qui
1237 1448 1302 1486 cum
1318 1436 1447 1502 cesant,
1464 1433 1638 1504 moriuntur,
1655 1433 1726 1506 quia
1748 1435 1778 1488 et
1791 1449 1849 1503 per·

128 1518 238 1590 linquae
259 1517 427 1583 cessabunt,
446 1519 649 1574 siveseientin
665 1520 878 1587 destructuri!
892 1521 960 1575 Cor.
1020 1515 1097 1572 lidus
1116 1519 1288 1576 ludaeorum
1302 1522 1447 1592 populus,
1471 1524 1499 1577 ct
1521 1523 1692 1595 quicunque
1712 1537 1783 1576 cum
1805 1521 1848 1576 illo

128 1607 204 1676 xnr).
221 1606 253 1660 ln
268 1605 356 1677 cujus
379 1607 423 1661 rci
438 1609 675 1664 consideratione
698 1610 854 1664 Psalmista
871 1610 962 1663 admi·
1020 1622 1144 1679 regnum
1160 1608 1271 1664 Christi
1290 1626 1462 1682 expugnare
1487 1615 1639 1680 conantur,
1665 1612 1725 1666 nisi
1747 1611 1848 1681 resipi-

128 1695 222 1750 rando
237 1695 354 1751 videtur
368 1698 544 1770 exclamare,
557 1699 675 1754 dicens:
695 1700 808 1771 Venite,
819 1706 849 1755 et
864 1700 962 1755 videto
1020 1699 1114 1766 scant,
1128 1701 1236 1753 oetcrna
1253 1703 1345 1754 morte
1366 1701 1537 1771 puniuntur.
1554 1701 1590 1755 Et
1611 1701 1639 1755 id
1663 1700 1847 1772 apertissima

129 1801 218 1857 opera
240 1785 368 1851 Donrini,
393 1803 455 1858 qrrar
467 1789 567 1859 posuit
587 1790 726 1861 prodiqia
744 1795 961 1861 superterram
976 1823 1004 1888 Β
1021 1785 1204 1858 designatur,
1215 1789 1588 1845 ubihbsalonintertoctus
1600 1791 1630 1845 in
1642 1789 1762 1846 foveam
1773 1805 1847 1862 gran·

129 1873 223 1946 (Psal.
241 1875 320 1945 xav),
330 1875 415 1930 idest
426 1877 735 1947 naturamhumanam,
747 1895 834 1950 quarn
847 1882 962 1934 constat
1021 1874 1087 1929 dein
1108 1875 1260 1948 projectus
1280 1882 1474 1935 memoratur:
1496 1880 1582 1935 lovea
1602 1880 1713 1952 quippe
1733 1878 1847 1951 grandis

128 1965 604 2023 esseterrenamAuierensbella
617 1985 707 2042 usque
716 1970 753 2025 ad
761 1968 849 2024 daem
859 1975 961 2038 terrae,
1021 1963 1156 2020 internus
1168 1970 1223 2021 est.
1236 1967 1367 2023 hbsalon
1378 1972 1474 2025 autem
1489 1969 1566 2024 inter
1581 1968 1690 2025 coelum
1705 1972 1735 2025 et
1748 1972 1848 2024 terram

129 2069 230 2109 arcum
244 2059 389 2125 conteret,
403 2062 433 2111 et
451 2056 620 2130 corrtrinpet
636 2075 728 2130 arma,
746 2065 775 2114 et
789 2066 872 2114 scuta
887 2075 963 2114 eorn-
1021 2054 1052 2107 iu
1066 2071 1178 2126 quercu
1201 2058 1317 2127 pendet,
1343 2058 1410 2130 qaia
1434 2057 1561 2130 populus
1576 2059 1734 2127 iudaicus,
1753 2060 1846 2113 contra

128 2142 219 2200 buret
242 2143 309 2215 iqni
323 2144 433 2214 (ibid).
448 2145 592 2202 Dominus
603 2149 711 2203 etenim
726 2148 910 2220 belluasque
926 2149 962 2202 ad
1022 2142 1172 2214 Christum
1183 2145 1325 2214 elevatas,
1344 2162 1399 2203 nee
1414 2152 1522 2204 terram
1534 2148 1698 2220 antiquitus
1709 2147 1771 2203 sibi
1785 2162 1848 2202 con-

129 2232 563 2306 ilnemterraeauterct,quando
571 2237 601 2291 in
610 2237 667 2292 fine
679 2240 746 2293 vitae
758 2241 963 2293 amnostenta-
1023 2249 1150 2303 cessam,
1172 2251 1228 2290 aec
1248 2236 1355 2291 eoelum
1379 2237 1476 2292 habet.
1498 2237 1636 2303 Quercus
1652 2237 1775 2306 etenim,
1791 2251 1849 2308 qua

128 2321 226 2377 tiones
240 2338 456 2396 usquequaque
473 2341 593 2381 cessare
612 2326 712 2396 taeiet3
729 2343 829 2383 arcum
844 2343 963 2399 quoquo
1023 2326 1069 2378 est
1083 2325 1171 2380 arbor
1186 2326 1277 2381 ardua
1292 2330 1321 2381 et
1331 2326 1513 2395 inflexibilis,
1530 2326 1704 2398 superbiam
1718 2329 1800 2381 recte
1815 2325 1851 2380 si·

131 2414 263 2468 conteret
274 2415 302 2468 et
313 2414 482 2487 confringet
495 2431 586 2487 arma,
597 2419 625 2471 et
635 2419 718 2471 scuta
728 2418 961 2490 comburetigni,
1024 2413 1154 2485 gnificat·
1170 2415 1242 2479 Quae
1257 2431 1386 2488 quercus
1398 2416 1521 2489 grandis
1536 2416 1646 2471 ibidem
1662 2418 1692 2470 θῑ
1707 2415 1851 2470 condensa

130 2502 247 2575 quanda
258 2502 508 2576 praedicationem,
521 2511 715 2576 sacramenta,
729 2523 827 2578 opera,
838 2509 963 2563 virtutes
1022 2502 1118 2559 tuisse
1134 2503 1250 2576 dicitur,
1268 2507 1337 2577 quia
1348 2506 1518 2561 ludaeorum
1535 2504 1678 2576 superbia
1691 2507 1720 2560 et
1735 2504 1851 2577 grandis

130 2594 513 2666 quasdam,seiliaetildem,
524 2596 821 2668 spem,prophetiam,
832 2599 961 2670 linguae,
1022 2609 1076 2664 per
1091 2595 1138 2648 sui
1154 2595 1391 2666 aestimationem,
1416 2598 1445 2651 ct
1461 2596 1612 2650 condensa
1627 2610 1683 2665 per
1696 2593 1852 2649 caecitatem

130 2687 285 2743 scientiam
301 2686 466 2741 immediata
481 2685 612 2741 claritate
628 2701 691 2741 sum
715 2686 843 2743 visionis
860 2690 888 2743 et
903 2688 963 2759 ple·
1023 2684 1241 2754 comprobatur.
1256 2685 1355 2740 Malus
1380 2701 1463 2755 vero,
1485 2686 1532 2740 eui
1549 2684 1684 2740 Absaloa
1698 2681 1850 2749 insidebat,

130 2777 256 2832 nissima
266 2775 448 2848 perfectione
463 2774 614 2831 eharitatis
626 2776 790 2831 evacuabit.
811 2776 843 2830 ln
855 2780 964 2832 strato·
1023 2773 1170 2829 carnatem
1185 2777 1213 2829 et
1228 2774 1441 2830 infructuosam
1457 2775 1534 2847 legis
1545 2771 1770 2829 observantiam
1782 2771 1849 2844 figo·
1868 2778 1872 2786 '

129 2865 185 2921 riis
199 2881 270 2922 vero
291 2868 320 2920 et
336 2865 495 2936 tapetibus,
514 2882 581 2937 quae
597 2867 633 2921 nd
654 2869 788 2922 ornatum
806 2866 963 2937 pertinent,
1022 2865 1076 2917 rat.
1093 2862 1149 2928 Qui
1162 2880 1233 2919 vcro
1257 2865 1429 2935 pertransiit
1443 2863 1575 2919 absalon
1596 2878 1762 2933 suspenso,
1779 2861 1849 2932 quia,

131 2955 329 3011 ecclesiastici
342 2958 464 3010 ornatas
474 2954 564 3011 decor
574 2972 705 3029 congrue
716 2956 911 3029 significatur.
921 2956 963 3009 ltli
1023 2952 1147 3008 ludaico
1158 2954 1266 3024 popula
1276 2954 1366 3008 iasua
1374 2953 1745 3024 super-biaperseverante,
1753 2950 1851 3020 lexpcr

131 3045 230 3117 itaque
245 3045 295 3116 qui
312 3044 404 3099 David
424 3048 506 3100 trans
522 3045 682 3101 tardonem
706 3046 771 3101 suis
791 3045 964 3101 muneribus
1004 3047 1009 3058 '
1024 3043 1147 3113 gratiam
1160 3043 1246 3097 llaem
1257 3044 1380 3114 acecpit.
1392 3042 1487 3114 Cujus
1499 3041 1649 3113 superflua
1658 3040 1803 3096 caesaries
1813 3053 1851 3092 ca·

131 3134 531 3207 honoraverunt,designant
541 3151 594 3190 cos
606 3135 656 3206 qui
668 3135 864 3207 exgentibus,
878 3135 964 3189 iidem
985 3142 1012 3207 0
1025 3131 1094 3201 pitis
1103 3132 1343 3202 superstitionem
1353 3136 1432 3187 recte
1443 3130 1723 3204 designattudaieae
1730 3129 1849 3184 mstima·

131 3222 242 3278 Christi
257 3223 413 3291 habentes,
435 3222 521 3279 fldcto
537 3224 691 3279 servitium
706 3224 747 3278 illi
762 3224 893 3296 quotidie
909 3224 965 3277 im·

130 3312 273 3384 pendunt.
283 3311 339 3377 Qui
348 3315 444 3367 autem
454 3313 546 3367 David
561 3329 599 3368 ex
611 3313 713 3368 ludaea
730 3313 816 3385 sequi
833 3317 966 3368 contem·

130 3404 265 3472 pserunt,
281 3400 404 3457 ludaeos
420 3402 479 3473 qui,
497 3402 583 3457 fldem
599 3401 708 3457 Christi
724 3407 910 3474 spernentes,
928 3406 965 3460 ab

132 3490 200 3561 ejus
212 3488 327 3543 semitis
337 3506 391 3560 per
399 3490 598 3545 inlldelitatem
610 3491 965 3565 exorbitaverunt,paten-

131 3577 361 3649 terexprimuat.
373 3577 502 3642 Quorum
513 3580 821 3651 typumhliphihoseth
840 3582 964 3638 claudas

132 3667 217 3723 solus
233 3672 304 3723 tunc
319 3668 425 3740 gessit,
442 3683 529 3739 quem
548 3668 640 3725 David
660 3686 747 3725 asna
764 3672 901 3727 comitatu
917 3688 965 3727 re-

131 3758 283 3814 mansisse
294 3758 392 3813 solum
407 3758 568 3831 redarguit.
585 3759 661 3814 Iliae
673 3762 719 3815 est
734 3760 812 3832 quod
828 3761 965 3817 Christus

131 3848 197 3920 ipse
209 3848 457 3920 perPsalmistam
467 3849 584 3918 cecinit,
596 3849 698 3904 dicens
711 3865 717 3904 τ
734 3849 858 3922 Eripies
869 3867 914 3905 me
929 3853 966 3906 de

132 3938 421 3994 contradictionibus
441 3937 556 4009 pepulr‘,
582 3940 747 3994 constitues
765 3955 811 3994 nre
831 3941 861 3994 ia
881 3947 966 4012 capiat

132 4026 273 4098 pentima.
281 4025 420 4097 Populus,
431 4043 515 4099 quem
526 4029 723 4100 noeonpuovi‚
735 4030 866 4084 servivit
877 4030 965 4093 mihi,·

132 4116 165 4170 in
187 4115 289 4170 auditu
310 4116 394 4170 araris
410 4115 548 4170 'obedivit
572 4116 654 4172 mihi.
672 4116 745 4171 Filii
770 4118 861 4172 alieni
882 4135 966 4173 men-

134 4205 185 4260 titi
199 4209 267 4259 saint
286 4204 369 4272 mihi,
388 4203 445 4259 dlii
459 4204 551 4259 alieni
566 4205 731 4261 inveterati
748 4214 826 4276 sunt,
844 4213 873 4263 ct
885 4209 965 4263 claru-

133 4294 311 4351 dicavcrunt
332 4294 481 4349 asernitis
496 4295 560 4349 suis
592 4294 686 4365 (Psal.
712 4297 795 4365 xvu).
819 4296 895 4352 Sane
916 4297 967 4368 qui

134 4401 201 4441 cum
220 4383 314 4439 David
323 4384 468 4453 exierunt,
486 4387 514 4439 et
529 4400 596 4439 cum
611 4400 645 4440 eo
662 4385 820 4441 tardonem
837 4386 966 4441 transie-

1023 3222 1124 3277 tionis.
1146 3222 1254 3276 Tribus
1269 3222 1396 3294 denique
1416 3221 1527 3276 lanceis
1544 3220 1677 3275 Absalon
1693 3217 1847 3290 perimitur,

1026 3311 1094 3380 quia
1117 3328 1155 3366 cx
1169 3312 1226 3366 ilde
1236 3314 1348 3367 sanctae
1364 3311 1527 3377 Trinitatis
1538 3325 1625 3381 qaam
1637 3308 1700 3364 odit
1711 3304 1850 3376 etreapnit

1023 3400 1152 3472 populus
1169 3401 1227 3469 illc,
1243 3401 1407 3456 damnatur.
1421 3399 1478 3454 Per
1487 3399 1561 3454 loab
1573 3397 1699 3470 quilibet
1708 3395 1848 3469 periectas

1025 3492 1128 3547 doctor
1143 3491 1326 3564 designatur.
1344 3491 1401 3544 Per
1415 3489 1517 3543 decem
1536 3486 1666 3559 juvenes
1691 3484 1847 3556 armigeros

1024 3581 1102 3653 ejus,
1120 3581 1170 3653 qui
1189 3583 1257 3651 post
1270 3580 1351 3634 illum
1367 3578 1499 3632 hbsalon
1520 3577 1747 3647 percusserunt,
1765 3577 1848 3630 caetus

1025 3670 1237 3740 discipulorum
1249 3668 1315 3740 ejus
1326 3669 1355 3722 ia
1364 3665 1635 3738 scientiaDeealogi
1645 3663 1792 3720 robustus
1802 3678 1848 3716 ex·

1024 3759 1283 3832 prirnitur.0maes
1293 3774 1365 3830 ergo
1375 3755 1549 3811 Absalonad
1560 3753 1849 3818 mortemvutnerant,

1025 3849 1076 3921 qui
1091 3849 1264 3920 praedictum
1279 3846 1419 3918 populum
1434 3861 1488 3916 pro
1508 3860 1563 3899 sua
1577 3842 1751 3899 iulldelitate
1767 3842 1851 3896 morte

1024 3944 1164 4010 perpetua
1180 3937 1344 3992 feriendam
1364 3935 1545 3991 denuntiant.
1571 3933 1664 3989 Porro
1690 3932 1850 4004 quicunque

1024 4043 1062 4083 ex
1071 4029 1180 4099 populo
1190 4026 1281 4081 lsrael
1293 4028 1461 4094 evaserunt,
1471 4027 1499 4078 et
1511 4022 1603 4077 David
1614 4021 1680 4094 regi
1690 4037 1748 4076 suo
1756 4024 1851 4092 postea

1024 4117 1206 4173 reconciliati
1222 4119 1301 4185 sunt,
1318 4115 1471 4187 reliquias,
1484 4129 1551 4184 quae
1565 4115 1724 4184 postquam
1734 4109 1851 4181 plenita-

1025 4207 1094 4263 dino
1115 4206 1246 4279 gentium
1262 4204 1426 4272 intraverit,
1443 4203 1536 4257 salvat
1558 4202 1637 4271 ssent,
1654 4203 1792 4272 patenter
1805 4213 1852 4252 ex·

1024 4297 1162 4367 primunt.
1176 4295 1268 4350 David
1280 4297 1402 4348 mortem
1411 4291 1540 4347 hbsalun
1550 4290 1726 4361 deploravit,
1737 4292 1768 4344 et
1777 4286 1854 4344 Chri·

1025 4389 1090 4441 stus
1100 4387 1316 4457 supergentem
1326 4383 1414 4453 illam,
1427 4395 1639 4453 quamprosua
1650 4377 1778 4450 pertidia
1791 4391 1854 4449 per·

133 4477 211 4547 runt,
228 4474 381 4546 apostolos
403 4476 430 4529 et
446 4473 602 4545 primitivae
627 4474 771 4530 Ecclesiae
793 4491 831 4530 cx
853 4476 966 4531 ludaeis
981 4459 1010 4523 D
1025 4472 1368 4547 itur-amagnovit,tievit,
1379 4471 1497 4527 dicens:
1508 4469 1580 4534 Quia
1590 4467 1618 4522 si
1627 4467 1854 4540 eoqnovisseset

135 4580 290 4620 conversae
309 4564 413 4620 tldeles
429 4564 606 4634 exprimunt,
619 4563 679 4636 qui,
694 4563 966 4635 judaioapersecu-

44 4681 51 4697 =
133 4655 213 4709 tione
239 4654 276 4710 do
304 4654 408 4710 iudaea
436 4652 530 4725 pulsi,
561 4653 597 4707 ad
617 4656 722 4725 gentes
742 4653 869 4709 transire
898 4657 968 4708 sunt

135 4744 239 4800 coacti.

170 4835 265 4908 lgitur
291 4835 478 4890 considerato
503 4832 596 4888 David
619 4831 727 4904 populo
747 4848 802 4887 suo
817 4832 969 4887 constituit

135 4939 227 4996 super
237 4939 305 4979 eum
316 4924 462 4994 tribunos,
475 4926 503 4978 et
512 4922 713 4993 centuriones,
726 4925 753 4977 et
764 4922 844 4977 dedit
854 4923 968 4977 tertiam

133 5017 246 5086 partem
255 5013 354 5085 populi
366 5013 423 5069 suh
435 5030 522 5068 manu
534 5014 550 5068 l
553 5012 619 5081 aab,
630 5015 658 5067 et
664 5012 778 5067 tertiam
789 5014 900 5082 partem
911 5012 967 5066 sub

133 5120 223 5159 manu
234 5102 348 5173 Abisai,
359 5106 386 5158 et
395 5103 510 5158 tertiam
519 5105 631 5174 partem
643 5101 700 5157 sub
710 5117 796 5156 manu
810 5100 905 5168 Ethai,
918 5101 967 5173 qui

134 5197 197 5250 erat
207 5193 243 5249 de
251 5192 335 5249 Geth.
349 5193 442 5247 David
457 5196 539 5247 trans
554 5192 713 5247 terdenam
725 5190 864 5261 papulum
880 5206 968 5244 suum

135 5282 346 5354 consideravit,
358 5282 426 5353 quia
436 5281 573 5337 Christus
585 5297 658 5336 suos
667 5280 770 5335 lideles
779 5280 808 5333 tn
818 5279 967 5334 mentibus

133 5372 323 5444 multiplicari
342 5371 425 5425 vidit.
446 5370 595 5424 Tribunos
613 5372 710 5424 autem
730 5373 758 5423 et
777 5369 967 5424 centuriones

135 5479 226 5533 super
250 5477 318 5517 cum
342 5459 508 5525 constituit,
532 5458 600 5530 quia
623 5459 751 5530 primum
775 5459 805 5513 in
829 5458 967 5513 Ecclesia

131 5552 232 5624 posuit
255 5550 415 5622 apostolae,
433 5549 563 5603 seeundo
574 5548 746 5620 prophetea,
766 5548 858 5602 tertio
873 5548 970 5603 docto·

125 5640 309 5708 'res,dcindc
321 5640 458 5709 virtutes,
468 5638 577 5694 caindo
586 5637 704 5711 pretias
714 5637 970 5708 curationummpi·

126 5722 665 5804 talaticneqpuhernationespenera
676 5725 842 5800 linquaram
853 5723 883 5794 (l
896 5725 963 5782 Cor.

1028 4569 1065 4629 tu,
1085 4569 1140 4620 etc.
1157 4563 1239 4625 (Luc.
1252 4564 1325 4632 xix).
1338 4560 1430 4614 David
1439 4574 1527 4614 suum
1538 4558 1629 4612 filiam
1642 4552 1857 4612 sibircserveri

1026 4654 1119 4709 voluit
1128 4668 1135 4722 3
1145 4656 1173 4707 et
1183 4651 1321 4707 Christus
1335 4649 1501 4720 presertim
1511 4647 1645 4713 ludaeos
1657 4645 1695 4699 ad
1710 4660 1792 4717 quos
1801 4643 1856 4716 pri·

1026 4759 1105 4798 mam
1114 4740 1401 4813 specialitermissus
1412 4740 1467 4807 cst,
1482 4736 1519 4791 ad
1530 4734 1715 4808 agnitionem
1723 4733 1856 4790 veritatis

1026 4833 1127 4888 venire
1137 4830 1314 4901 concupivit.

1062 4922 1117 4976 llis
1126 4922 1223 4992 itaque
1231 4918 1394 4973 secundum
1405 4914 1579 4988 allegoriam
1588 4912 1859 4982 discussis,adtre

984 5004 991 5020 '
1026 5010 1175 5083 pelagiam
1186 5009 1351 5071 redeamus,
1372 5008 1402 5062 ut
1413 5006 1566 5076 sientquae
1582 5018 1639 5058 aas
1657 5002 1695 5056 ad
1707 5002 1858 5057 scientiam

1027 5101 1172 5155 instruant
1187 5098 1326 5166 diximus,
1348 5095 1387 5150 ita
1402 5094 1544 5164 deinceps
1565 5108 1632 5164 quae
1649 5091 1815 5145 informent
1827 5087 1858 5142 ad

1024 5188 1169 5261 justitiam
1186 5186 1381 5258 requiramus.
1399 5183 1527 5238 Sciantia
1542 5182 1651 5254 quippe
1663 5179 1787 5234 minime
1797 5194 1858 5250 pro·

1026 5280 1101 5347 dest,
1119 5277 1167 5332 eui
1180 5275 1296 5348 justitia
1312 5256 1542 5329 camesnonest.
1554 5269 1651 5325 bladis
1663 5267 1858 5341 igituromai-

1026 5369 1083 5423 bus
1099 5380 1268 5433 caveamus,
1285 5378 1322 5417 ae
1338 5378 1405 5417 earm
1420 5361 1541 5432 perlidis
1557 5358 1604 5413 vel
1626 5373 1687 5413 non
1701 5358 1782 5412 bene
1798 5370 1858 5411 cre·

1026 5457 1122 5512 deride
1139 5456 1184 5509 vel
1200 5454 1275 5508 nrale
1291 5452 1407 5524 agendo
1429 5464 1597 5522 pereamus,
1615 5447 1671 5502 sed
1688 5463 1758 5501 cum
1780 5445 1857 5510 Subi,

1026 5546 1149 5613 Mechir,
1161 5542 1312 5610 Beruellai,
1324 5541 1418 5610 idest,
1430 5556 1497 5593 cum
1507 5553 1577 5593 vere
1589 5535 1731 5591 ssdelibus
1742 5535 1857 5589 Christe

1027 5623 1857 5692 fideleservitiumexhibeamusoll'eramusillistratoria,

1027 5723 1145 5796 tapetia,
1158 5724 1213 5778 eto.
1225 5720 1283 5777 Per
1292 5717 1439 5789 stratoria,
1452 5732 1519 5790 qum
1527 5714 1657 5788 Spiritus
1672 5711 1858 5772 sanctashoc
