3796 6022
126 274 185 338 ets
528 274 749 339 APPENDlX
769 273 828 336 ab
850 273 1041 338 HUGO-NIS
1063 273 1208 338 OPERA
1230 273 1496 338 noetianos.
1801 272 1857 340 576

128 477 278 543 venatore,
296 474 321 528 si
337 474 455 545 quidem
470 476 549 527 tanta
561 473 706 528 exstiterit
720 474 815 545 plagas
824 473 963 528 violentia
979 454 1007 516 Α
1024 471 1142 527 latentis
1165 475 1341 546 corruptelae
1362 475 1472 529 vulnus
1494 477 1609 547 gerunt.
1635 473 1679 530 Ex
1707 473 1756 531 tris
1783 492 1852 548 qua-

128 565 160 618 ut
174 579 294 618 currere
311 578 369 617 non
387 567 487 634 queat,
510 563 659 618 debilitata
676 580 711 618 ac
725 564 869 619 retardata
887 562 965 633 cupi·
1022 565 1089 617 tuor
1110 562 1253 635 gradibus
1275 563 1425 618 bominum
1451 564 1550 634 optimi
1580 567 1650 618 sunt
1677 565 1805 619 sanativi
1828 571 1854 622 et

129 654 178 707 tur
192 655 221 705 et
236 651 389 706 occiditur.
405 651 435 706 Si
451 667 522 706 vero
539 652 767 707 dolor-vulneris
778 652 874 706 adbuc
885 652 965 706 vires
1021 650 1097 704 sani.
1111 651 1236 705 Pessimi
1248 652 1413 723 aegrotativi
1424 652 1575 724 etaegroti.
1589 652 1675 706 lledii
1692 655 1853 711 sanatiuiet
1890 698 1892 721 ,

128 740 248 795 omnino
274 756 331 794 non
357 740 525 807 abstulerit,
549 757 638 795 eursu
664 741 790 795 elabitur
804 745 832 794 et
846 740 966 811 fugiens
1021 739 1136 811 aegroti,
1151 743 1179 794 et
1195 740 1361 811 aegrotativi
1376 744 1404 795 et
1420 741 1494 794 sani.
1518 740 1657 802 Maitores
1672 746 1743 796 sunt
1760 746 1853 798 tanam
1890 734 1892 833 i

127 844 181 899 per
204 829 320 883 deserta
343 844 444 883 secum
468 830 605 901 sagittam
628 830 747 886 infixam
763 832 867 900 portat.
884 829 967 883 Tunc
1020 828 1146 882 sanativi
1161 832 1190 885 et
1198 829 1300 900 aegroti
1312 845 1398 900 quam
1410 829 1575 900 a·gr·otativi
1584 834 1613 884 et
1621 831 1698 900 sani,
1710 832 1778 902 quia
1790 835 1818 887 et
1827 833 1853 887 in

128 915 232 971 circuit
255 933 379 990 gemens
404 922 433 972 et
456 918 575 987 dolens,
603 935 657 973 nee
678 918 833 973 inveniens
849 934 967 972 manum
1020 916 1078 970 illis
1100 920 1202 971 natura
1227 918 1340 988 integra
1365 919 1520 973 sanitatem
1543 918 1688 973 violenter
1709 920 1853 974 turbatam

129 1021 195 1076 quae
220 1006 403 1061 mortiterum
426 1007 516 1061 telum
547 1007 583 1061 de
613 1023 736 1077 corpore
761 1023 817 1062 suo
845 1007 970 1074 evellat„
1019 1004 1105 1059 facilc
1121 1006 1237 1075 recipit,
1257 1010 1286 1060 et
1300 1006 1330 1058 in
1345 1006 1412 1060 istis
1428 1011 1530 1061 natura
1546 1009 1684 1079 corrupta
1700 1007 1854 1064 mnitatm

127 1094 244 1148 tandmu
271 1095 368 1161 vadit,
400 1097 428 1149 et
450 1095 556 1165 quaerit
580 1096 754 1162 dictamum,
783 1100 811 1150 et
841 1095 967 1149 comedit
1019 1094 1147 1148 tenuiter
1161 1097 1189 1147 et
1204 1094 1293 1149 dirbie
1308 1110 1484 1150 concessam
1501 1094 1587 1150 iaeile
1602 1096 1716 1151 emittit.
1744 1096 1777 1151 ln
1799 1097 1853 1151 illia

128 1183 245 1254 ipsum:
273 1183 361 1254 cujus
387 1199 512 1252 succus,
536 1200 601 1238 eum
623 1185 658 1238 ad
676 1184 813 1239 interiora
829 1188 966 1254 receptus
1019 1182 1132 1236 sanitas
1142 1199 1200 1237 non
1212 1183 1368 1252 exstincta,
1381 1184 1434 1238 sed
1444 1184 1597 1253 violenter,
1609 1187 1785 1255 exasperata
1794 1191 1852 1254 est,

129 1271 228 1340 tuerit,
255 1275 388 1341 penetrat
403 1273 499 1326 omnia
515 1288 568 1327 sua
590 1273 710 1342 virtute,
737 1277 765 1328 et
788 1273 966 1344 perveniens
1020 1270 1048 1325 in
1064 1270 1130 1325 istis
1146 1272 1292 1344 aegritudo
1308 1288 1367 1327 non
1382 1273 1487 1339 ablata,
1501 1273 1554 1328 sed
1565 1273 1672 1328 leviter
1686 1274 1782 1344 sopita
1799 1278 1851 1329 est.

127 1375 224 1430 usque
248 1360 284 1413 ad
309 1360 418 1415 vulnus
440 1364 576 1430 potenter
590 1361 671 1433 ejicit
686 1362 811 1430 terrum,
828 1366 915 1432 atque
930 1361 967 1416 de
1020 1359 1056 1413 Et
1070 1360 1182 1414 idcirco
1193 1362 1271 1415 sicut
1286 1361 1343 1417 boc
1361 1361 1610 1432 facilequamlibet
1624 1361 1681 1416 levi
1697 1362 1853 1418 occasione

127 1447 196 1502 imis
220 1448 307 1502 etiam
333 1448 501 1504 visceribus
524 1465 677 1522 emergere
704 1451 782 1505 tacit.
808 1451 903 1506 Cerva
921 1452 967 1505 ost
1019 1448 1055 1501 ad
1081 1450 1230 1521 antiquam
1256 1451 1475 1520 corruptionem
1497 1450 1665 1519 revertitur,
1690 1451 1731 1504 ita
1755 1454 1785 1505 et
1807 1451 1853 1506 illa

129 1538 211 1589 casta
221 1539 249 1590 et
260 1537 365 1591 munda
377 1537 483 1591 uirirua.
496 1538 616 1611 Sagittae
633 1545 702 1593 sunt
717 1539 864 1594 desideria
880 1539 965 1593 mala.
1021 1536 1098 1591 lucili
1115 1539 1246 1593 remedio
1261 1539 1297 1591 ad
1308 1538 1461 1609 pristinum
1479 1539 1676 1610 integritatem
1690 1543 1850 1610 reparatur.

131 1624 294 1679 venatores
318 1629 388 1680 sunt
409 1626 576 1695 daemonem
605 1630 656 1699 qui
684 1630 800 1699 quoties
825 1628 966 1683 cordibus
1023 1627 1094 1680 llaec
1109 1627 1222 1682 idcirco
1235 1627 1367 1696 distinxi,
1386 1627 1524 1698 quoniam
1538 1643 1579 1683 ex
1596 1631 1675 1682 statu
1697 1643 1852 1698 corporum

128 1713 252 1783 nostris,
263 1715 327 1768 sive
341 1730 396 1784 per
410 1717 517 1786 visum,
535 1718 599 1772 sive
611 1718 812 1788 perauditum,
824 1718 888 1772 sire
899 1733 964 1786 per·
1023 1715 1164 1787 perpendi
1175 1720 1271 1786 potest
1286 1717 1412 1787 qualitas
1428 1717 1577 1770 mentium.
1598 1716 1672 1771 Sunt
1687 1716 1796 1772 etenim
1815 1717 1852 1771 si·

129 1805 263 1873 gustum,
289 1804 354 1858 sive
369 1821 421 1874 por
435 1806 602 1874 odoratum,
630 1808 694 1862 sive
713 1822 767 1877 per
780 1809 903 1874 tactum,
928 1806 964 1861 de
983 1838 1008 1899 B
1024 1804 1174 1858 militaria
1191 1805 1288 1859 animo
1304 1804 1476 1859 ditl'erentioe
1492 1808 1626 1876 quatuor,
1644 1806 1672 1859 id
1688 1808 1735 1860 est
1748 1806 1851 1875 victus,

128 1891 732 1966 exterioribuspcavadesidcriainjiciunt,
746 1895 830 1966 quasi
842 1899 962 1949 venato·
1019 1891 1145 1963 justitia,
1164 1893 1278 1963 vitium,
1295 1898 1458 1963 peecatum.
1481 1893 1562 1958 Quod
1579 1897 1676 1948 autem
1692 1894 1855 1949 sanativum

126 1994 175 2033 res
190 1980 226 2033 de
243 1981 330 2053 longe
346 1984 451 2038 animae
472 1986 597 2055 sagittas
614 1984 781 2038 mortiferas
797 1984 965 2040 immittunt.
1022 1985 1069 2035 est
1082 1981 1112 2034 in
1123 1997 1257 2051 corpore,
1275 1981 1331 2036 hoc
1346 1985 1393 2036 est
1407 1983 1503 2036 virtus
1518 1983 1548 2036 in
1559 1985 1665 2037 mente.
1679 1982 1801 2054 thuod
1813 1985 1854 2036 est

128 2068 232 2122 Anima
256 2086 328 2124 voro
353 2073 381 2125 si
404 2088 458 2141 per
480 2073 704 2128 delectationem
724 2073 807 2144 pravi
827 2069 967 2127 desiderii
1022 2086 1127 2125 sanum
1144 2071 1173 2124 in
1189 2086 1323 2141 corpore,
1340 2072 1396 2126 boc.
1412 2074 1458 2125 est
1471 2070 1585 2141 justitia
1602 2071 1630 2125 in
1646 2075 1755 2126 mente.
1774 2069 1854 2136 Quod

128 2159 275 2228 usquead
292 2175 473 2215 eonsensum
489 2165 589 2232 operis
604 2162 783 2229 debilitatur,
800 2167 869 2216 tune
880 2162 966 2232 quasi
1022 2175 1093 2213 vero
1118 2158 1323 2230 aegrotativum
1347 2160 1376 2214 in
1397 2175 1536 2230 corpore,
1563 2160 1620 2214 boe
1641 2162 1689 2214 est
1706 2159 1809 2215 vitium
1826 2159 1854 2213 in

130 2247 244 2316 eapitur
260 2251 287 2302 ct
302 2249 456 2305 occiditur.
467 2250 498 2305 Si
507 2256 622 2306 nautcm
640 2251 715 2323 fugit
729 2255 756 2306 ct
767 2250 893 2305 declinat
904 2267 967 2320 per
1022 2250 1129 2302 mente.
1156 2247 1191 2301 lit
1210 2248 1287 2318 quod
1309 2252 1355 2302 est
1370 2252 1514 2320 aegrotum
1528 2248 1559 2303 in
1576 2264 1715 2318 corpore,
1742 2248 1798 2302 boe
1812 2250 1855 2302 est

129 2336 322 2405 petrationem
339 2340 421 2408 pravi
432 2341 543 2410 operis,
560 2345 588 2394 ot
602 2340 796 2394 nibilominus
810 2343 906 2403 tarrren
920 2339 967 2393 de·
1022 2341 1174 2406 peccatum
1191 2338 1220 2390 in
1236 2340 1341 2391 niente.
1368 2337 1434 2391 Non
1454 2353 1527 2408 ergo
1543 2337 1639 2391 omnis
1655 2336 1704 2408 qui
1720 2336 1854 2391 virtutem

128 2423 295 2480 lactationis
310 2427 419 2481 illicitae
432 2428 542 2483 terrum
558 2429 680 2482 intixum
690 2427 799 2498 ejicere
811 2442 869 2480 non
879 2427 964 2495 valet,
1020 2425 1149 2496 aliquam
1164 2424 1266 2492 habat,
1293 2425 1346 2479 sed
1362 2427 1411 2496 qui
1430 2425 1575 2496 justitiam
1590 2425 1660 2480 iacit
1676 2425 1779 2496 justus
1794 2429 1852 2490 eat,

130 2513 215 2583 quasi
239 2518 390 2571 auctorem
410 2518 514 2571 mortis
537 2516 648 2587 etlugit.
675 2517 732 2571 Sed
753 2520 850 2570 tumen
870 2515 966 2569 adhue
1021 2528 1116 2583 neque
1138 2514 1252 2581 omnia,
1275 2514 1324 2584 qui
1340 2514 1443 2568 vitium
1467 2514 1585 2586 aliquod
1610 2514 1713 2581 babet,
1738 2514 1792 2568 sed
1807 2513 1854 2584 qui

128 2601 215 2672 plene
239 2605 343 2658 mortis
364 2606 528 2675 periculum
554 2622 612 2660 non
636 2605 740 2659 evasit.
766 2603 824 2658 Sed
845 2605 873 2658 et
887 2605 966 2675 quod
1020 2602 1262 2671 peccatuinlacit,
1276 2602 1854 2673 peccatorest.Namjustietium,quam-

129 2691 226 2747 iacere
250 2693 347 2762 possit
371 2711 407 2749 ue
431 2694 581 2760 moriatur,
607 2694 636 2747 in
661 2692 849 2748 solitudinem
870 2696 916 2747 eat
939 2698 967 2747 ct
1020 2690 1855 2762 visnolentes,aliquendopunctionesvitiorumsentiunt

128 2784 241 2851 quaerat
264 2781 436 2851 dictamum,
462 2783 518 2837 boc
540 2786 587 2837 est
611 2782 741 2836 Verbum
763 2781 826 2836 Ilei.
849 2781 965 2835 Etcum
1020 2779 1240 2834 exintirmitute
1258 2779 1357 2837 carnis
1378 2797 1465 2851 quam
1492 2779 1714 2850 corruptibilem
1743 2781 1856 2850 portant

127 2869 200 2924 illud
211 2870 274 2925 sive
286 2871 503 2941 perlectionem
514 2887 639 2939 sacram,
650 2871 715 2924 sive
726 2886 779 2940 per
786 2870 966 2941 colloquium
1020 2869 1073 2923 sed
1085 2870 1154 2939 quia
1165 2885 1198 2924 se
1209 2871 1254 2924 eis
1264 2886 1318 2940 per
1329 2885 1511 2924 consensum
1521 2885 1580 2925 non
1594 2868 1745 2939 inclinant,
1757 2871 1854 2922 motus

128 2962 298 3014 sauctorum
309 2960 464 3029 invenerit,
477 2963 574 3015 suniat
584 2960 669 3013 avide
680 2963 709 3014 et
718 2960 860 3021 comedat,
878 2961 965 3030 atque
1019 2957 1102 3027 ipse,
1119 2958 1167 3027 qui
1184 2974 1221 3012 ex
1236 2959 1306 3013 vitio
1322 2958 1520 3029 corruptionis
1539 2958 1641 3027 oritur,
1665 2972 1719 3028 pre
1734 2959 1854 3027 peccato

48 3048 51 3053 '
127 3046 207 3102 illius
218 3048 669 3104 dulcedineomnemmortileroe
679 3047 883 3103 delectationis
895 3064 963 3103 cor·
1020 3047 1218 3101 sentientibus
1244 3064 1298 3102 nee
1323 3047 1578 3102 consentientibus
1602 3062 1662 3100 non
1685 3046 1851 3115 imputatur.

127 3139 293 3207 ruptionem
308 3138 449 3208 expellat,
472 3142 501 3192 et
515 3155 549 3192 se
563 3138 598 3191 ad
615 3138 813 3209 integritatem
830 3138 963 3209 pristinae
1021 3134 1073 3189 Εεῖ
1089 3151 1161 3207 ergo
1177 3136 1235 3190 illio
1249 3137 1367 3206 vitium,
1393 3140 1422 3190 et
1442 3140 1539 3190 tamen
1554 3139 1705 3205 peceatum
1723 3150 1783 3189 non
1797 3133 1864 3189 est.'

128 3227 276 3294 sanitatis,
293 3229 372 3281 omni
395 3227 527 3297 periculo
551 3225 694 3298 effugato,
716 3227 865 3292 restituat,
895 3227 963 3297 quia
1021 3223 1094 3278 Sunt
1109 3226 1214 3278 iterum
1232 3227 1312 3279 multi
1335 3242 1460 3297 quorum
1482 3227 1664 3278 naturanon
1688 3223 1763 3278 adeo
1784 3239 1852 3293 pas·

127 3315 200 3369 nihil
216 3315 303 3369 citius
319 3315 424 3369 malam
441 3316 620 3386 quambene
641 3315 796 3371 delectatio
815 3314 962 3382 excludit3
1020 3313 1156 3367 sionibus
1180 3316 1317 3368 vitiorum
1338 3313 1440 3368 aiiocta
1457 3317 1511 3376 est,
1529 3313 1579 3384 qui
1594 3315 1691 3366 tamen
1706 3327 1789 3382 saepe
1802 3325 1854 3380 per

126 3406 238 3457 etcum
252 3419 337 3458 mens
354 3403 433 3457 illam
449 3407 571 3474 gustare
594 3405 730 3473 coeperit,
756 3403 854 3458 statim
877 3403 963 3457 istam
1019 3401 1267 3473 negligentiarum
1279 3400 1764 3473 peccataineidant.Quosquidem
1776 3403 1852 3454 tacito

127 3494 232 3559 sponte
246 3490 433 3562 derelinquit.
1018 3489 1113 3562 major
1136 3496 1292 3560 peccantes
1317 3496 1417 3545 reatus
1442 3492 1553 3562 obligat
1572 3493 1681 3561 quanto
1698 3489 1796 3543 minor
1817 3487 1852 3541 ad

1016 3580 1198 3648 peccandum
1212 3596 1266 3634 eos
1278 3580 1444 3634 necessitas
1454 3579 1631 3649 impellebat.
1642 3578 1685 3632 llli
1697 3593 1771 3649 ergo
1782 3593 1851 3648 qua·

1017 3667 1853 3740 rumvitiorurnallectibusmagiscorruptaostnatura,la·

1018 3757 1228 3825 ciliuscudunt,
1239 3757 1419 3811 laboriosius
1426 3759 1600 3827 resurgunt;
1611 3760 1754 3822 ettamen,
1763 3755 1787 3809 si
1798 3770 1852 3810 sea

121 3882 123 3887 -
162 3866 269 3921 Medi&
284 3867 334 3938 quq
350 3865 471 3919 morbos
487 3881 644 3934 corporum
661 3880 765 3919 cupas„
781 3864 877 3919 solem
892 3882 961 3935 qna,
1016 3849 1137 3915 peccato
1149 3846 1351 3914 custodierint,
1363 3846 1429 3915 plus
1442 3849 1604 3914 merentum
1617 3846 1644 3900 si
1655 3843 1851 3914 peccaverint,

127 3959 193 4010 tuor
207 3952 762 4025 quamamhumgnoevgaegeqniunt3
780 3953 961 4023 ganfflvum,
1016 3935 1103 3989 eitius
1125 3936 1241 3989 venium
1264 3938 1497 4005 consequuntur.
1524 3933 1578 3999 Qui
1601 3937 1699 3987 autem
1719 3932 1851 3987 fortioris

126 4058 247 4111 sanum,
273 4043 493 4114 aegrotativum,
515 4046 670 4115 aegrotum.
698 4041 741 4095 lix
766 4042 813 4097 liis
837 4047 964 4113 quatuo,-
1017 4028 1086 4079 sunt
1096 4023 1328 4079 naturaetardius
1341 4024 1458 4093 cadunt,
1471 4024 1618 4093 citiusque
1630 4024 1810 4093 resurgunt,
1825 4023 1852 4074 st

126 4131 244 4202 speeies
265 4131 493 4186 constituuntur.
510 4132 640 4187 Sanativi
657 4133 775 4202 eterni,
797 4132 962 4204 aegrotativi
1017 4112 1139 4179 idffl'fflr
1152 4114 1179 4167 Si
1193 4113 1223 4167 5¹¹
1239 4112 1345 4166 lilium
1360 4112 1552 4182 lfflffifflffl‘iflir
1570 4111 1668 4164 minus
1683 4113 1850 4176 ¹¹¹⁰f⁸¹¹¹⁸¹li

126 4224 156 4275 et
177 4220 298 4292 aegroti,
321 4221 445 4274 sanativi
464 4224 493 4276 et
517 4223 636 4294 aegroti,
661 4221 826 4293 aegrotativi
842 4225 869 4275 ει
885 4221 960 4275 sani,
1017 4202 1043 4254 si
1060 4201 1089 4255 in
1104 4206 1257 4271 peceatum
1273 4200 1443 4265 ceciderint,
1461 4200 1587 4270 amptius
1602 4199 1645 4254 rei
1660 4198 1816 4253 habentur.

126 4309 332 4364 Sanativisunt
341 4325 465 4381 quorum
473 4311 663 4366 natur-anullo
672 4311 853 4365 intrinsecus
861 4309 961 4364 latenti
1044 4308 1105 4361 Trr.
1122 4307 1283 4360 CLXXIX,
1302 4306 1345 4360 lle
1360 4322 1394 4359 co
1410 4307 1485 4377 qrrcal
1500 4307 1641 4386 scriptum
1657 4310 1724 4386 est:
1743 4327 1754 4352 ι
1773 4304 1826 4360 Se·

125 4398 196 4453 vitio
212 4403 348 4470 corrupta
364 4402 420 4453 est.
437 4399 506 4454 Sani
522 4404 591 4455 sunt
612 4416 688 4470 quos
711 4399 790 4454 nulla
812 4398 959 4452 manifesti
1151 4385 1279 4449 ‘immisti
1292 4381 1407 4449 Adfluit
1425 4394 1591 4449 7²¹⁰⁰1¹¹²i110
1606 4380 1687 4430 imi·
1711 4398 1722 4423 ⁸

125 4487 237 4546 doloris
252 4489 386 4543 molestia
398 4492 495 4543 vexat.
512 4478 691 4560 AEgrotativi
704 4490 774 4542 sunt
788 4487 838 4558 qui
854 4471 1002 4541 iniria-D
1053 4484 1223 4556 Seqrurntur
1243 4484 1359 4555 rigaretur
1383 4499 1549 4555 quocrrnquc
1564 4483 1636 4537 ierit
1659 4481 1762 4553 (Apoe.
1780 4479 1849 4549 xiv).

125 4592 215 4633 secus
230 4576 368 4632 latentem
384 4577 491 4632 liabent
504 4577 733 4647 corruptionem.
756 4576 875 4647 AEgroti
891 4579 961 4629 sunt
1017 4575 1122 4645 dgnus
1133 4588 1186 4643 per
1194 4572 1385 4626 humilitatem
1396 4576 1424 4626 et
1435 4571 1632 4643 virginitatem
1643 4570 1723 4624 venit
1733 4570 1770 4624 ad
1781 4583 1850 4627 nos:

125 4682 202 4738 quos
225 4666 402 4720 manifestus
427 4666 512 4720 dolor
529 4665 690 4720 excruciat.
707 4664 835 4718 Sanativi
853 4668 881 4718 et
897 4665 961 4718 sani
1018 4678 1072 4732 pur
1087 4661 1279 4715 bumilitatem
1295 4664 1323 4714 et
1341 4659 1539 4731 virginitatem
1556 4659 1713 4730 praecessit
1727 4674 1794 4712 nos.
1812 4657 1850 4711 lle

124 4758 195 4810 sunt
217 4771 343 4825 quorum
362 4758 465 4809 natura
485 4754 666 4809 intrinsecus
682 4769 698 4808 a
714 4753 901 4823 corruptione
917 4755 963 4807 est
1018 4750 1120 4804 humili
1135 4751 1213 4804 enim
1229 4753 1258 4804 et
1275 4749 1395 4820 Virgine
1410 4754 1495 4803 natus
1511 4753 1557 4802 est
1570 4749 1656 4820 virgo
1672 4747 1736 4818 ipss
1753 4751 1782 4801 et
1796 4746 1850 4800 bu·

126 4843 236 4910 solida,
262 4846 291 4896 et
315 4844 503 4898 extrinsecus
522 4859 538 4897 a
554 4842 665 4897 doloris
679 4843 837 4896 vexatione
853 4841 960 4911 quieta.
1016 4838 1105 4893 milis.
1127 4838 1284 4892 llurnilitas
1302 4837 1434 4908 Virginis
1454 4840 1483 4890 et
1498 4836 1653 4908 virginitas
1669 4835 1790 4891 humilis
1805 4833 1849 4887 via

127 3632 188 3687 Tic.
206 3631 392 3688 ccxxviii.
411 3634 455 3688 Dc
467 3634 653 3706 quadruplici
668 3651 805 3689 serrorum
822 3641 851 3689 et
865 3651 963 3706 aegro-

400 3728 493 3777 torum
509 3721 692 3777 differentia.

125 4930 306 5001 AEgrotativi
320 4933 348 4984 et
359 4933 461 5002 aegroti
474 4936 543 4984 siant
553 4931 602 5002 qui
612 4935 640 4986 et
650 4931 832 4986 intrinsecus
843 4929 962 4984 latentis
1014 4931 1061 4982 est
1071 4942 1128 4997 qua
1144 4927 1233 4981 venit.
1251 4926 1314 4980 Nos
1330 4940 1403 4999 ergo
1418 4927 1519 4980 venire
1539 4942 1597 4980 non
1617 4940 1780 4995 possumus
1794 4938 1849 4995 qua

124 5019 186 5073 vitii
204 5018 421 5089 corruptionem
437 5023 465 5074 et
480 5020 555 5074 loris
570 5019 737 5074 molestiam
747 5018 860 5074 doloris
871 5018 961 5073 susti·
1014 5016 1109 5080 venit,
1139 5014 1225 5085 sequi
1249 5016 1346 5068 tamen
1374 5028 1536 5085 possumus
1560 5029 1619 5084 quo
1641 5012 1707 5080 ivit,
1731 5012 1801 5084 quia
1825 5010 1850 5064 si

124 5111 207 5175 nent,
234 5107 298 5161 sive
322 5107 387 5178 ipse
407 5107 492 5163 dolor
514 5109 551 5162 nli
571 5107 702 5162 interiori
719 5107 907 5178 correptione
922 5107 962 5162 sit
1016 5104 1126 5158 babere
1142 5119 1201 5157 non
1215 5118 1377 5174 possumus
1398 5106 1536 5175 parentes
1552 5102 1700 5174 virgines,
1717 5100 1851 5174 virgines

125 5200 220 5266 ortus,
228 5196 335 5250 siveab
346 5196 640 5268 exterior-isulieujus
649 5196 793 5251 molestior
802 5196 960 5251 occasione
1016 5208 1190 5263 permanere
1200 5191 1465 5261 nonprobibemur.
1475 5191 1529 5256 Qui
1540 5191 1626 5262 virgo
1637 5194 1681 5245 est
1692 5193 1721 5245 st
1731 5189 1850 5245 humilis

124 5286 234 5343 illatus.
250 5283 380 5339 Sanativi
396 5288 425 5339 et
439 5284 543 5357 aegroti
554 5288 623 5339 sunt
634 5301 759 5356 quorum
771 5289 873 5341 natura
888 5285 961 5340 inte·
1015 5298 1073 5336 non
1090 5283 1145 5346 est,
1162 5282 1227 5335 sive
1243 5280 1293 5351 qui
1309 5280 1429 5334 humilis
1445 5285 1491 5334 est
1505 5283 1534 5335 et
1548 5280 1634 5351 virgo
1646 5296 1704 5334 non
1719 5284 1780 5341 est,
1802 5293 1850 5331 ss·

126 5376 189 5431 rius
205 5372 422 5444 corruptionem
432 5373 599 5439 nonhabet,
616 5374 670 5427 sed
685 5373 817 5429 exterius
832 5373 961 5445 alieuJus
1018 5370 1118 5442 quitur
1132 5371 1260 5441 lignum,
1279 5369 1332 5423 sed
1347 5383 1406 5423 nou
1420 5384 1598 5440 quoeunque
1612 5367 1688 5422 ierit.
1705 5367 1850 5422 Solusillc

125 5463 260 5520 lesionis
275 5463 407 5518 dolorem
423 5461 560 5517 sustinet.
573 5462 753 5535 AEgiotativi
769 5467 797 5518 et
812 5463 877 5517 sani
893 5466 962 5518 sunt
1019 5465 1136 5531 agauni
1151 5459 1284 5530 sequitur
1299 5473 1475 5528 quocunque
1490 5458 1565 5525 ierit,
1582 5457 1632 5528 qui
1649 5472 1716 5510 cum
1731 5456 1851 5513 humili·

125 5553 310 5625 quiquidem
324 5552 512 5608 manifestum
528 5551 659 5607 dolorem
678 5568 736 5609 non
752 5551 897 5620 sentiunt,
914 5552 962 5606 in·
1012 5552 1070 5605 tate
1086 5547 1301 5618 virginitatem,
1325 5549 1353 5600 ct
1378 5563 1443 5601 eum
1467 5545 1634 5618 virginitate
1658 5544 1850 5599 humilitatem

125 5643 219 5725 terius
234 5644 330 5697 tamen
347 5644 426 5696 tante
445 5641 659 5722 periculosius,
685 5643 793 5719 quanto
816 5640 960 5697 occultius
1015 5635 1156 5696 custodit.
1187 5635 1263 5704 Suae
1285 5650 1321 5689 ex
1346 5634 1463 5691 duobus
1487 5633 1667 5710 imperfectis
1683 5633 1792 5691 melius
1808 5635 1850 5687 cst
