3796 6022
114 255 173 321 911

328 455 422 511 Natat
436 459 542 522 matus,
559 453 624 509 fluit
643 454 748 522 velum·

381 525 488 581 Nautio
498 533 597 581 cessat
608 542 706 598 opera.

386 615 578 669 Contabcscit
594 615 624 669 in
640 615 688 671 lris
702 615 790 671 malis

330 685 423 740 Homo
437 693 542 741 noster
556 687 710 742 animalis:

335 757 376 811 Tu
391 773 444 812 nos
454 763 580 811 matera
601 758 724 829 iritalis,

383 828 556 883 I’creantes
579 829 675 884 ibera.

382 918 464 988 deso,
483 918 564 973 sacri
582 919 699 973 ventris
713 918 829 974 fructus

329 989 428 1044 Nobis
438 991 521 1044 inter
535 989 637 1044 raaudi
650 990 766 1060 finctae,

329 1060 382 1114 Sic
396 1061 452 1131 ria,
471 1061 540 1129 clar,
553 1066 583 1115 et
598 1061 760 1116 corrdnctas
776 1078 782 1117 :

384 1132 479 1186 Liber
494 1133 532 1186 ad
548 1131 697 1187 Galestia.

388 1220 467 1275 Tene
478 1220 601 1288 clarum,
618 1237 692 1292 repe
707 1236 827 1292 narem3

333 1291 382 1356 Ta,
399 1291 558 1362 procellam
573 1292 684 1347 sedans
697 1309 830 1364 gravem,

332 1362 457 1418 Portum
472 1362 559 1418 nobis
575 1363 625 1418 dot
640 1380 761 1419 suavem

383 1433 445 1489 Pro
459 1438 505 1488 tua
517 1435 661 1506 potentia.

384 1522 436 1576 Er
451 1529 480 1577 te
491 1529 578 1577 uatus
593 1523 680 1578 nobis
695 1524 790 1596 datas,

333 1593 388 1660 Qui
403 1594 483 1648 llcns
498 1601 606 1665 regnat
619 1595 734 1662 beatas,

384 1665 449 1720 Per
462 1666 606 1720 immensa
620 1666 738 1722 saecula.
754 1663 860 1722 Ainea.

443 1771 571 1828 selino
591 1773 626 1828 V.

373 1878 407 1933 In
423 1879 553 1935 adventu
567 1880 696 1936 Domini.

152 1966 276 2023 Paratus
292 1970 368 2037 esto,
389 1968 492 2038 israel,
508 1969 539 2023 in
554 1984 713 2025 occursum
730 1970 856 2041 Domini,
874 1985 950 2041 quo-

118 2060 197 2114 niam
210 2059 301 2112 venit.
319 2057 401 2112 Siout
422 2073 509 2112 sacer
522 2062 568 2113 est
583 2060 689 2131 omnis,
709 2058 816 2114 fratres
834 2059 951 2114 cbaris-

118 2147 951 2218 simi,locu3,inquautumestlocus:sicsacrumestomue

116 2239 242 2306 tempuS,
255 2237 427 2307 inquantum
443 2239 489 2290 est
504 2240 631 2308 tempus,
644 2237 776 2293 Dicimus
787 2240 884 2293 tamen
895 2237 950 2292 ali-

117 2326 234 2399 quando
249 2329 388 2396 respectu
404 2326 889 2382 alteriusloci1Bonusautmalus
906 2331 952 2382 est

116 2414 173 2470 iste
182 2415 278 2484 locus3
291 2418 318 2468 et
329 2419 466 2486 respectu
477 2415 599 2470 alterius
611 2417 767 2487 temporis:
778 2417 952 2472 bonumaut

117 2505 226 2559 malum
242 2508 287 2559 est
302 2504 374 2559 iliud
389 2508 521 2574 tempus3
539 2504 674 2576 quamvis
686 2506 913 2575 proptor-locum
923 2508 952 2558 et

116 2596 233 2665 tempus
245 2610 304 2648 non
316 2593 441 2648 dicimus
454 2593 516 2648 baec
526 2594 572 2648 vol
584 2594 642 2663 illa,
657 2594 709 2648 sed
718 2594 911 2665 propterloco
923 2596 952 2648 et

116 2685 242 2754 tempori
257 2683 429 2737 accidentia.
449 2681 530 2737 Sicut
545 2683 637 2754 igitur
650 2683 727 2737 alius
742 2683 827 2738 locus
844 2683 952 2737 dieitur

116 2773 216 2826 minus
233 2787 319 2827 sacer
334 2774 453 2842 propter
467 2774 662 2841 perpetratam
678 2771 804 2843 culpam,
828 2775 855 2826 et
875 2771 952 2825 alius

117 2861 214 2932 magis
231 2877 317 2915 sacer
331 2863 452 2930 propter
468 2863 637 2931 operantem
654 2860 726 2915 inibi
747 2862 890 2932 gratiam:
909 2860 953 2914 sic

118 2950 237 3021 aliquod
247 2950 471 3020 tompusminus
479 2949 839 3020 sacrumdiciturpropter
847 2949 953 3004 factam

521 253 739 318 APPENDIX
759 250 817 317 ΑΙ)
840 251 1031 318 HUGONIS
1054 251 1199 317 OPERA
1220 251 1419 351 MYsrlca.

1784 249 1846 316 912

966 433 1086 527 Aquos
1102 453 1202 509 divina
1217 453 1348 527 cognitio
1363 452 1450 509 nobis
1475 451 1606 522 irradiat,
1629 454 1658 507 et
1679 451 1843 523 penetralia

1009 547 1120 599 nostrae
1135 543 1242 599 mentis
1257 542 1393 597 illustrat.
1410 541 1472 596 Has
1484 541 1630 597 fenestras
1641 540 1843 614 perdilligen-

1008 636 1067 687 tem
1088 632 1386 702 circumspectionem
1404 631 1582 702 aperiamus,
1606 632 1637 684 ut
1658 628 1729 701 quid
1746 629 1787 685 ibi
1804 630 1843 686 sit

1007 724 1129 794 bonum,
1139 724 1208 794 quid
1220 723 1329 777 malum
1337 721 1542 777 discernamus
1553 735 1560 775 :
1571 719 1681 775 bonum
1693 720 1840 780 custodia·

1008 829 1086 883 mus,
1096 809 1841 884 malumajieiamas.n1·anearumtela,quaetenues

1009 904 1088 971 suut,
1100 902 1129 956 et
1137 901 1166 956 in
1177 902 1264 956 altum
1274 899 1413 971 pendent,
1421 898 1672 954 mentishumance
1681 896 1842 970 designant

1009 990 1174 1045 elationem.
1192 989 1277 1044 Alius
1292 989 1425 1044 elevatur
1443 990 1564 1059 propter
1578 986 1763 1042 nobilitatem
1786 1001 1839 1059 ge-

1008 1079 1100 1150 neris,
1111 1078 1313 1149 aliuspropter
1324 1078 1426 1133 florem
1434 1074 1673 1149 pulchritudinis,
1683 1074 1762 1131 alius
1774 1091 1841 1147 pro·

1007 1171 1073 1241 pter
1082 1167 1174 1223 robur
1184 1167 1375 1238 fortitudinis,
1388 1166 1463 1222 alius
1475 1168 1595 1236 propter
1606 1164 1758 1219 cumulum
1768 1179 1840 1236 pos-

1009 1257 1168 1327 sessionis,
1193 1256 1269 1311 alius
1293 1259 1414 1327 propter
1435 1255 1545 1310 fastum
1572 1253 1739 1324 potestatis,
1764 1253 1839 1309 alius

1007 1349 1129 1418 propter
1138 1345 1282 1418 majorem
1293 1344 1351 1400 sibi
1360 1345 1494 1400 collatam
1502 1343 1731 1418 praerogativam
1738 1342 1839 1415 gratie

1010 1435 1153 1491 coelestis.
1165 1435 1224 1490 Sed
1235 1435 1373 1505 quisquis
1384 1434 1527 1505 superbit,
1539 1433 1625 1505 quasi
1633 1431 1708 1488 telas
1717 1445 1839 1487 aranea-

1007 1542 1072 1580 rum
1087 1525 1191 1578 inanes
1208 1524 1237 1578 in
1248 1523 1338 1578 altum
1348 1524 1430 1578 texit.
1443 1523 1642 1592 Deponamus,
1654 1521 1775 1592 fratres,
1785 1519 1838 1575 has

1005 1614 1081 1669 telas
1095 1629 1149 1684 per
1170 1613 1305 1667 elationis
1327 1612 1562 1683 depressionem,
1579 1610 1657 1666 sicut
1677 1611 1838 1682 Apostolus

1006 1702 1149 1774 praecipit,
1160 1701 1263 1757 dicens
1276 1700 1362 1757 :Noli
1373 1700 1462 1755 altam
1471 1715 1586 1772 sapere,
1600 1699 1656 1754 sed
1667 1698 1837 1769 timefflom.

1009 1791 1042 1861 n)
1053 1791 1228 1846 blundemus
1241 1805 1359 1862 quoque
1368 1805 1467 1844 aream
1478 1789 1577 1844 cordis
1591 1788 1696 1859 nostri,
1715 1787 1839 1860 ejicien-

1009 1884 1055 1936 tes
1063 1880 1177 1952 poleam
1192 1882 1220 1935 et
1231 1879 1332 1934 lutum.
1351 1879 1457 1933 Lutum
1482 1877 1624 1957 inquinat,
1640 1877 1726 1948 palea
1740 1879 1838 1932 trans-

1006 1970 1096 2025 volat.
1123 1969 1191 2024 ldco
1214 1968 1307 2023 lutum
1329 1968 1478 2040 significat
1500 1966 1730 2038 immunditiam,
1755 1965 1838 2037 palca

1006 2075 1113 2113 vanam
1128 2057 1262 2131 gloriam.
1282 2057 1444 2129 Fufieiamus
1462 2057 1519 2112 hoo
1535 2059 1564 2112 et
1576 2056 1656 2111 illam
1671 2071 1726 2127 par
1741 2055 1838 2111 cordis

1008 2147 1274 2219 compunctionem,
1291 2150 1320 2201 et
1334 2147 1394 2202 oris
1412 2145 1642 2202 confessionem.

1044 2237 1176 2308 Denique
1185 2235 1270 2308 quasi
1281 2235 1409 2307 quodam
1418 2233 1510 2307 junco
1519 2237 1655 2307 tegamus
1664 2248 1765 2290 aream
1776 2248 1839 2290 cor-

1008 2324 1055 2379 dis
1066 2341 1118 2396 per
1126 2325 1359 2380 satisfactionem
1370 2323 1560 2394 poenitentiae,
1574 2339 1610 2379 ne
1621 2324 1692 2396 quid
1702 2327 1839 2379 transac-

1007 2417 1044 2468 tae
1055 2417 1181 2469 terrenae
1197 2416 1226 2469 et
1240 2412 1350 2467 carnali
1365 2414 1435 2467 vitae
1453 2412 1482 2466 in
1493 2413 1580 2467 nobis
1598 2416 1747 2484 appareat,
1765 2413 1842 2468 sicut

1008 2504 1101 2557 liavid
1111 2503 1190 2558 dicite
1205 2503 1293 2558 Beati
1302 2502 1566 2574 qnorumremissao
1576 2501 1840 2575 santiuiquitatcs,

1009 2596 1037 2646 et
1050 2608 1169 2664 quorum
1188 2596 1265 2646 tecta
1282 2596 1350 2645 sant
1362 2596 1484 2663 peccata
1502 2590 1596 2660 (Psal.
1613 2592 1707 2662 xxxi).
1720 2590 1839 2646 Herbas

1008 2697 1125 2753 quoque
1141 2681 1317 2749 oilorifcras‚
1336 2684 1364 2735 et
1379 2680 1469 2735 flores
1484 2679 1654 2735 redolentes
1676 2679 1842 2735 habeamus

1008 2786 1062 2841 por
1076 2771 1183 2824 bonam
1200 2769 1380 2840 opinionem,
1392 2771 1496 2824 uicum
1506 2769 1648 2839 apostolo
1659 2769 1760 2824 dicere
1770 2784 1844 2840 pos-

1010 2860 1119 2915 simus:
1134 2858 1252 2914 Christi
1268 2859 1363 2913 bonns
1374 2858 1446 2914 odor
1456 2857 1625 2913 snmusllco
1644 2858 1677 2913 in
1692 2858 1772 2913 omni
1781 2857 1845 2914 loco

1011 2949 1047 3019 (Il
1061 2948 1128 3004 Cor.
1151 2951 1193 3017 u).
1216 2948 1314 3002 Varias
1336 2949 1457 3003 cortinae
1473 2950 1543 3003 sunt
1561 2948 1686 3003 virtutes
1702 2947 1842 3003 diversae.

117 3039 147 3093 in
164 3040 228 3110 ipso
245 3040 373 3110 aliquam
389 3039 583 3110 iniquitatem,
602 3041 630 3093 et
649 3039 768 3110 aliquod
783 3039 880 3112 magis
901 3056 951 3094 sa·
971 3057 996 3120 0
1013 3038 1074 3093 llas
1089 3036 1249 3092 extendere
1271 3037 1414 3092 debemus
1430 3053 1483 3108 par
1497 3038 1638 3091 virtutum
1657 3036 1844 3092 exercitatio·

119 3145 201 3182 crum
217 3129 385 3183 nominatur
400 3131 520 3198 propter
533 3128 661 3198 aliquam
678 3127 788 3198 inipso
806 3143 950 3183 exercen-

119 3217 186 3270 dum
195 3216 380 3288 religionem.
392 3216 484 3271 Omne
495 3222 592 3270 tumen
601 3232 719 3270 sacrum
730 3219 776 3270 est
785 3219 900 3287 tempus
912 3216 953 3271 in·

119 3306 259 3376 quantum
276 3308 321 3359 cst
336 3307 463 3375 tempus,
481 3308 509 3360 ct
531 3305 627 3359 omnis
642 3304 727 3359 locus
743 3321 829 3360 sacer
844 3308 890 3360 est
904 3307 951 3360 in-

119 3394 260 3464 quantum
272 3397 318 3446 est
327 3392 423 3447 locus,
436 3393 603 3464 Estiiaque,
613 3392 731 3464 fratrae,
740 3395 826 3450 modo
835 3398 952 3466 tempus

120 3479 265 3532 adventus
281 3479 438 3549 Dominici,
455 3482 485 3534 in
500 3497 559 3553 quo
584 3482 727 3538 debemus
752 3500 805 3555 per
823 3485 954 3555 aliquam

123 3566 308 3637 spiritualem
323 3567 500 3639 religionem
516 3572 687 3642 praeparari.
699 3573 829 3644 Tempus
853 3576 908 3643 est,
925 3573 955 3628 in

120 3671 179 3729 quo
188 3656 269 3710 venit
280 3655 359 3711 Deus
372 3657 459 3712 homo
470 3659 507 3712 ad
519 3658 667 3714 hominem
678 3676 732 3730 pro
744 3661 863 3716 bomine
877 3662 955 3717 redi·

119 3745 237 3815 mendo,
250 3730 624 3818 liberando,justi'f1cando,
638 3749 833 3806 beatificando
846 3767 852 3806 :
866 3751 954 3806 Redi-

122 3835 227 3890 mcndo
244 3835 279 3890 de
295 3835 390 3906 culpa,
415 3836 568 3892 liberando
592 3838 627 3893 de
643 3855 738 3910 paena,
761 3839 954 3911 justificando

122 3940 175 3995 per
185 3925 320 3996 gratiam,
330 3925 524 3981 beatificando
534 3942 587 3996 per
597 3926 733 3998 gloriam.
747 3929 779 3983 In
790 3929 847 3984 boe
858 3930 955 4000 itaque

123 4015 183 4065 tam
198 4028 284 4066 sacro
300 4016 432 4082 tompore
448 4014 596 4069 debemus
620 4017 650 4070 in
674 4017 753 4073 bono
777 4017 955 4089 propensius

123 4086 268 4169 ouereeri,
281 4103 369 4170 utpor
378 4101 576 4172 ejusgratiam
585 4107 956 4161 mereamurabuudantius

122 4188 248 4243 visitari.
264 4187 349 4244 Certe
369 4189 395 4242 si
410 4205 464 4244 rex
479 4190 652 4262 dignaretur
667 4194 703 4246 ud
719 4209 775 4247 nos
795 4194 907 4264 venire,
930 4199 958 4251 et

124 4277 281 4332 nobiscum
297 4277 394 4332 facore
410 4281 605 4350 mansionem,
623 4280 781 4353 diligenter
796 4285 824 4338 et
838 4299 913 4354 nos,
930 4287 958 4338 et

124 4369 227 4421 nostra
241 4366 271 4421 in
289 4365 356 4437 ejus
371 4366 592 4437 susceptionem
607 4385 853 4439 praepararemus.

160 4455 338 4510 Studeamus
349 4470 431 4527 crgo,
444 4455 564 4525 iratrcS,
577 4457 731 4528 quiadbuc
740 4459 814 4514 foris
833 4460 958 4516 forsitan

126 4545 287 4600 servilibus
297 4543 643 4615 operibusdescrvimus,
657 4548 829 4603 studeamus
839 4549 959 4605 domum

127 4634 227 4689 cordis
239 4634 458 4702 nostriinfrare,
471 4632 618 4688 fenestras
628 4634 828 4707 ejusaperira,
839 4638 908 4709 quid
918 4638 957 4693 ibi

127 4722 238 4790 deceat,
251 4723 359 4793 etquid
377 4737 435 4776 non
453 4722 556 4777 deccat
571 4723 729 4795 inspicare,
745 4725 820 4780 telas
836 4742 959 4782 aranca-

127 4825 193 4863 rum
208 4809 365 4880 deponere,
392 4811 493 4881 seopis
518 4828 617 4867 aream
641 4814 793 4886 mundare,
818 4815 961 4872 lutumst

126 4898 241 4968 paleam
257 4897 377 4968 ejicere,
398 4899 491 4969 junco
506 4903 636 4972 recenti,
661 4903 763 4958 herbis
789 4904 958 4977 odoriferis,

128 4986 253 5039 floribus
265 4987 466 5043 redolentibus
476 4992 642 5046 niumlatam
659 4995 770 5064 tegere,
780 4995 901 5050 cortinis
911 5011 961 5050 va·

127 5075 181 5129 riis
196 5075 324 5144 parietes
342 5092 457 5147 ornare,
474 5078 592 5134 festivis
607 5082 743 5137 uestibus
755 5099 810 5138 nos
826 5084 959 5155 inducre,

129 5164 261 5218 solemne
277 5166 445 5221 convivium
461 5168 641 5239 instaurare,
659 5173 686 5225 et
699 5170 840 5242 jucundis
856 5173 961 5228 deindo

130 5254 265 5309 cantibus
283 5254 311 5308 in
327 5270 486 5311 occursum
502 5256 568 5328 ejus
584 5259 743 5315 exsultare.
761 5260 791 5316 Si
807 5263 889 5316 extra
905 5278 961 5317 uos

128 5342 239 5397 fuimus
256 5344 417 5399 servililuas
431 5346 583 5415 operibus
596 5347 682 5401 idest
697 5351 828 5418 pcccatis
844 5351 959 5422 intenti,

129 5437 314 5487 revertamur
337 5434 373 5487 ad
389 5449 441 5488 cor
455 5437 600 5504 nostrum,
618 5436 695 5491 sieut
709 5439 852 5508 propheta
877 5440 962 5495 docet

129 5521 232 5576 dicens
244 5538 250 5576 :
261 5523 379 5592 licilile,
393 5523 645 5594 praevaricatores
660 5524 698 5579 ad
713 5527 852 5597 cortlsa„
869 5535 959 5602 ixia).

129 5606 280 5671 Fenestrac
292 5610 383 5691 hujus
397 5612 503 5671 domus
515 5612 583 5671 sunt
594 5627 704 5673 sensus
715 5614 895 5698 spirituales,
907 5635 961 5696 per

1012 3144 1090 3183 nem.
1111 3127 1230 3182 Cortina
1253 3126 1310 3180 alia
1327 3126 1448 3196 viridis,
1474 3125 1529 3180 alia
1552 3125 1762 3198 hyacinthina,
1788 3125 1845 3180 alia

1012 3232 1127 3286 crocea,
1144 3216 1200 3270 alia
1210 3216 1306 3288 nigra,
1325 3215 1382 3270 alia
1397 3214 1498 3288 rubra,
1510 3215 1567 3271 alia
1585 3213 1720 3271 candida.
1733 3214 1845 3270 Viridis

1012 3305 1265 3378 signifieatfidem,
1276 3305 1344 3377 quia
1353 3307 1431 3361 sicut
1442 3306 1472 3360 ia
1482 3306 1573 3361 rebus
1584 3304 1620 3359 de
1628 3308 1708 3360 terra
1720 3319 1846 3359 nascen-

1011 3396 1091 3450 tibus
1102 3393 1700 3465 virorprimumsensuioccurrit,itassdes
1710 3393 1844 3449 omnium

1013 3485 1154 3539 uirtutum
1178 3484 1270 3554 primu
1287 3484 1433 3538 consistit.
1451 3483 1548 3539 Prima
1570 3484 1636 3539 dico
1661 3482 1766 3538 ordina
1786 3498 1846 3539 non

1014 3574 1166 3645 dignitate.
1183 3572 1292 3627 Omnes
1308 3571 1386 3627 enim
1401 3572 1526 3627 virtutes
1550 3571 1680 3627 charitas
1703 3571 1847 3644 dignitate

1013 3662 1164 3732 praecedit,
1185 3662 1249 3717 sine
1269 3678 1326 3732 qua
1343 3665 1458 3717 catara
1474 3661 1547 3716 nibil
1562 3663 1696 3732 prosunt.
1715 3661 1845 3731 Hyacin-

1014 3751 1095 3805 tbina
1110 3765 1194 3820 spem
1208 3749 1374 3805 caelestium
1396 3749 1543 3822 designat,
1561 3766 1595 3805 eo
1612 3749 1692 3821 quod
1712 3749 1845 3804 colorem

1015 3841 1082 3895 caeli
1093 3843 1122 3894 et
1138 3839 1216 3894 aeris
1232 3840 1362 3910 purioris
1377 3840 1407 3894 in
1420 3855 1454 3894 sc
1469 3839 1660 3894 demonstret.
1677 3838 1736 3894 Per
1749 3838 1850 3893 curcei

1016 3929 1125 3984 coloris
1135 3929 1276 3983 cortinam
1284 3928 1413 3983 ebaritas
1424 3929 1577 4000 figuratur,
1586 3943 1621 3982 eo
1632 3926 1712 3998 quod
1721 3940 1848 3981 croceus

1017 4019 1100 4072 color
1114 4018 1260 4071 flammam
1277 4016 1415 4072 imitatur.
1432 4017 1550 4072 Cortina
1559 4016 1644 4089 nigra
1655 4013 1851 4071 humilitatem

1016 4107 1155 4176 insinuat,
1173 4122 1239 4177 quae
1251 4106 1308 4160 sibi
1329 4106 1515 4178 nigredinem
1527 4108 1716 4176 peccatorum
1728 4116 1852 4161 suorum

1016 4211 1135 4266 semper
1149 4198 1357 4267 repraesentat3
1378 4196 1468 4250 rubra
1491 4196 1671 4266 patientiam,
1695 4211 1763 4267 quae
1776 4211 1852 4250 non·

1017 4301 1166 4356 nunquam
1190 4285 1323 4340 rubescit
1347 4285 1495 4358 sanguine
1526 4284 1698 4355 passionis3
1727 4284 1851 4339 candida

975 4367 1002 4429 D
1017 4372 1154 4445 designat
1169 4374 1350 4443 munditiam,
1376 4388 1443 4445 quae
1459 4389 1579 4444 sempor
1593 4373 1658 4428 sine
1673 4373 1765 4428 sorde
1781 4388 1851 4428 can·

1017 4464 1122 4518 descii.
1139 4463 1286 4518 cultiores
1311 4466 1432 4535 vestes,
1448 4463 1573 4535 fratros,
1589 4462 1668 4518 bona
1692 4463 1852 4536 designant

1017 4567 1116 4622 opera.
1133 4551 1214 4607 Sicut
1228 4567 1354 4624 namque
1365 4552 1497 4623 pulchrae
1512 4555 1614 4607 vestes
1625 4551 1765 4608 homines
1776 4550 1850 4607 foris

1018 4655 1117 4695 eoram
1133 4639 1301 4696 hominibus
1311 4642 1460 4713 decorant,
1473 4642 1518 4697 sie
1528 4642 1605 4697 bona
1616 4656 1705 4712 opera
1714 4644 1850 4697 sancium

1017 4733 1046 4785 et
1054 4729 1168 4801 iustum
1183 4730 1345 4801 praedicant
1356 4735 1384 4786 et
1395 4731 1609 4786 commendant.
1621 4730 1702 4786 Nihil
1717 4745 1791 4802 ergo
1803 4727 1849 4785 his

1017 4819 1152 4873 vestibus
1162 4821 1241 4874 circa
1252 4835 1308 4874 nos
1317 4819 1490 4891 gloriosius,
1503 4818 1576 4874 nihil
1591 4819 1765 4890 pretiosius,
1775 4818 1849 4874 nihil

1017 4907 1205 4978 laudabilius,
1222 4908 1294 4963 nihil
1309 4909 1420 4965 utilius.
1438 4909 1507 4963 istis
1523 4907 1695 4963 studeamus
1711 4908 1804 4977 indui,
1823 4908 1850 4963 si

1017 4997 1048 5050 in
1063 5013 1191 5052 occursu
1206 4997 1322 5052 Domini
1337 4999 1475 5053 volumus
1491 5013 1560 5054 esse
1579 4997 1716 5069 gloriosi.
1745 4998 1850 5052 Cibum

1019 5085 1850 5159 debemuspraeparareperfrequentiorematsolertiorem

1019 5191 1114 5229 sacrm
1136 5175 1297 5245 Scriptura
1320 5176 1475 5231 lectionem
1499 5178 1528 5232 et
1541 5175 1771 5231 meditationem.
1793 5174 1851 5231 Per

1018 5263 1098 5318 hunc
1114 5264 1211 5319 cibum
1226 5264 1321 5319 anima
1336 5266 1501 5336 roboratur,
1523 5264 1671 5336 perhanc
1686 5264 1850 5337 impingua·

1019 5355 1075 5421 tur,
1097 5368 1150 5423 per
1169 5352 1247 5408 bunc
1267 5354 1389 5409 inbono
1405 5370 1493 5425 opera
1509 5355 1589 5409 vires
1606 5353 1723 5425 accipit,
1736 5357 1765 5410 et
1784 5354 1849 5409 illas

1019 5441 1055 5496 ad
1066 5441 1230 5513 perfectum
1241 5443 1306 5500 sine
1318 5444 1434 5499 defectu
1445 5443 1588 5514 perducit.
1601 5443 1699 5499 Sedet
1712 5442 1850 5498 cantibus

1017 5528 1853 5606 jucunditatemcordisinejusadventudamonstrarede·

1018 5619 1619 5699 bemus,sicutsoriptumest:llcaedicite.
1631 5621 1851 5701 pentesileam
