3796 6022
130 223 208 288 1027
547 212 766 281 APPENDIX
785 213 843 277 AD
866 209 1058 277 HUGONIS
1079 208 1220 277 OPERA
1241 205 1436 275 MYSTICA.
1781 206 1862 274 1028

139 437 214 495 pene
225 420 389 492 proximam
402 418 491 474 habet
500 414 966 487 virtutem,templcrumtrabibus
979 396 1009 460 Α
1025 414 1152 486 ponitur.
1169 415 1252 469 Patet
1262 414 1360 486 itaque
1372 414 1448 485 qood
1459 412 1513 467 Dei
1527 411 1661 466 Genitrix
1676 411 1767 483 quesi
1779 410 1861 482 plan·

138 513 247 582 aptum,
264 508 478 581 impenetrabili
490 507 636 561 soliditate
647 522 797 577 nunquam
813 505 896 560 oneri
916 519 966 559 co·
1031 505 1100 559 tatio
1112 520 1190 558 rosae
1202 504 1231 557 in
1242 502 1361 557 iericho
1374 502 1496 572 exstitit,
1509 502 1577 573 quia
1588 502 1618 555 in
1627 501 1746 555 delectu
1758 501 1862 555 soeeuti

136 599 220 669 dens,
239 599 294 653 sed
311 594 723 667 inea,quaeprin1umiuerit,
741 594 887 648 soliditate
898 608 967 663 per·
1025 593 1183 664 praesentis
1199 592 1305 647 virtute
1321 591 1539 662 compassionis
1555 591 1738 645 excellenter
1753 594 1782 644 ct
1800 590 1861 644 sin-

136 703 290 756 severens,
310 685 511 740 fortitudinem
527 700 644 755 quoque
660 683 967 755 congruesignitrcat.
1029 682 1288 754 gulariterenituit.
1301 681 1514 752 Namctipsius
1524 680 1649 734 animam
1655 679 1860 751 pertransivit

135 775 387 846 Sionetiam,quae
399 774 743 846 speculaiuterpretatur,
755 777 858 827 saneta
868 771 969 826 Eccle·
1025 770 1143 843 gladius
1157 771 1239 842 (Luc.
1259 773 1300 841 u).
1327 770 1362 824 Et
1377 770 1445 841 quis
1460 769 1549 842 digne
1565 768 1752 839 perpendere
1767 769 1862 839 possit

137 865 263 920 siabene
274 863 458 936 intelligitur,
471 879 537 934 quac
549 864 680 918 coelestis
692 862 762 916 boni
773 860 969 932 pulchritudi-
1026 860 1142 931 qualem
1157 859 1271 914 doloris
1284 858 1414 931 gladium
1427 859 1568 928 sistinuit,
1580 859 1649 912 dum
1659 874 1751 912 suum
1771 856 1861 911 filium

136 969 204 1010 nem
214 952 382 1008 sublimiter
391 952 570 1022 speculatur.
590 951 679 1006 Beata
694 950 791 1022 itaque
802 949 893 1003 Maria
904 951 970 1018 apte
1025 948 1209 1020 unigenitum
1227 949 1256 1003 in
1268 965 1356 1004 cruce
1368 949 1497 1019 pandere
1512 948 1647 1019 morique
1661 947 1757 1002 vidit?

28 1079 32 1084 ·
136 1042 222 1115 quasi
233 1057 397 1112 oppressus
407 1041 438 1095 in
447 1044 544 1096 monte
556 1040 627 1095 Sion
639 1039 763 1094 exaltata
775 1039 890 1107 dicitur,
904 1054 970 1109 quae
1064 1037 1154 1102 Quasi
1169 1038 1247 1092 oliva
1258 1038 1391 1109 speciosa
1407 1039 1438 1091 in
1448 1037 1568 1109 campis,
1584 1042 1613 1091 ct
1631 1037 1717 1109 qnasi
1725 1034 1863 1108 platanus

137 1129 207 1186 dum
221 1131 252 1185 in
277 1131 385 1185 mundo
401 1131 525 1199 viveret,
552 1130 667 1183 eunctis
691 1144 756 1199 quae
778 1127 879 1181 mundi
902 1129 971 1181 sunt
1020 1126 1110 1198 ‚juxta
1122 1143 1222 1198 aquas.
1235 1126 1318 1181 Oliva
1333 1127 1441 1198 figurat
1452 1126 1697 1181 misericordiam.
1711 1125 1779 1180 Fuit
1790 1142 1860 1197 orgo

136 1221 271 1291 potenter
286 1219 427 1288 subactio,
453 1219 592 1272 virtutum
616 1217 760 1289 gradibus
785 1216 821 1270 ad
842 1216 972 1271 caelestia
1027 1215 1112 1270 beata
1128 1216 1220 1269 illaria
1236 1216 1312 1270 oliva
1328 1231 1382 1286 per
1395 1215 1640 1284 miscricordiam,
1658 1219 1686 1269 et
1701 1217 1782 1270 tanto
1799 1232 1863 1285 prc-

138 1307 254 1364 fortiter
269 1308 429 1376 scandens,
455 1306 615 1360 divinitatis
637 1305 763 1377 gloriam
778 1322 840 1376 prae
857 1304 972 1360 cunctis
1029 1306 1134 1359 tiosior
1147 1321 1200 1374 per
1214 1304 1465 1374 misericerdiam,
1482 1308 1590 1376 quanto
1607 1305 1803 1359 excellentior
1816 1321 1864 1375 per

138 1395 284 1453 Ecclesiae
299 1395 438 1451 fidelibus
450 1394 677 1466 speculabatur3
693 1399 721 1451 et
737 1411 815 1448 nunc
831 1411 895 1450 eam
911 1410 972 1464 prae
1033 1394 1339 1466 g1·atiam.l‹]tbcnein
1357 1395 1480 1464 campis,
1493 1395 1561 1465 quia
1579 1394 1608 1447 iu
1623 1394 1746 1464 planitie
1765 1394 1862 1448 saecuti

141 1484 256 1541 cunetis
268 1485 423 1555 spiritibus
440 1485 614 1539 caelestibus
630 1484 853 1554 contemplatur.
1035 1484 1205 1554 praesentis,
1223 1483 1291 1554 quia
1300 1483 1329 1537 in
1345 1483 1495 1539 latitudine
1515 1487 1625 1537 sanctae
1642 1483 1790 1538 Ecclesiae
1805 1483 1862 1537 ubi-

178 1571 268 1638 Quasi
277 1572 512 1644 palmaexattata
533 1590 596 1627 sum
614 1573 645 1628 in
663 1573 768 1628 Gades.
786 1573 928 1644 Legimus
944 1571 973 1625 in
1031 1588 1087 1642 que
1112 1575 1257 1626 terrarum
1287 1570 1420 1642 ditiusae,
1444 1575 1476 1627 ut
1498 1588 1600 1626 omnes
1629 1576 1805 1643 peccatores
1829 1573 1860 1626 ad

140 1662 240 1718 Veteri
250 1662 437 1716 Testamenta
448 1662 588 1732 populum
600 1661 691 1716 Israel
703 1662 750 1716 bis
759 1663 789 1716 in
801 1662 975 1732 desortopo
1032 1660 1128 1730 ipsam
1143 1660 1236 1715 libere
1252 1663 1281 1715 et
1295 1661 1409 1732 absque
1422 1662 1630 1731 impedimento
1647 1662 1819 1732 respiciant,
1832 1661 1863 1714 ad

139 1754 230 1807 tatum
246 1766 321 1821 aqua
335 1750 370 1805 de
385 1753 466 1821 petra
481 1751 634 1820 producta,
650 1752 744 1820 primo
756 1751 786 1804 in
802 1750 970 1820 Rephidim,
989 1713 1016 1776 Β
1031 1749 1125 1819 ipsam
1138 1750 1320 1821 confugiant,
1334 1750 1370 1804 ab
1382 1752 1446 1821 ipsa
1458 1751 1615 1805 consilium
1625 1753 1773 1821 quaerant,
1785 1751 1862 1804 auxi-

141 1839 272 1896 secundo
284 1840 314 1893 ia
329 1839 434 1894 Gades
450 1837 521 1904 Quae
536 1840 594 1894 duo
609 1840 674 1894 loca
689 1840 836 1910 duplicem
845 1840 875 1893 in
883 1840 971 1894 nobis
1031 1838 1103 1892 lium
1123 1839 1295 1909 percipiant,
1313 1839 1475 1909 peripsam
1494 1840 1554 1894 Deo
1572 1839 1767 1902 reconciliati,
1785 1855 1862 1893 venia

140 1927 396 2001 compunctionem
407 1932 471 1998 apte
481 1928 666 2000 significant:
679 1945 777 1998 unam,
795 1946 861 2000 quae
877 1929 973 1983 nosci·
1031 1926 1181 1996 laetificati,
1192 1929 1471 1999 gratialocupletati,
1485 1928 1541 1982 fide
1551 1928 1719 1998 illuminati,
1729 1945 1784 1999 spe
1797 1945 1861 1983 eon·

138 2022 186 2074 tur
200 2034 238 2073 ex
257 2017 398 2073 memoria
418 2016 466 2071 vel
491 2016 592 2072 dolore
612 2022 815 2088 peccatorum3
836 2018 971 2088 alteram,
1032 2015 1145 2087 tertati3
1163 2017 1303 2072 charitate
1322 2017 1487 2088 justificati,
1512 2017 1579 2071 aliis
1604 2017 1767 2073 virtutihus
1784 2034 1861 2072 exer-

142 2105 973 2180 quaesurgitexdcsideriofuturorumpraemiorum.Quod
1033 2106 1130 2177 citati,
1147 2106 1234 2160 bonis
1256 2107 1397 2176 operibus
1423 2107 1572 2176 adornati,
1585 2111 1613 2160 et
1629 2107 1748 2161 taudem
1772 2107 1860 2178 gloria

142 2197 229 2253 etiam
241 2212 278 2252 ex
295 2196 536 2265 interpretatione
555 2197 725 2251 eorumdem
746 2196 878 2251 locorum
894 2200 973 2251 recte
1032 2194 1199 2249 beatificati.
1210 2195 1244 2248 Et
1256 2196 1341 2267 quasi
1352 2195 1579 2267 platanusjuxta
1595 2211 1688 2266 aquas
1705 2197 1736 2250 in
1751 2197 1861 2266 plateis.

142 2284 300 2358 colligitur.
318 2285 393 2338 Nam
410 2284 583 2354 Rephidim,
603 2301 652 2356 qui
668 2285 792 2355 primam
808 2285 971 2356 significat,
1033 2282 1089 2338 Sed
1106 2284 1280 2354 priorfiniS,
1298 2299 1385 2356 quom
1400 2285 1572 2355 posuimus,
1599 2285 1708 2339 melior
1730 2285 1861 2354 videtur,

141 2372 588 2445 interpretatursanitasp'udicii
598 2373 645 2427 vel
662 2372 975 2427 visioorissutdciens
1030 2375 1063 2427 ut
1077 2373 1191 2426 dicatur
1206 2373 1290 2444 qirasi
1302 2373 1441 2444 platanus
1458 2373 1547 2444 juxta
1564 2389 1664 2445 aquas
1688 2373 1829 2428 Platnnus
1852 2390 1866 2427 a

141 2463 196 2520 eia.
206 2462 301 2518 Gades
313 2464 548 2516 autemsanctns.
559 2462 591 2515 ln
601 2461 919 2532 Rephidimergoaqua
927 2478 976 2531 po·
1031 2461 1183 2516 latitudine
1200 2462 1336 2516 soliorum
1352 2462 1429 2516 dicta
1445 2466 1500 2532 cst,
1521 2462 1568 2516 vel
1589 2462 1668 2533 quod
1692 2463 1759 2532 ipsa
1781 2463 1867 2517 arbor

140 2554 245 2620 tamur,
256 2548 325 2604 dum
334 2551 535 2619 nosmetipsos
544 2550 724 2604 intrinsecus
734 2567 805 2604 saue
815 2551 850 2604 de
862 2551 974 2604 nostris
1032 2550 1129 2620 patula
1141 2551 1216 2604 silet
1226 2550 1331 2621 ampla.
1347 2551 1422 2605 Nam
1436 2551 1531 2606 Gracci
1545 2553 1637 2607 πλατὺς
1652 2552 1775 2622 (platys)
1790 2551 1865 2606 tatus

142 2640 273 2711 peccatis
289 2637 478 2709 dijudicando
489 2639 725 2709 compungimur,
742 2642 770 2693 ct
780 2639 902 2709 provida
914 2639 975 2694 oris
1033 2641 1164 2694 vocatur.
1178 2639 1258 2693 Folia
1271 2643 1367 2694 autem
1377 2640 1454 2694 bona
1463 2656 1552 2710 opera
1564 2640 1745 2712 significant.
1758 2638 1864 2705 Quem-

145 2726 975 2784 coniessionedeiisdemsufficienterabluimur.lnCades
1034 2728 1190 2782 admodum
1207 2729 1456 2784 enimvertiluret
1472 2732 1593 2783 ornatur
1603 2730 1667 2783 suis
1681 2728 1775 2799 soliis,
1788 2729 1832 2783 sic
1840 2733 1865 2783 et

144 2833 215 2872 vero
229 2819 378 2887 potamur,
395 2815 465 2870 dum
481 2813 629 2870 desiderio
650 2817 815 2872 coelestium
830 2817 976 2872 bonorum
1033 2815 1134 2887 justus
1146 2818 1287 2887 operibus
1297 2818 1478 2872 bonisssenc
1490 2834 1562 2889 ergo
1579 2818 1721 2872 beataDei
1733 2818 1866 2873 Genitrix

143 2907 248 2962 devote
257 2910 285 2961 et
293 2909 394 2960 sancte
403 2905 522 2960 accensi
532 2905 728 2977 otiiqueiacti,
736 2906 869 2977 jucundo
875 2909 976 2976 potum
1034 2905 1115 2959 velut
1130 2905 1278 2975 platanum
1291 2906 1376 2978 juxta
1390 2923 1482 2978 aquas
1494 2923 1527 2962 se
1543 2908 1697 2962 exstitisse
1708 2907 1790 2977 dicit,
1803 2908 1866 2978 quia

143 2998 278 3053 nostram
294 3011 360 3048 cum
384 2995 453 3049 ssetu
477 2995 638 3050 miscentes
662 2995 852 3051 inebriamur.
878 2997 977 3050 Palma
997 2993 1372 3089 Cdonisirrigatadivinis
1384 2996 1866 3066 inbonisoperibusdilatatasem·

143 3088 240 3140 autem
255 3084 408 3138 victoriam
431 3083 590 3155 significat.
611 3085 687 3139 Bene
709 3085 801 3155 igitur
823 3085 908 3139 beata
923 3085 977 3139 Dei
1034 3082 1167 3154 perluit.
1184 3084 1260 3138 llinc
1280 3085 1423 3155 estquod
1444 3088 1600 3155 postquam
1614 3085 1753 3139 nuntium
1770 3085 1864 3156 angeli

143 3174 273 3247 genitrix
289 3189 321 3227 sc
341 3172 421 3227 velut
440 3172 566 3242 palmam
582 3173 611 3226 in
626 3173 720 3228 Gades
737 3174 893 3228 exaltatam
909 3175 977 3246 glo·
1036 3187 1102 3226 cum
1118 3173 1196 3243 qued
1215 3173 1266 3226 Dei
1282 3175 1376 3227 mater
1391 3177 1487 3242 esset,
1502 3175 1615 3244 accepit
1630 3174 1714 3244 (Luc.
1735 3175 1767 3245 ι),
1791 3173 1864 3228 illice

143 3264 245 3334 riatur,
256 3263 325 3334 quia
338 3261 542 3332 spiritualibus
553 3262 690 3316 hostibus
702 3266 837 3332 potenter
848 3266 875 3317 et
885 3265 977 3317 victo·
1035 3260 1065 3314 in
1082 3265 1219 3315 montana
1236 3262 1347 3317 iudaeae
1358 3263 1395 3315 ad
1410 3262 1572 3331 Elisabeth,
1588 3279 1677 3334 quam
1693 3263 1864 3334 concepisse

143 3353 223 3408 riosc
235 3351 782 3421 subactisnondolorecriminum,scd
795 3368 977 3423 amareproe·
1035 3350 1177 3420 audierat,
1194 3353 1334 3421 perrexit,
1351 3366 1410 3405 non
1427 3354 1459 3404 ut
1482 3351 1606 3405 verbum
1620 3353 1723 3423 angeli
1738 3352 1864 3406 mulieris

143 3442 270 3496 mierum
294 3440 446 3494 coelestius
470 3443 643 3509 compuncta
660 3441 838 3495 suavissimo
854 3442 977 3510 potaba-
1034 3440 1219 3494 attestatione
1230 3440 1378 3510 probaret,
1392 3440 1446 3494 sed
1458 3443 1488 3494 ut
1498 3440 1613 3494 mulieri
1631 3445 1784 3511 provectae
1799 3444 1863 3495 aeta-

142 3531 201 3584 tur.
218 3528 319 3582 Potest
335 3543 452 3598 quoque
467 3542 520 3596 per
534 3543 650 3598 nquam,
675 3544 741 3599 quae
766 3530 797 3583 ia
821 3530 977 3600 liaphidim
1033 3528 1071 3581 tis
1100 3527 1186 3600 virgo
1213 3528 1373 3600 juvencula
1400 3529 1597 3584 ministerium
1626 3529 1732 3585 sedula
1756 3531 1862 3600 impen-

91 3677 101 3695 Ι
141 3616 250 3689 populo
267 3615 332 3670 data
347 3619 409 3686 est,
433 3615 541 3670 donum
566 3616 660 3670 sancti
684 3616 811 3687 Spiritus
832 3618 975 3691 intelligi,
1035 3615 1126 3670 deret.

142 3705 221 3778 quod
244 3705 381 3760 fidelibus
404 3705 440 3759 ad
462 3705 608 3776 iustitiam
624 3705 709 3759 datur
733 3706 763 3760 in
779 3706 907 3775 mundo,
924 3725 977 3777 per
1069 3706 1103 3759 In
1110 3704 1220 3776 plateis
1230 3707 1307 3761 sicut
1322 3708 1533 3763 cinnamomum
1545 3713 1574 3762 et
1584 3704 1749 3762 balsamum
1762 3722 1864 3763 aromo·

141 3808 341 3868 aquamver0,
355 3810 421 3866 quae
437 3795 502 3849 data
520 3797 566 3849 est
580 3796 610 3849 in
624 3794 729 3868 Gades,
746 3796 868 3866 superni
884 3796 975 3852 sontis
1035 3796 1256 3851 tisansodorcm
1267 3796 1346 3850 dedi.
1361 3796 1537 3851 Venditores
1548 3799 1714 3852 aromatum
1723 3797 1753 3850 in
1763 3797 1860 3851 nundi·

141 3898 227 3956 aqua,
241 3900 307 3955 quae
318 3883 492 3955 glorificatis
504 3883 540 3937 ad
555 3884 680 3956 gloriam
697 3884 827 3939 daturin
843 3885 927 3956 caclo,
945 3888 976 3940 ut
1032 3886 1079 3941 nis
1089 3885 1228 3940 sedentes
1243 3885 1272 3939 in
1288 3885 1404 3955 plateis,
1421 3886 1557 3940 diversas
1572 3889 1738 3940 aromatum
1754 3887 1863 3956 species

142 3973 199 4028 ista
214 3972 300 4026 detur
314 3973 343 4025 in
359 3973 472 4042 merito,
499 3973 548 4026 illa
569 3973 653 4027 detur
676 3973 706 4027 in
721 3973 853 4044 praemio.
881 3974 916 4028 Et
939 3975 974 4028 de
1034 3977 1184 4045 exponunt
1194 4016 1201 4043 ,
1227 3977 1255 4028 et
1270 3974 1334 4044 ipsa
1349 3977 1479 4028 aromata
1494 3975 1595 4029 odoris
1611 3976 1659 4030 sui
1675 3975 1862 4029 suavitatibus

141 4061 236 4131 prima
262 4061 381 4130 quidem
396 4062 540 4130 scriptum
555 4064 602 4115 cst
619 4078 624 4116 :
642 4061 800 4117 Effundam
817 4080 906 4135 super
926 4079 976 4118 vos
1033 4064 1145 4134 plateas
1158 4066 1347 4135 respergunt.
1360 4062 1788 4133 Siospiritualiumaromatum
1802 4078 1861 4133 pes-

140 4162 242 4220 aquam
252 4148 397 4213 mundam,
409 4153 438 4202 et
452 4149 667 4203 nrnndabhnini
682 4150 718 4204 ab
728 4151 862 4206 omnibus
877 4153 975 4224 inqui-
1033 4169 1173 4208 sessores
1188 4152 1328 4206 virtutum
1343 4155 1371 4206 ct
1384 4152 1530 4206 bonorum
1553 4168 1675 4222 operum
1692 4151 1855 4225 fragrantiis

140 4237 291 4292 ramentis
303 4237 414 4291 vestris
425 4238 547 4305 (Erech.
565 4239 679 4307 xxxvi).
692 4238 736 4291 hd
746 4241 906 4294 secundam
920 4257 974 4295 au·
1034 4258 1088 4312 per
1103 4242 1159 4295 lata
1174 4242 1314 4296 vitiorum
1329 4241 1499 4312 gradientes
1522 4241 1654 4295 suaviter
1675 4241 1822 4310 afficiunt,
1838 4243 1861 4294 et

139 4329 199 4381 tem
210 4326 334 4398 pertinet
345 4327 423 4396 quod
439 4327 569 4382 loannes
586 4328 615 4380 in
625 4342 753 4397 persona
763 4327 873 4383 Christi
884 4329 972 4385 dicit:
991 4291 1018 4354 D
1035 4347 1087 4386 cos
1100 4330 1190 4385 odore
1202 4347 1265 4384 suoe
1278 4329 1363 4384 famae
1374 4330 1410 4383 ab
1426 4330 1530 4384 itinere
1541 4330 1694 4399 pravitatis
1711 4330 1855 4385 reducunt.

137 4414 205 4487 Ego
218 4416 336 4470 sitienti
344 4415 419 4470 dabo
432 4416 469 4470 dc
481 4415 563 4471 tonte
580 4433 660 4488 aptiae
678 4417 745 4470 vite
760 4419 859 4489 pratis
870 4418 972 4490 (Apoc.
1034 4419 1257 4475 cinnamomum
1266 4421 1362 4475 autern
1374 4419 1442 4473 licet
1452 4419 1562 4474 bonum
1574 4419 1696 4474 odorem
1710 4419 1825 4488 habeat,
1838 4421 1861 4471 et

138 4502 271 4575 xxi).Qui
285 4503 363 4559 enim
377 4506 439 4559 sitit
452 4503 606 4575 justitiam,
615 4505 765 4560 reficietur
779 4506 973 4578 pergloriam.
1033 4525 1086 4580 per
1096 4509 1152 4563 hoc
1164 4508 1270 4562 tamam
1280 4524 1374 4562 sacrae
1386 4509 1513 4580 virginis
1525 4509 1654 4579 figurare
1666 4513 1764 4579 queat,
1781 4525 1818 4562 ex
1831 4522 1860 4560 eo

175 4593 264 4648 Beata
279 4592 376 4664 itaque
388 4593 479 4647 Maria
495 4610 528 4649 se
544 4593 624 4648 velut
634 4594 760 4664 palmam
770 4595 800 4649 in
811 4594 906 4672 tlades
918 4612 971 4650 ex-
1031 4597 1360 4668 tamenquodcnrtioem
1371 4613 1458 4652 suum
1469 4597 1499 4650 in
1507 4597 1624 4651 modum
1637 4596 1859 4662 canuaeiormat,

139 4681 257 4739 allatam
267 4686 346 4738 reete
358 4683 503 4754 perhibet,
520 4682 589 4755 quia
600 4685 721 4753 superni
738 4683 828 4739 tontis
840 4683 974 4741 dulcedi·
1031 4685 1147 4741 laudem
1163 4691 1191 4740 et
1202 4687 1364 4757 gratiarum
1373 4686 1517 4741 actionem
1529 4690 1607 4741 recte
1623 4685 1773 4758 designat.
1785 4684 1859 4751 Quod

138 4788 207 4828 nem
232 4773 369 4828 omnibus
385 4771 539 4843 spiritibus
562 4773 756 4829 excellentius
775 4773 919 4844 possidet.
939 4771 975 4828 Et
1031 4773 1125 4830 beatae
1140 4775 1256 4847 Virgini
1267 4791 1399 4847 congrue
1411 4775 1558 4842 convenit,
1568 4790 1635 4846 quaa
1647 4774 1719 4829 dum
1728 4774 1765 4829 ab
1778 4774 1860 4829 Elisa·

141 4859 227 4930 quasi
242 4860 381 4930 plantatio
397 4876 475 4915 rosae
489 4861 520 4914 in
538 4860 668 4916 iericho.
688 4862 770 4917 Rosa
790 4879 856 4933 quae
872 4863 971 4933 rubet,
1031 4864 1101 4918 beth
1112 4864 1222 4918 audivit
1238 4865 1316 4936 quod
1337 4865 1427 4919 verba
1439 4864 1537 4936 angeli
1553 4864 1584 4918 in
1599 4863 1664 4933 ipsa
1679 4863 1858 4935 compleren-

139 4950 205 5017 apte
216 4946 353 5020 designat
367 4949 549 5020 passionem.
562 4951 633 5004 Etsi
646 4966 714 5005 rosa
725 4949 755 5005 in
774 4967 808 5006 eo
824 4952 903 5024 quod
921 4970 972 5007 ru·
1030 4955 1087 5022 tur,
1100 4953 1198 5008 statim
1210 4952 1364 5007 inlaudem
1383 4956 1411 5008 et
1426 4942 1587 5024 gratiarum
1598 4953 1745 5007 actionem
1760 4969 1858 5023 proru-

137 5035 188 5092 bet
198 5037 335 5107 exprimit
349 5038 531 5109 passionem,
548 5055 620 5109 ergo
637 5039 666 5094 in
682 5056 717 5095 eo
732 5040 811 5110 quod
826 5040 973 5110 plantatur
1029 5043 1079 5112 pit,
1093 5043 1196 5097 dicens
1210 5039 1857 5114 :ltapnidcatanimarneaDomirrurntbuen).

138 5139 270 5197 congrue
280 5126 417 5198 designat
426 5126 673 5198 compassionem.
684 5128 858 5199 Compassio
868 5129 898 5183 in
907 5146 972 5184 cor·
1031 5130 1199 5186 llalsamum
1208 5147 1280 5186 vcro
1296 5147 1350 5201 per
1361 5146 1448 5185 suum
1460 5129 1580 5184 odorem
1595 5129 1628 5183 Il.
1646 5129 1747 5184 blariae
1758 5129 1859 5185 bonam

139 5213 187 5285 de,
198 5215 301 5287 passio
312 5215 485 5286 incorpore.
498 5217 672 5287 compassio
682 5217 871 5288 latet,passio
882 5221 969 5288 patet.
1029 5219 1136 5273 famam
1153 5220 1300 5291 exprimit.
1320 5220 1404 5274 Unde
1419 5222 1447 5274 et
1468 5210 1506 5273 de'
1526 5219 1592 5289 ipsa
1614 5219 1768 5283 canimuS,
1787 5215 1858 5290 quod

138 5303 220 5360 Rosa
236 5305 334 5376 itaque
345 5304 500 5376 plantatur,
514 5306 630 5376 quando
642 5306 810 5377 compassio
827 5307 908 5362 cordi
928 5308 972 5362 in·
1029 5307 1097 5380 ejus
1112 5309 1185 5363 odor
1195 5306 1412 5364 inaestimabilis
1428 5308 1489 5362 erat
1504 5307 1535 5360 ia
1545 5307 1732 5362 vestimentis
1745 5307 1821 5379 ejuS,
1835 5308 1858 5359 et

137 5390 253 5465 ssgitur3
279 5393 382 5448 iterem
396 5393 550 5447 rubentem
565 5393 701 5462 producit
715 5395 833 5466 quando
848 5396 878 5450 in
898 5394 970 5452 etie-
1029 5396 1108 5452 sicut
1119 5397 1183 5452 dies
1194 5399 1278 5452 verni
1287 5396 1509 5451 circumdabant
1518 5393 1681 5451 eamssores
1693 5411 1827 5452 rosarum
1835 5397 1858 5449 et

135 5481 531 5554 otnmpassiouisproccdit.
543 5480 664 5537 iericho
675 5481 968 5557 lunainterpretatur,
1028 5484 1089 5541 lilia
1100 5482 1278 5543 convallium
1295 5483 1401 5558 (Eecli.
1419 5486 1458 5558 n).
1472 5485 1536 5541 Hoc
1553 5485 1632 5540 enim
1642 5486 1738 5543 beate
1750 5482 1858 5558 Virgini

134 5572 164 5634 et
180 5585 234 5650 pro
253 5570 372 5633 detentu
383 5572 482 5632 earnis
498 5573 547 5629 aut
564 5569 682 5634 delectu
692 5573 797 5632 saeculi
810 5574 969 5650 praesentis
1027 5574 1129 5644 itariae
1145 5574 1272 5636 maxime
1288 5575 1435 5653 convenit,
1452 5591 1518 5653 quae
1534 5571 1677 5636 mundum
1691 5576 1857 5637 universum
