3796 6022
127 297 188 368 919
552 301 772 367 APPENDIX
792 302 851 367 AD
873 301 1064 369 HUGONIS
1089 304 1231 370 OPERA
1252 306 1442 375 MYSTICA
1796 309 1853 378 920

130 505 271 561 virtutum
296 508 324 560 et
347 504 492 560 bonorum
509 520 630 577 operum
654 506 836 578 varietatem,
854 509 963 580 quibus
978 488 1120 564 AIa'tiam
1136 508 1164 563 si
1178 508 1323 565 occiderit
1342 526 1399 581 me,
1424 511 1456 566 in
1471 512 1566 584 ipsum
1589 510 1729 586 sperabo.
1755 512 1852 570 Bonas

131 594 556 650 animaintusetiorisooram
572 596 963 667 Decetproximodeeora-
1022 596 1099 653 euim
1123 602 1170 653 cst
1197 600 1339 654 Dominus
1366 601 1558 673 sperantibus
1579 601 1610 656 in
1641 617 1717 673 eum,
1749 603 1851 660 anima

19 751 27 758 ι
132 688 180 739 tur·
194 687 222 738 et
237 683 419 738 honestatur.
436 685 476 738 De
493 684 547 739 hae
565 685 720 756 multiplici
736 687 877 742 varietate
890 691 965 743 scri·
1021 686 1167 758 querenti
1180 687 1272 743 illum.
1288 687 1342 754 Qui
1359 689 1431 744 vivit
1445 691 1474 744 et
1489 693 1603 765 regnat,
1620 693 1677 751 etc.

131 775 213 844 ptum
223 776 282 827 est:
295 773 366 827 Asti
369 774 404 826 tit
415 774 546 846 repinan
563 775 683 830 dextras
694 776 753 830 tuis
761 777 792 830 in
803 778 967 833 vastitudo·
1339 777 1468 837 SERMO
1493 779 1532 836 X.

132 867 244 931 aurato,
268 861 487 917 circumamicta
502 863 660 932 {varietate
675 865 770 935 (Psal.
785 867 874 938 xciv).
887 868 966 922 Zona
1303 866 1347 922 De
1373 867 1479 924 timore
1502 868 1568 925 Dei.

131 967 190 1022 qun
204 950 536 1024 lumbiproecinguntur,
555 953 718 1008 castitatem
733 955 891 1026 siguificat,
908 972 966 1027 qua
1054 953 1628 1029 Deumtime,etmandataejusobserve,
1641 959 1750 1015 honest
1761 960 1852 1016 omnis

131 1039 438 1094 duxaluxuriacarnis
449 1041 965 1115 humanaerefrenatur,sicutscrip-
1018 1041 1220 1113 IrourotEeeIi.
1237 1055 1297 1118 mr).
1315 1045 1459 1101 hlultnset
1476 1048 1648 1119 praeclaras,
1667 1048 1851 1105 dilectissimi

131 1132 193 1183 tum
209 1131 272 1184 est:
290 1128 360 1184 Sint
370 1128 463 1184 incubi
476 1131 571 1185 vestri
578 1133 737 1203 precincti
744 1133 825 1204 (Luc.
836 1133 898 1205 xu).
908 1135 966 1189 hn·
1019 1129 1137 1201 iratres,
1149 1134 1339 1188 auctoritates
1350 1134 1381 1188 in
1394 1133 1504 1189 divinis
1515 1135 1684 1191 invenimus
1693 1136 1851 1208 Scripturis

133 1218 222 1273 nulus
238 1218 376 1288 exprimit
396 1219 485 1273 fidem
501 1219 659 1293 integram,
675 1238 728 1292 per
742 1238 831 1293 quam
854 1239 966 1293 sponsa
1019 1218 1055 1275 de
1072 1220 1176 1276 timore
1192 1221 1317 1277 Domini.
1330 1221 1479 1293 Scriptum
1500 1226 1548 1280 est
1564 1225 1659 1281 enim:
1678 1224 1794 1282 Beatus
1810 1227 1852 1282 vir

132 1323 277 1378 sponsum
292 1307 447 1362 absentem
463 1308 569 1381 diligit,
586 1312 615 1364 et
629 1310 664 1364 ad
677 1310 744 1382 ejus
760 1311 889 1381 speciem
900 1312 967 1385 jugi
1020 1309 1069 1381 qui
1078 1312 1162 1365 timet
1179 1311 1333 1365 Dominum
1350 1311 1446 1380 (Psal.
1459 1312 1535 1381 cxv);
1552 1315 1580 1368 et
1598 1313 1720 1370 iterum:
1737 1313 1850 1372 Initium

133 1396 282 1451 desideria
308 1396 465 1466 pervenire
487 1399 681 1469 concupiscit.
707 1400 871 1470 hlurenula,
899 1417 965 1472 quae
1019 1398 1176 1469 sapientiae
1192 1400 1281 1456 timor
1305 1400 1425 1456 Domini
1438 1401 1533 1471 (Psal.
1550 1401 1617 1474 ext:
1643 1405 1690 1459 et:
1719 1403 1777 1470 Qui
1791 1406 1852 1461 sine

132 1486 246 1558 pectori
260 1485 411 1556 affligitur,
424 1501 461 1541 ne
472 1486 586 1541 adulter
596 1503 714 1542 manum
724 1489 846 1558 inserat,
855 1494 966 1544 castam
1021 1487 1180 1542 tirnereest
1191 1488 1522 1561 neapotestp‘usudcari
1531 1490 1637 1560 (Ereti.
1647 1492 1667 1562 ι)
1682 1507 1689 1547 :
1708 1495 1750 1549 et:
1766 1492 1850 1559 Quam

132 1574 290 1645 praetendit
305 1574 502 1646 dilectionem,
520 1592 609 1647 quam
624 1576 761 1632 diabolus
781 1578 892 1634 violare
907 1595 967 1634 non
1020 1577 1509 1650 magnusqaiiuvenitsapientiam
1519 1583 1548 1634 et
1558 1580 1726 1648 scientiam,
1737 1582 1794 1637 sed
1801 1598 1851 1638 nan

132 1663 311 1734 permittitur
324 1663 512 1736 peraliquam
521 1682 641 1736 pravam
650 1665 884 1722 delectationem.
894 1668 966 1723 Poc·
1021 1679 1112 1736 super
1120 1664 1272 1721 timentem
1279 1667 1433 1722 Dortainum
1446 1667 1552 1737 (Eccli.
1564 1670 1647 1739 xxv).
1659 1668 1852 1741 Sapientiadi·

132 1755 192 1821 ten,
209 1752 277 1823 quin
294 1752 417 1824 capillos
440 1754 475 1808 ab
497 1756 627 1810 invicem
651 1756 803 1825 discernit,
829 1757 967 1812 virtutem
1023 1753 1098 1808 citur
1112 1753 1481 1826 cogitatiodeeoelestibus
1501 1756 1665 1826 etdivinis3
1687 1758 1853 1817 scientiade

133 1841 451 1914 figuratdiscretionis.
463 1843 595 1914 Peplum,
610 1845 688 1917 quod
699 1846 821 1915 capillos
833 1847 967 1902 netluunt
982 1803 1008 1866 B
1022 1842 1149 1897 terrenis
1172 1845 1200 1899 et
1223 1843 1378 1913 humanis3
1402 1847 1431 1902 et
1452 1860 1578 1917 magnus
1600 1846 1783 1917 praedicatur
1805 1849 1851 1923 qui

133 1934 300 2001 conservat,
314 1932 723 2004 cogitationumsobrietntem
739 1937 767 1990 et
782 1935 909 2006 quictem
920 1937 966 1991 in·
1022 1930 1134 1986 invenit
1149 1930 1196 1986 vel
1211 1932 1389 1988 alteramve!
1400 1938 1563 2005 utramque.
1579 1934 1704 2001 Quando
1718 1952 1850 2010 namque,

133 2019 240 2075 sinuat.
254 2021 377 2076 lnaures
393 2038 428 2078 eo
443 2023 521 2095 quod
539 2024 654 2078 aurium
666 2028 869 2079 ornamentum
886 2028 965 2096 sunt,
1024 2023 1055 2075 ut
1070 2020 1105 2075 de
1121 2021 1275 2076 inventore
1291 2022 1424 2077 scientiae
1446 2023 1574 2094 primum
1588 2023 1757 2097 loquamur,
1783 2027 1855 2081 etde

132 2108 331 2165 obedientiam
361 2113 539 2183 exprimunt.
564 2113 703 2168 Diadema
720 2114 829 2185 figurat
842 2115 967 2187 gloriam
1023 2109 1188 2166 minoribus
1204 2109 1241 2164 ad
1256 2109 1369 2182 majora
1384 2112 1631 2183 conscendamus
1649 2114 1813 2187 quemlibet
1828 2117 1854 2170 in

133 2201 335 2271 conscientiae,
348 2202 384 2257 de
394 2203 603 2274 quascriptum
613 2205 668 2258 est.
684 2202 785 2258 Gloria
805 2210 908 2259 nostra
920 2210 966 2260 est
1023 2198 1120 2271 logica
1127 2199 1254 2269 peritum
1261 2199 1569 2275 cernimus,magnum
1575 2202 1857 2273 praedicamuscm·

134 2289 333 2344 testimenium
349 2292 540 2346 eonscientiae
556 2298 666 2347 nostrae
681 2291 711 2361 (I
725 2291 791 2347 Car.
810 2290 966 2364 1).Specu-
1022 2287 1218 2359 testulithm
1225 2288 1395 2344 videremus
1407 2289 1563 2346 doetumin
1574 2289 1770 2365 grammatica
1785 2292 1857 2349 sieut

131 2377 192 2432 lum
204 2379 795 2451 significatScripturarumlectionem,in
806 2383 965 2451 quaanima
1023 2376 1219 2449 ruscianum,
1232 2377 1385 2434 dialectiea
1401 2379 1480 2434 sicut
1490 2379 1692 2452 Aristotelem,
1713 2381 1858 2437 rhetorica

132 2467 202 2537 quid
214 2467 244 2520 in
260 2468 419 2522 sabanum
435 2469 483 2538 sit,
501 2469 611 2541 quidve
627 2468 746 2538 malum,
763 2470 833 2540 quid
853 2470 965 2525 hones·
1023 2465 1246 2537 sicutTullium‚
1260 2467 1428 2525 diceremus
1439 2484 1445 2524 :
1455 2468 1750 2541 dlaqnuscstisteSi
1764 2473 1858 2527 autem

131 2557 203 2624 tum,
220 2555 292 2625 quid
305 2556 495 2611 inhonestum
511 2557 734 2627 contemplatur.
750 2557 963 2631 Calceameuta,
1022 2554 1191 2610 videremus
1209 2571 1276 2611 eum
1291 2556 1418 2613 'doctum
1432 2558 1463 2613 in
1485 2558 1666 2629 mechanica,
1689 2559 1857 2616 diceremus

132 2657 199 2713 quae
213 2643 392 2698 munimenta
409 2649 478 2700 sunt
501 2645 619 2716 pedum,
646 2646 754 2717 quihus
771 2661 824 2716 per
847 2647 965 2703 diversa
1023 2643 1171 2702 similiter:
1188 2645 1317 2719 Magnus
1332 2651 1379 2701 est
1394 2647 1463 2702 iste.
1479 2646 1511 2704 Si
1524 2664 1597 2703 vero
1612 2649 1857 2708 videremuseum

131 2729 197 2788 loca
211 2747 375 2804 movemur,
392 2734 633 2806 praedicationem
648 2734 879 2809 circumquaque
890 2736 966 2791 deln-
1022 2733 1169 2788 eruditum
1180 2734 1210 2788 iu
1220 2733 1415 2806 arithmetica,
1428 2736 1552 2807 musica,
1568 2738 1743 2810 geometria,
1760 2741 1857 2794 astru·

131 2821 190 2877 tam
205 2821 343 2894 figurant.
1022 2822 1120 2876 nomin
1135 2822 1213 2878 sicut
1238 2823 1381 2895 Boetium,
1406 2824 1453 2880 vel
1477 2825 1639 2898 quemlibet
1660 2826 1856 2899 inventorem,

169 2909 264 2966 Habet
274 2911 372 2984 itaque
391 2929 503 2985 sponsa
522 2915 577 2969 ista
586 2914 737 2971 lavacrum
754 2931 807 2986 per
823 2931 966 2988 compun-
1021 2911 1069 2965 vel
1085 2912 1291 2969 translatorem
1300 2915 1418 2988 artium,
1429 2915 1519 2969 mullo
1530 2915 1626 2988 magis
1642 2915 1856 2973 clamaremus:

132 2999 269 3072 ctionem,
286 3007 435 3076 unguenta
461 3020 515 3075 per
538 3004 735 3074 spiritualium
751 3005 896 3063 donorum
911 3023 965 3063 su.
1022 2999 1150 3074 Magnus
1161 3008 1207 3056 est
1215 3003 1283 3057 iste.
1296 3002 1326 3058 Si
1343 3006 1441 3061 autem
1456 3005 1605 3060 sciremus
1619 3004 1705 3061 illum
1720 3005 1809 3061 etiam
1829 3008 1856 3062 in

131 3091 326 3164 ereptionem,
342 3097 443 3149 vestes
459 3095 627 3165 perbonam
638 3095 793 3166 actionem,
804 3110 967 3168 zenampcr
985 3131 1010 3193 c
1023 3089 1146 3161 physica
1155 3093 1328 3162 sapientem,
1341 3093 1373 3146 ut
1389 3092 1597 3164 Hippocratem
1611 3093 1819 3167 velGalenum,
1831 3099 1857 3151 et

132 3181 308 3252 castitatem,
337 3184 477 3239 annulum
506 3200 561 3255 per
582 3184 679 3254 Edem,
704 3185 887 3240 murenulam
912 3201 966 3255 per
1023 3182 1195 3250 proveetum
1220 3180 1250 3235 in
1274 3181 1406 3236 theorica
1429 3180 1568 3236 saeculari
1588 3186 1620 3237 nt
1642 3182 1805 3256 Platonem,
1830 3188 1857 3239 et

132 3271 669 3344 castamdilectionem,pectinemper
687 3273 907 3345 discretionem,
917 3291 965 3346 pe·
1023 3267 1185 3340 Socratem,
1207 3270 1336 3325 omnimo
1353 3269 1564 3326 clamaremus:
1581 3271 1712 3344 Magnus
1726 3277 1774 3328 est
1787 3274 1851 3328 iste.

132 3357 965 3434 plumpercogitationumquietemetsobrietatem,inan·
1017 3356 1850 3431 Siquoquevideremusistumtaliterscientiamsaeculari

132 3461 182 3500 res
191 3448 457 3521 perobedientiam,
469 3451 965 3524 diademapergloriam,speculum
1019 3446 1147 3518 doctum,
1167 3449 1311 3519 sapientia
1329 3449 1436 3503 divinae
1452 3448 1612 3518 Scripturae
1628 3451 1850 3521 peritissimum,

131 3549 186 3604 per
200 3535 367 3606 lectionem,
381 3540 578 3594 calceamenta
589 3542 900 3611 perpraedieetionem,
910 3542 965 3597 His
1019 3534 1138 3590 doctum
1148 3537 1264 3592 seilicet
1274 3537 1304 3591 iu
1321 3537 1421 3593 Veteri
1436 3538 1557 3593 ctNove
1571 3537 1772 3612 Testamento,
1790 3539 1850 3594 his·

133 3624 271 3680 omnibus
287 3626 433 3683 adduntur
447 3629 620 3700 plerumque
635 3629 749 3699 lapides
760 3631 963 3702 pretiosi,qui,
1021 3626 1106 3696 toria,
1137 3627 1289 3699 allegoria,
1321 3627 1498 3700 tropologia,
1524 3643 1670 3700 anagoge,
1696 3628 1853 3685 litterarum

134 3717 256 3786 propter
270 3733 358 3772 suum
369 3718 526 3792 fulgorem,
539 3718 903 3791 miraculalongelatequc
914 3734 965 3775 co·
1019 3714 1128 3785 triplici
1150 3731 1287 3772 sermone
1308 3717 1385 3772 sicut
1405 3717 1628 3789 llieronpmum,
1650 3717 1680 3772 iu
1696 3718 1852 3773 ratiocina-

131 3809 283 3863 ruseentia
293 3808 461 3882 designant.
474 3808 574 3864 Oiclix
583 3824 696 3880 spensa
707 3808 768 3879 Dei,
777 3808 963 3881 auimajusti,
1020 3803 1098 3860 tione
1110 3806 1555 3878 disertumsicuthugustiuum,
1568 3807 1597 3860 in
1608 3805 1852 3863 moralitatesicut

131 3911 198 3967 quae
214 3899 322 3955 talibus
339 3899 520 3955 ornamentis
537 3899 706 3969 decoratur,
719 3898 794 3954 etad
806 3898 965 3954 thalamum
1020 3893 1205 3966 Gregorium,
1223 3895 1386 3966 sapientem
1401 3895 1528 3968 deniquo
1550 3895 1627 3951 sicut
1650 3895 1845 3960 Salomonem,

132 3988 236 4041 aeterni
252 3989 335 4059 regis
353 3987 550 4058 praeparaturi
568 3989 658 4043 hlulta
673 3991 770 4059 potest
785 3987 880 4042 anima
895 3987 963 4043 talis
1021 3985 1158 4039 omnibus
1168 3985 1263 4039 modis
1272 3984 1542 4056 proclamaremus:
1559 3985 1687 4057 Magnas
1698 3987 1769 4042 iste.
1784 3986 1846 4042 Non

131 4073 171 4127 uti
188 4074 305 4130 fiducia.
323 4076 541 4148 Nonnunquam
557 4080 653 4132 tamen
668 4079 821 4150 contingit,
832 4080 862 4131 ut
877 4077 963 4132 donis
1020 4075 1127 4144 tamen,
1144 4074 1260 4141 iratres,
1278 4075 1374 4147 major
1396 4075 1515 4129 timente
1535 4073 1703 4131 Dominum.
1727 4075 1847 4149 hlagnus

131 4162 220 4217 ditata
236 4164 355 4234 divinis,
373 4181 480 4237 magno
497 4169 609 4221 terrore
626 4165 724 4220 divina
740 4165 963 4235 contemplando
1020 4178 1146 4235 namque
1158 4165 1208 4236 qui
1218 4164 1330 4219 invenit
1341 4164 1504 4235 sapientam
1515 4162 1718 4235 etscientiom,
1731 4165 1845 4221 sednon

127 4250 241 4324 judicia
257 4253 451 4325 concutiatur,
468 4257 496 4310 et
510 4255 601 4310 multe
617 4257 698 4310 motu
713 4253 880 4309 formidinis
896 4254 963 4308 asfi-
1020 4267 1111 4324 super
1126 4255 1275 4309 timentem
1290 4254 1456 4308 Dominum.
1482 4250 1629 4322 Sapientia
1645 4251 1694 4307 hie
1711 4253 1846 4324 accipitur

130 4341 233 4398 cietur.
250 4342 345 4415 Cujus
361 4344 528 4415 exemplum
541 4345 586 4400 rei
611 4344 698 4399 nobis
714 4343 823 4399 Esther
838 4343 963 4399 historia
1019 4358 1072 4413 pre
1094 4344 1273 4415 cognitione,
1298 4343 1348 4414 qui
1372 4342 1443 4396 facit
1457 4341 1576 4413 quidem
1604 4340 1728 4397 doctum
1743 4343 1796 4398 sed
1823 4345 1847 4397 et

128 4431 244 4489 tribuit:
257 4433 400 4506 Legimus
416 4450 542 4505 namque
558 4434 638 4507 quod
657 4432 766 4488 Esther
781 4449 883 4505 regem
901 4432 961 4489 ds·
975 4449 1003 4511 Ι)
1016 4429 1140 4502 justum,
1157 4432 1192 4486 de
1209 4447 1266 4504 qua
1282 4431 1504 4503 scriptumest:
1521 4430 1634 4486 Beatus
1649 4430 1735 4488 tremo
1749 4432 1799 4505 qui
1811 4431 1847 4486 in

129 4538 251 4579 suerum
265 4526 366 4579 contra
381 4523 535 4579 basilicam
555 4523 585 4578 in
602 4523 708 4578 throno
725 4538 780 4577 sno
796 4523 958 4594 sedentem,
1022 4520 1102 4574 venit
1113 4521 1290 4592 sapientiam
1306 4521 1410 4592 (Prov.
1423 4519 1473 4592 ιιι),
1487 4520 1597 4575 Beatus
1608 4535 1735 4593 namque
1751 4522 1848 4594 quisa-

126 4611 243 4685 virgum
259 4616 417 4684 tenentem,
427 4613 600 4669 ardentibus
613 4611 848 4667 oculisiuroram
861 4614 960 4682 pecto·
1017 4610 1156 4680 pientiam
1171 4626 1230 4664 non
1246 4613 1358 4667 tantum
1379 4609 1557 4682 cognitione,
1574 4606 1627 4663 sed
1643 4609 1732 4664 etiam
1746 4623 1847 4681 sapore

127 4700 171 4754 ris
187 4702 365 4758 indicantem
380 4703 575 4775 contemplata
597 4717 671 4772 pene
685 4701 850 4756 examinata
865 4700 913 4769 sit,
931 4701 961 4755 in
1013 4699 1139 4772 justitiae
1149 4699 1269 4771 invenit,
1280 4700 1347 4772 quia
1359 4699 1509 4771 pertatem
1525 4697 1727 4753 inventionem
1742 4698 1848 4754 bonum

125 4791 238 4845 tantum
248 4795 358 4864 utrcge
368 4792 546 4847 etministris
555 4789 959 4863 ejuscoramconsolautibus
1016 4789 1164 4844 internum
1175 4805 1280 4860 sapere
1291 4790 1403 4861 incipit.
1416 4788 1474 4843 Sed
1487 4792 1513 4842 et
1525 4788 1552 4841 si
1561 4787 1617 4841 iste
1629 4786 1698 4841 talis
1716 4788 1848 4843 inventor

125 4880 311 4950 vixputuerit
321 4897 355 4936 se
366 4881 464 4936 levare
476 4882 612 4953 (Esther.
625 4885 665 4952 v).
682 4879 767 4950 Quid,
785 4879 903 4950 iratres,
929 4879 960 4934 in
1016 4879 1179 4949 sapientiae,
1194 4879 1319 4949 pulcher
1331 4881 1413 4933 esset
1430 4877 1611 4947 uthbsalon,
1626 4874 1713 4931 fortis
1720 4880 1753 4931 ut
1766 4877 1847 4932 Sam·

125 4967 181 5024 hac
195 4984 228 5023 re
244 4973 397 5024 Assuerus
419 4988 472 5026 rex
488 4971 646 5044 siguificat,
674 4970 732 5024 nisi
748 4969 864 5023 Daum‘?
888 4969 957 5040 quid
1014 4983 1080 5037 son,
1097 4968 1185 5023 velox
1201 4971 1231 5023 ut
1248 4967 1511 5038 Asael,‘pr·obusut
1522 4964 1701 5035 Alexander,
1719 4966 1804 5021 dives
1821 4969 1847 5021 ut

125 5056 244 5126 Esther,
252 5058 464 5115 nisianimam‘?
475 5058 685 5132 quidhasilica,
694 5057 958 5113 nisidivinitatem‘?
1013 5057 1147 5128 Croesus,
1159 5060 1265 5128 potens
1277 5060 1307 5111 ut
1315 5056 1454 5111 Octavius
1466 5057 1632 5127 Augustus,
1650 5053 1808 5126 longaevus
1819 5058 1847 5109 ut

123 5147 194 5218 quid
209 5147 345 5218 thronuS,
362 5149 420 5204 nisi
432 5149 633 5221 maiestatem?
642 5147 713 5219 quid
727 5147 822 5218 virga,
840 5146 898 5200 nisi
909 5161 957 5216 po·
1013 5146 1148 5216 Henoch,
1171 5146 1243 5201 nihil
1260 5146 1301 5200 illi
1322 5146 1370 5200 vel
1386 5150 1477 5201 totum
1507 5144 1655 5199 conterret
1670 5144 1731 5197 nisi
1755 5144 1844 5199 Deum

122 5239 278 5292 testatem‘.>
293 5238 364 5308 quid
379 5239 468 5293 ardor
483 5239 637 5294 oculorum
652 5235 954 5307 nisisupernijudicii
1011 5237 1139 5291 timeret.
1153 5235 1302 5306 Scriptum
1318 5238 1364 5290 est
1378 5235 1455 5290 onim
1472 5235 1508 5290 dc
1522 5232 1757 5305 pulchritudine:
1774 5232 1842 5288 Fel-

30 5360 35 5367 ·
121 5327 229 5399 figurat
244 5330 411 5383 terrorem?
427 5327 545 5397 Esther,
562 5343 664 5399 regem
681 5325 851 5396 supradicto
867 5325 954 5379 modo
1009 5325 1061 5380 lar
1079 5325 1178 5397 pratia
1197 5332 1227 5380 et
1245 5341 1319 5379 vana
1335 5331 1381 5379 est
1394 5323 1598 5396 pulchritudo.-
1609 5321 1719 5376 mulier
1735 5322 1841 5378 timens

119 5415 233 5486 intuita,
259 5416 450 5488 expavefacta
475 5416 598 5485 cecidit3
629 5418 657 5469 et
685 5416 790 5484 anima,
809 5414 901 5469 Deum
925 5417 954 5468 et
1008 5410 1845 5486 Deumipsalarnlabitrrr(Pr·or.xxxi).DeSepiantiaau·

120 5504 252 5560 districta
279 5506 330 5560 Dei
348 5505 461 5577 judicia
477 5503 711 5573 contemplando,
736 5519 835 5558 coram
853 5503 952 5557 divina
1007 5507 1065 5558 lem
1079 5507 1106 5558 et
1122 5502 1294 5558 fortitudine
1310 5505 1338 5557 et
1354 5502 1466 5556 divitiis
1481 5501 1553 5555 dicit
1567 5499 1712 5556 Dominus
1735 5498 1843 5555 talibus

119 5594 491 5665 majestatecontremiscit.
500 5593 557 5649 Sed
568 5592 795 5660 resumatvires,
808 5592 884 5646 dona
892 5592 950 5646 sihi
1006 5592 1107 5647 verbis
1123 5608 1176 5663 per
1192 5591 1390 5647 Hieremiam:
1416 5591 1484 5647 lt'ou
1500 5589 1651 5662 glorietur
1675 5589 1802 5661 sapiens
1814 5590 1843 5643 in

117 5683 230 5756 collata,
243 5687 271 5739 et
282 5683 502 5741 consolationes
516 5682 610 5740 iactas
626 5681 794 5739 consideret
809 5685 838 5736 et
850 5682 947 5737 dicat:
1004 5682 1151 5754 sapientia
1161 5697 1224 5751 sua,
1236 5697 1290 5737 uec
1299 5679 1427 5737 fortisin
1437 5679 1686 5751 tortitudinesua,
1695 5677 1844 5735 necdives
