3796 6022
55 126 119 193 185
618 120 674 185 DE
695 116 837 187 ANIMA
858 114 988 181 masa
1008 112 1222 190 QUARTUS.

1684 98 1784 221 .„,

54 330 93 387 Et
107 329 179 403 quis
192 333 290 402 potest
305 329 456 386 charitatis
471 327 655 400 praeconium
671 324 813 399 congruis
828 338 892 378 ser·
906 297 936 359 Α
986 316 1167 372 Pnuunarm.
1182 312 1283 379 Qualis
1299 314 1345 368 est
1360 310 1520 369 internus?
1535 311 1582 367 val
1597 310 1669 384 quid
1682 310 1783 369 vidisti

56 420 198 476 monibus
220 419 392 491 explicare?
414 434 482 491 quae
505 433 559 472 acc
584 416 613 470 in
636 415 720 471 coelis
743 417 789 470 ast
811 411 890 481 sola,
951 403 1054 459 ineo‘?
1703 456 1709 463 ,

56 525 113 564 nee
129 509 159 563 in
173 512 251 564 terra
266 511 397 564 remanet
412 508 560 563 destituta.
577 507 608 560 ln
624 509 701 560 terra
716 504 804 558 babet
819 518 891 556 coa·
987 493 1136 547 Maronia.
1153 491 1290 546 lniernus
1307 491 1383 545 latus
1404 495 1449 545 est
1465 491 1530 545 sine
1547 506 1697 561 mensura,
1714 506 1786 561 pro-

56 598 228 653 tubaruium
241 599 414 668 amicorum,
430 599 460 651 ia
471 597 545 652 coelo
560 595 742 650 consortium
758 592 892 664 possidet
951 583 1061 637 fundus
1082 582 1146 636 siue
1170 581 1275 651 tundo,
1301 580 1407 650 plenus
1429 581 1533 634 ardore
1550 579 1784 651 incomparabili,

55 688 243 759 angelorum.
261 688 387 742 Laborat
409 687 439 743 in
461 687 581 755 mundo,
597 683 758 756 requiescit
772 683 803 736 in
818 681 889 735 Deo.
951 672 1056 743 plenus
1074 670 1165 725 satore
1183 669 1369 738 intolerabili,
1381 669 1488 739 plenus
1500 668 1601 724 dolore
1618 670 1785 726 innumera-

951 762 1012 815 bili.
1029 761 1072 814 lbi
1088 760 1222 829 miseria,
1245 758 1285 811 ibi
1301 758 1445 827 tenebrae,
1468 758 1509 812 ibi
1524 759 1597 812 ordo
1613 759 1722 828 nullus,
1740 757 1782 813 ibi

54 810 128 866 Car.
145 812 226 867 xltt.
242 813 287 868 De
303 813 461 868 interioris
472 812 600 867 bominis
611 810 744 865 custodia
756 807 892 863 babentia

86 915 147 972 per
161 903 290 958 virtutes
301 902 480 967 cardinales,
493 907 521 957 et
533 902 570 956 cle
582 903 688 955 timore
699 900 801 954 nuntio
811 913 892 952 rnor-

92 991 145 1059 tis‚
159 998 190 1046 et
200 993 355 1064 responsis
366 993 439 1064 ejas,
454 992 491 1047 de
502 991 614 1045 diaboli
625 990 745 1053 insulta,
759 995 787 1043 et
799 989 836 1043 dc
848 989 892 1041 in-

951 850 1058 905 hcrror
1072 854 1212 915 aternus,
1230 847 1269 900 ibi
1286 846 1364 902 nulla
1385 863 1456 917 spes
1478 847 1563 916 boni,
1580 846 1659 902 nulla
1675 848 1783 917 despe-

950 940 1023 994 ratio
1039 939 1117 992 mali.
1134 934 1236 993 Omnis
1260 936 1310 1007 qui
1332 939 1376 989 est
1403 935 1431 989 in
1456 951 1491 989 eo
1514 936 1574 990 odit
1589 952 1621 990 se
1638 939 1666 990 et
1680 951 1784 991 omncs

950 1029 1035 1082 alios.
1052 1027 1096 1082 lbi
1112 1026 1173 1081 vidi
1189 1026 1286 1080 omnia
1302 1040 1412 1096 genera
1423 1027 1644 1093 tormentorum,
1657 1039 1783 1095 quorum

90 1080 336 1135 ferriierueiatn:
352 1081 425 1135 Item
442 1079 596 1136 eonsilium
609 1080 749 1133 virtutum
766 1078 804 1132 ael
819 1093 891 1131 eva-

206 1170 211 1180 ,
310 1172 315 1180 ,
950 1117 1103 1170 minimum
1119 1119 1166 1170 cst
1184 1113 1282 1185 nrajus
1305 1113 1443 1167 omnibus
1468 1113 1515 1167 bis
1531 1113 1684 1168 tormentis
1700 1128 1784 1185 quie·

91 1169 184 1225 dente
199 1169 313 1225 inierat
328 1170 388 1224 mal
407 1212 412 1224 .

951 1222 1067 1278 cunque
1084 1206 1113 1259 in
1128 1205 1185 1259 hoc
1201 1203 1312 1258 saeculo
1333 1202 1397 1258 steri
1415 1206 1552 1273 possunt.
1573 1201 1620 1256 lbi
1635 1208 1680 1256 cst
1695 1202 1784 1256 iletns

90 1277 137 1331 Ad
161 1276 368 1332 insufflandum
393 1279 542 1333 iffiffl'iffl'is
570 1277 697 1332 hminis
727 1275 891 1331 ⁰⁰⁸²⁰dif¹m
951 1301 980 1350 et
996 1295 1112 1349 stridor
1127 1295 1258 1348 dentium
1274 1293 1490 1363 (libitinarii),
1504 1289 1785 1346 ibitransiturairi-

55 1365 202 1422 Dominus
219 1367 310 1422 lesus
326 1368 411 1423 talem
423 1368 647 1424 similitudinem
657 1367 737 1438 ponit
750 1382 755 1421 :
769 1366 830 1421 Hoc
843 1382 892 1419 au·
951 1401 1023 1457 &0¹⁵⁰
1034 1384 1144 1438 nivium
1157 1383 1193 1437 ap
1205 1382 1333 1437 calm-om
1345 1381 1457 1453 ignium
1469 1379 1623 1452 [nimium],
1635 1382 1664 1435 et
1674 1382 1786 1434 utrum.

55 1461 116 1510 tem
124 1456 234 1511 scitote
243 1459 376 1529 qircniam
385 1459 414 1512 si
421 1459 515 1513 sciret
521 1457 746 1530 paterfamilias
756 1472 809 1529 qna
819 1456 891 1508 bora
951 1490 1008 1545 que
1024 1473 1218 1527 ,molepabpffi
1236 1472 1279 1526 phi
1292 1487 1394 1526 Omnes
1408 1470 1622 1524 comburuntur
1632 1473 1660 1524 et
1675 1468 1785 1523 vermi.

55 1543 107 1599 fffl'
120 1547 248 1613 Veniret*
263 1548 403 1620 ‘'sfiliis'‘
416 1549 525 1621 utique,
539 1554 568 1602 ⁶²
580 1565 635 1602 '²⁰¹¹
647 1542 880 1617 3ῘΗ91ῬῙ·Ρ(-“ῙΤ(”Ῐ
882 1544 892 1595 Ῐ
950 1563 1008 1617 bus
1019 1562 1225 1629 corroduntur,
1237 1577 1290 1615 nec
1303 1563 1528 1615 consumuntur.
1539 1558 1654 1613 Verulis
1666 1573 1786 1631 quornm

54 1634 173 1689 ‘mmm
188 1652 269 1690 ⁸⁰3¹ss
284 1638 366 1701 (IM-
384 1636 758 1699 1(11)·Ρῑὶἳθῑ·ῑθῖθῗῑῑῐῐῑῑϋὸἷῧ
774 1633 890 1688 finimus
908 1618 935 1681 Β
952 1669 1008 1707 non
1019 1653 1154 1715 nioritur,
1172 1655 1201 1705 et
1217 1647 1676 1721 ipnisncne.vstinqnit11r(lsai.
1694 1646 1784 1718 axvi).

54 1731 154 1797 potest
170 1729 311 1803 intelligi,
335 1730 423 1803 eujus
445 1729 554 1785 familia
578 1731 637 1784 sint
653 1729 847 1801 cogitationes
864 1731 892 1782 et
952 1741 1039 1794 Nulla
1051 1740 1090 1794 ihi
1102 1756 1170 1809 mx,
1184 1739 1243 1793 nisi
1253 1755 1309 1807 πρ,
1323 1755 1367 1792 vae
1380 1738 1498 1807 habent,
1511 1739 1787 1807 vae50n3n1,101·10.

54 1820 891 1891 ¹1¹⁰¹¹180⁸¹l11112sensusqUO‘lueelflssfiOssflSilfflssexie·
953 1846 1002 1884 res
1034 1828 1169 1883 diabolici
1194 1830 1331 1898 torquent
1354 1827 1464 1897 pariter
1488 1830 1516 1880 et
1544 1828 1729 1897 torquentur,
1759 1826 1788 1879 et

54 1909 153 1964 riores
169 1926 257 1980 quum
275 1911 440 1966 interiores·
456 1909 528 1975 Quae
545 1909 652 1963 familia
669 1909 828 1963 lssstlviesss
846 1907 891 1960 1¹1·
954 1933 1056 1972 carum
1071 1933 1220 1987 nunquam
1236 1916 1304 1971 finis
1321 1916 1375 1968 erit
1390 1918 1440 1969 aut
1454 1915 1627 1969 remedium.
1645 1914 1725 1968 Talis
1741 1915 1788 1967 est

55 2000 114 2054 mis
135 2001 167 2054 et
188 2000 324 2070 petulans
348 2001 417 2069 crit,
443 2001 501 2054 nisi
524 1999 659 2070 ejusdem
681 2000 773 2069 patris
788 1998 892 2069 vigore
954 2007 1089 2062 inienuus
1106 2010 1133 2060 ct
1153 2005 1259 2059 millies
1275 2003 1370 2076 pejor,
1387 2008 1415 2059 et
1431 2004 1477 2059 hae
1494 2004 1554 2059 vidi
1578 2004 1607 2057 in
1623 2002 1740 2057 inferno
1757 2004 1787 2056 et

55 2089 187 2144 coercita
208 2093 235 2143 et
258 2089 401 2159 disposita
426 2089 523 2144 inerit.
550 2089 624 2143 Nam
650 2091 676 2143 si
697 2089 744 2143 vel
758 2104 893 2158 parumn
953 2097 1061 2152 millias
1079 2094 1189 2166 pejor-a,

56 2195 112 2234 sua
127 2178 330 2233 sollicitudine
345 2179 498 2249 torpuerit,
515 2180 582 2250 quis
597 2182 695 2248 potest
710 2179 808 2232 dicere
824 2193 894 2248 quo·
991 2187 1170 2240 Panassa-ia,
1189 2184 1278 2251 Deus,
1294 2182 1363 2253 qaid
1377 2182 1543 2237 iaciemus?
1560 2181 1655 2250 Nunc,
1668 2181 1787 2249 iratreS,

55 2268 145 2323 modo
160 2283 215 2339 per
231 2268 436 2338 cogitationes,
453 2267 541 2336 oculi.
558 2268 669 2339 lingua,
682 2284 781 2334 arms,
793 2271 820 2321 et
832 2283 892 2320 πε·
955 2276 1051 2331 auitae
1067 2273 1223 2329 consiliam
1239 2288 1347 2342 nicam,
1365 2275 1392 2326 et
1403 2273 1467 2326 date
1478 2274 1622 2325 vestrum.
1634 2271 1741 2325 Estote
1752 2267 1788 2322 a·

56 2363 119 2413 tera
134 2373 248 2429 organa
260 2357 464 2412 insolescente
476 2358 587 2413 Domus
603 2361 648 2412 est
660 2357 851 2415 conscientia.
864 2356 893 2410 in
955 2365 1047 2429 deles,
1063 2363 1236 2436 pra-temes,
1256 2368 1285 2416 nt
1306 2362 1426 2433 cipitata
1442 2362 1472 2415 m
1488 2359 1674 2415 orationibus
1684 2358 1790 2431 prora
1837 2399 1841 2408 .

56 2464 115 2518 qua
130 2450 217 2517 pater
227 2447 283 2500 iste
295 2447 431 2501 habitans
443 2447 601 2501 thesauros
612 2449 751 2502 vir-tatum
768 2462 893 2519 congre·
956 2455 1064 2509 dentes
1084 2453 1160 2507 barra
1183 2468 1239 2505 aon
1263 2456 1374 2505 taratara
1398 2468 1495 2505 eoram
1520 2451 1595 2515 Deo,
1622 2449 1677 2504 sed
1701 2447 1790 2503 etiam

57 2541 118 2609 gat,
130 2540 340 2607 propterquos
352 2553 388 2590 ue
404 2538 510 2591 domus
526 2535 690 2605 effodiatur,
707 2551 894 2606 summopere
956 2559 1054 2597 ernam
1070 2541 1238 2596 bominibus
1254 2540 1299 2605 (II
1313 2540 1380 2595 Cor.
1399 2546 1469 2608 vau).

57 2626 211 2698 vigilatur.
229 2624 289 2680 Fur
302 2628 399 2680 autem
415 2642 473 2681 non
489 2628 567 2681 unus
582 2629 642 2695 est,
662 2627 715 2681 sed
732 2626 895 2696 multiplex,
992 2633 1211 2687 Teuraassrrn.
1229 2630 1477 2702 Proeoccnpcmus
1493 2629 1598 2685 baciem
1614 2627 1679 2700 ejus
1694 2624 1790 2696 (Psal.

58 2717 128 2786 quia
143 2715 276 2786 singulis
298 2715 457 2770 virtutibus
479 2717 597 2787 singula
620 2709 689 2770 vitia
709 2716 895 2770 insidiantur.
957 2728 1047 2790 xcivt,
1063 2725 1118 2774 etc.
1132 2719 1236 2773 Sobrii
1251 2725 1347 2773 estote
1363 2722 1392 2773 et
1411 2717 1665 2789 vipilate(II'etr.
1677 2715 1718 2786 v),
1736 2717 1791 2769 etc.

58 2805 240 2875 Principalis
259 2808 357 2860 tamea
377 2805 425 2859 fur
440 2805 576 2860 diabolus
592 2804 774 2877 intelligitur.
791 2804 898 2859 Contra
994 2810 1171 2864 Foariranc.
1199 2809 1253 2862 Cui
1277 2808 1415 2863 resistite
1436 2808 1533 2862 btrtcs
1556 2807 1586 2860 ia
1607 2802 1791 2875 caetrata).

58 2911 149 2966 quem
166 2897 196 2948 et
210 2893 278 2964 ejus
301 2894 444 2949 satellites
468 2898 551 2965 pater
571 2895 665 2957 idean.
686 2895 710 2947 si
728 2898 825 2949 tamen
840 2910 898 2948 non
960 2897 1171 2954 Conicrlamini
1191 2897 1220 2950 in
1243 2898 1382 2966 llomino,
1408 2896 1519 2950 induite
1540 2910 1595 2948 vcs
1615 2896 1794 2949 armaturam

58 2983 224 3056 negligens
240 2982 343 3052 tuerit,
360 2983 479 3038 domum
499 2999 583 3038 suam
600 2983 667 3038 torti
683 2984 817 3038 custodia
833 2999 899 3036 ma·
962 2989 1024 3056 Dei,
1036 2987 1158 3040 loricam
1171 2985 1305 3057 justitia,
1319 2989 1436 3038 scutum
1452 2983 1530 3053 fidei,
1546 2983 1660 3055 galeam
1676 2981 1792 3036 salutis.

59 3074 160 3141 niens,
177 3072 362 3142 prudentiam
379 3073 409 3126 in
428 3073 523 3144 primo
543 3073 622 3127 aditu
644 3073 816 3140 constituat,
833 3089 899 3143 quaa
961 3076 1112 3130 Assaarite
1137 3077 1164 3128 et
1189 3075 1319 3145 gladium
1340 3073 1478 3144 spiritus,
1503 3070 1582 3144 quod
1605 3073 1650 3125 est
1669 3069 1793 3124 verbum

60 3162 197 3216 dicernat
221 3161 292 3232 quid
322 3162 360 3216 sit
387 3162 613 3227 admittendum,
639 3162 709 3233 quid
734 3162 899 3231 vitandum,
962 3166 1013 3220 Dei
1028 3164 1151 3235 (lipbcs.
1172 3165 1223 3221 vil.

61 3252 132 3323 quid
149 3250 380 3306 excludendum.
402 3251 496 3305 Secus
520 3251 596 3305 hanc
616 3250 756 3306 fortitudo
776 3251 899 3320 locetur,
997 3255 1138 3308 luseram.
1152 3252 1271 3318 Sobrie,
1284 3252 1409 3325 ctjaste,
1424 3257 1452 3306 et
1460 3251 1511 3323 pie
1524 3249 1657 3304 vivamus
1667 3245 1739 3318 (Tit.
1752 3244 1793 3315 a).

62 3344 93 3395 ut
107 3341 227 3408 hosteS,
243 3356 320 3410 quos
335 3341 489 3411 prudentia
510 3340 611 3395 venire
634 3341 828 3409 nuntiaverit,
852 3357 900 3394 re·
961 3344 1066 3399 Sobria
1081 3343 1110 3396 in
1126 3343 1223 3410 nobis,
1237 3341 1319 3413 jaste
1335 3342 1369 3394 ad
1387 3341 1564 3411 proximum,
1581 3339 1628 3409 pie
1643 3336 1679 3391 ad
1691 3336 1793 3391 Deum.

62 3423 164 3500 pellat.
183 3429 302 3483 lustitia
319 3429 464 3484 sedentia
481 3430 593 3498 medio,
609 3431 641 3484 ut
656 3446 710 3484 sua
725 3430 832 3501 cuique
848 3431 901 3484 tri·
962 3433 996 3487 Et
1013 3432 1089 3503 quod
1107 3432 1194 3486 nobis
1210 3431 1274 3486 ficri
1290 3432 1441 3499 nolumus,
1467 3429 1533 3483 aliis
1555 3443 1614 3482 non
1635 3425 1793 3493 iaciamus,

64 3519 145 3574 buat.
163 3518 200 3572 Et
215 3519 285 3588 quia
301 3535 357 3590 qua
380 3519 452 3573 bora
474 3518 522 3573 l'ur
544 3519 583 3572 sit
597 3523 742 3574 venturus
758 3521 901 3589 uescitur,
962 3522 1018 3576 boc
1035 3522 1112 3576 enim
1125 3520 1240 3592 justum
1259 3524 1314 3575 cst.

66 3608 145 3662 omni
161 3607 237 3662 hora
248 3608 393 3677 timeatur,
405 3611 433 3662 ct
443 3623 480 3662 ne
491 3624 615 3662 somnus
627 3610 738 3679 peccati
749 3609 900 3680 subrepat,¹
963 3610 1032 3665 Cae.
1051 3611 1129 3664 xlv.
1146 3608 1190 3664 lle
1206 3610 1335 3665 sacrando
1350 3609 1460 3675 nuntie,
1476 3607 1525 3680 qni
1542 3611 1587 3662 est
1604 3620 1686 3660 antor
1701 3608 1730 3658 et
1746 3602 1796 3657 de·

66 3698 192 3752 assidue
207 3696 389 3768 vigilandum
405 3700 460 3752 est.
479 3697 532 3751 llis
549 3698 586 3751 ita
602 3698 757 3768 dispositis
772 3697 903 3753 introclu-

66 3803 134 3842 cere
150 3787 240 3842 debet
259 3786 413 3858 prudentia
435 3786 551 3858 aliquos
573 3786 708 3856 nuntios,
734 3787 784 3858 qui
805 3788 904 3858 aliqua

66 3879 190 3931 narrent
218 3892 285 3948 quae
312 3876 349 3930 ad
378 3875 618 3931 exercitationem
646 3877 772 3931 valeant.
802 3877 903 3948 ltaque

65 3966 192 4020 nuntius
219 3965 323 4020 mortis
348 3965 520 4037 ingressum
548 3965 702 4036 postulans
732 3965 902 4020 admittitur.

70 4052 126 4119 Qui
147 4056 274 4127 rogatus
297 4057 329 4108 ut
352 4053 430 4108 dieat
453 4054 504 4124 qui
528 4055 581 4124 sit,
606 4055 683 4108 uude
706 4054 817 4124 veniat,
835 4055 905 4125 quid

71 4144 191 4213 viderit,
203 4158 237 4198 se
248 4143 400 4215 respondit
410 4159 470 4198 non
481 4142 565 4198 aliter
576 4143 734 4214 quidquam
747 4144 903 4213 dicturum,

70 4232 129 4287 nisi
145 4248 296 4287 summum
312 4232 361 4287 ilat
376 4231 535 4287 silentium.
551 4231 614 4298 Quo
630 4233 782 4303 impetrato
798 4233 842 4287 sic
859 4233 905 4286 ia·
921 4260 948 4322 D

68 4322 157 4393 cipit:
175 4320 242 4394 Ego
257 4337 324 4377 sum
338 4321 425 4376 timor
441 4321 555 4389 mortis,
571 4325 599 4376 ct
615 4324 737 4377 mortem
753 4321 840 4376 vobis
855 4337 905 4376 ve·

70 4411 134 4466 nire
151 4410 265 4466 nuntio.
282 4410 440 4465 Prudentia
451 4411 581 4481 loquitur
590 4427 644 4482 pro
656 4411 804 4481 cinnibus,
817 4415 844 4465 ct
859 4411 905 4465 in-

70 4504 203 4573 terrogat
219 4500 264 4555 sio
279 4500 399 4555 dicens:
421 4500 480 4555 Ubi
495 4506 541 4555 cst
556 4499 657 4555 iners?

105 4590 249 4645 Maricam
270 4605 386 4644 nonnis.
411 4588 479 4644 Scio
504 4591 574 4661 quia
598 4606 656 4644 non
679 4590 773 4644 tardat
787 4590 904 4653 venire,

68 4681 97 4732 et
116 4693 211 4748 propa
231 4680 285 4732 ast.
310 4677 367 4733 Sed
392 4677 469 4733 diem
495 4681 523 4733 et
546 4678 649 4733 horam
672 4679 816 4733 adventus
837 4677 904 4749 ejus

68 4783 126 4839 ego
145 4767 261 4823 neseio.

101 4855 287 4912 Pnunssrm.
304 4855 338 4911 nt
355 4858 404 4928 qui
422 4858 543 4912 veniunt
558 4873 625 4912 cum
640 4857 713 4911 illa‘?

102 4944 255 5000 blancam.
272 4945 350 5001 Mille
372 4946 523 5001 demones
546 4946 676 5001 terentes
693 4962 794 4999 secum
811 4945 904 5000 libros

66 5035 212 5107 grandes,
229 5038 257 5088 et
272 5051 366 5089 uncos
383 5035 497 5090 ferreos
514 5041 541 5090 ct
558 5035 662 5107 igneas
678 5038 808 5090 catenas,

101 5123 287 5178 Paunnsvm.
303 5122 377 5188 Quid
393 5125 578 5194 praetendunt
594 5124 641 5179 his
656 5124 794 5178 omnibus
805 5125 818 5177 ἱ)

101 5213 255 5267 Maricam.
269 5212 396 5266 inlibris
409 5214 518 5283 scripta
529 5215 599 5267 sant
609 5213 705 5266 omnia
717 5216 835 5282 peccata
848 5212 902 5266 bo·

66 5303 192 5369 minum,
204 5306 232 5355 at
244 5317 368 5372 quorum
378 5302 487 5356 ibidem
496 5307 616 5373 peccata
625 5303 734 5372 scripta
744 5304 822 5363 sunt,
837 5302 902 5355 illos

66 5390 112 5445 sui
122 5405 195 5445 esse
204 5389 305 5444 dicunt
311 5389 400 5460 juris
415 5390 515 5445 linces
528 5391 635 5459 ierunt,
645 5395 676 5444 ut
687 5407 762 5461 quos
775 5391 821 5445 sui
834 5405 902 5444 csse

63 5479 143 5548 jucis
160 5479 361 5548 convicerint,
382 5495 484 5534 eorum
506 5480 620 5534 animas
644 5480 788 5535 violenter
802 5482 901 5533 extra-

66 5568 135 5625 bant
152 5572 182 5624 et
197 5569 304 5642 ligatas
322 5569 434 5625 catenis
449 5569 478 5624 ia
495 5569 642 5625 internum
658 5569 836 5640 pertrabant.

999 3699 1145 3754 siderium
1161 3706 1287 3754 ceteram
1305 3699 1387 3763 vitm,
1411 3702 1440 3751 et
1460 3696 1497 3751 ele
1512 3694 1631 3768 paudiis
1647 3698 1675 3748 ct
1690 3689 1798 3748 incolis

1000 3786 1068 3844 coeI‘
1081 3806 1138 3860 per
1153 3805 1217 3843 enm
1234 3787 1407 3842 enuntiatis

1213 3893 1378 3932 annonaria
1393 3890 1546 3936 cocunea.

1000 3966 1084 4020 Alius
1101 3966 1221 4021 nuntius
1238 3966 1317 4021 venit
1332 3964 1456 4037 pulcher
1473 3967 1501 4019 et
1516 3962 1635 4032 hilaris,
1652 3959 1701 4032 qui
1716 3958 1797 4014 vide-

963 4059 1011 4109 tur
1026 4055 1115 4110 allero
1131 4055 1219 4110 bona.

1001 4145 1141 4199 luscinis.
1166 4145 1356 4216 Admittatur,
1388 4143 1512 4198 forsitan
1542 4157 1597 4197 nos
1626 4134 1797 4195 laetificabit.

965 4250 1031 4288 nam
1047 4235 1102 4288 iste
1117 4235 1199 4305 prior
1214 4234 1317 4288 terruit
1332 4249 1398 4288 uos.

1000 4322 1182 4378 Paenunrra.
1195 4323 1361 4377 Admittam.
1373 4321 1532 4393 Ingredere
1544 4318 1647 4390 etquis
1656 4316 1710 4385 sis,
1720 4314 1798 4370 uado

965 4411 1078 4481 venias,
1097 4412 1168 4483 quid
1183 4412 1295 4467 videris
1311 4411 1427 4466 edicito.

1000 4500 1143 4555 anrrus.
1165 4500 1229 4573 Ego
1254 4517 1321 4555 sum
1346 4516 1428 4553 amor
1448 4498 1516 4552 vitae
1537 4500 1655 4550 aetcrnae
1676 4495 1704 4549 ct
1719 4491 1798 4547 desi-

964 4589 1077 4644 derium
1094 4590 1226 4644 coelestis
1243 4589 1355 4660 patriae.
1373 4588 1403 4642 Si
1420 4603 1465 4641 me
1481 4586 1570 4640 vultis
1581 4583 1694 4652 audire,
1707 4581 1798 4637 silea·

963 4678 1035 4732 tium
1052 4682 1079 4732 et
1095 4679 1223 4750 quietem
1244 4677 1366 4746 babcto;
1388 4691 1446 4729 non
1467 4675 1544 4730 euim
1561 4674 1636 4729 inter
1650 4672 1797 4728 clamores

963 4771 990 4820 ct
1005 4767 1147 4820 tumultus
1163 4766 1258 4820 audiri
1273 4780 1407 4836 possum.

999 4856 1140 4909 tesana.
1162 4855 1274 4922 Sinos,
1293 4855 1360 4909 dum
1380 4854 1469 4909 timor
1490 4857 1517 4908 et
1536 4853 1677 4908 memoria
1693 4851 1797 4908 mortis

963 4945 1142 5016 loqueretur,
1167 4945 1328 5014 tacuimus,
1352 4943 1467 5016 justum
1492 4946 1538 4999 est
1560 4947 1591 4999 ut
1611 4948 1638 4997 le
1659 4942 1796 5013 loquente

963 5035 1053 5088 multo
1070 5035 1165 5106 inagis
1182 5038 1342 5089 taceamus.

999 5124 1182 5179 llasraaamu
1199 5142 1274 5178 virm
1291 5141 1432 5178 manaan.
1452 5123 1559 5177 Taeeto
1580 5137 1663 5194 ergo.
1681 5120 1748 5175 Vidi
1769 5123 1797 5174 ta

962 5211 1010 5281 lia,
1028 5229 1093 5282 quw
1111 5214 1210 5268 nullus
1222 5213 1373 5268 bominum
1384 5214 1481 5283 potest
1491 5212 1580 5283 <ligne
1591 5210 1681 5281 loqui.
1694 5210 1796 5263 Dicam

962 5305 1058 5355 tamea
1074 5303 1199 5374 aliquid,
1216 5308 1303 5373 prout
1324 5307 1436 5372 potero.
1454 5302 1520 5355 Vidi
1543 5301 1650 5367 Deum,
1673 5297 1726 5351 scd
1741 5312 1794 5367 por

961 5391 1115 5460 speculam
1127 5396 1153 5445 et
1166 5393 1194 5445 in
1206 5392 1362 5463 enigmate.
1375 5389 1596 5459 Contemplatus
1609 5387 1686 5440 illam
1698 5383 1796 5439 incisa·

961 5479 1049 5533 bilem
1060 5481 1218 5535 individuae
1227 5481 1378 5535 Trinitatis
1388 5480 1573 5550 majestatem
1585 5474 1666 5529 initio
1677 5474 1794 5545 bneque

960 5572 1118 5626 carentem.
1135 5571 1195 5626 Sed
1215 5570 1287 5642 quia
1305 5570 1410 5624 lucem
1425 5568 1548 5623 lialiitat
1561 5561 1826 5620 inaccessbibcm
