3796 6022
394 290 452 355 DE
472 289 654 356 oltricus
674 288 1028 356 ECCLESIASTICIS.
1052 326 1089 340 ·-
1111 291 1193 356 ms.
1213 292 1254 358 11.
1622 290 1684 361 4ss

60 491 284 563 ¹llesponsorio:
298 492 338 547 Tu
352 509 386 548 es
396 493 486 564 Deus,
500 509 548 564 qm
560 491 792 547 tacismirabllia
808 466 837 528 Α
852 493 889 548 ad
905 493 981 548 hanc
995 493 1073 550 diem
1087 493 1179 549 missa
1191 495 1357 551 celebratur
1371 495 1443 551 hora
1458 496 1543 552 tertia
1560 512 1567 566 3
1583 497 1614 551 in
1628 497 1684 552 hac

70 581 344 654 uxxrrlsstiterum:
361 581 548 636 Liberastiiu
558 580 793 653 brachiotuopo-
851 586 880 637 et
895 583 1036 654 dienceps
1052 585 1194 655 usquead
1218 584 1343 653 Pascha,
1372 585 1505 656 exceptis
1520 584 1683 641 Dominicis

71 677 152 726 tuum
166 670 266 740 (ibid.)
278 671 402 726 Tractus
414 670 548 741 praecipit
563 672 595 725 ut
610 671 671 724 Deo
686 670 796 725 servia·
850 671 967 740 diebus,
984 672 1057 727 hora
1072 688 1158 728 nona.
1171 672 1274 742 Opinio
1286 677 1333 728 est
1347 672 1513 744 sliquomm
1527 677 1681 745 propterea

60 758 794 830 oneicuinosipsosrcndidimusdnSexagesimn
849 759 905 815 hac
921 760 967 815 die
982 761 1117 815 inchoari
1145 762 1402 834 quadragesimale
1428 761 1587 834 jejunium,
1613 762 1681 833 quia

60 848 609 919 avimus‚inQuinquagesimatructum
625 846 794 919 colligimus
849 849 1010 905 subtractis
1026 850 1132 905 diebus
1145 850 1316 920 Dominicis,
1327 868 1365 905 xi.
1380 855 1492 905 tantum
1507 851 1571 905 diss
1588 853 1681 905 sunta
1746 852 1749 861 “

60 937 177 1011 ingelio.
188 938 251 991 Nos
268 939 345 992 onim
355 953 459 990 sumus
471 952 571 991 caecus
587 937 636 991 ille
653 937 703 1007 qui
714 936 793 1007 quod
849 942 1010 994 memorata
1021 938 1094 994 teria
1109 955 1206 1009 usque
1221 940 1256 992 ad
1268 939 1439 993 Sabbatum.
1456 939 1510 994 Est
1522 943 1619 994 autam
1636 938 1681 993 alo

60 1027 271 1097 rpostulavita
297 1027 420 1080 Domino
451 1026 573 1096 accepit.
605 1026 679 1079 Tres
695 1025 793 1097 itaque
848 1028 921 1081 ratio
938 1027 1681 1100 etlortassevalidior.SequidemjeJunandolabo·

60 1130 71 1169 s
86 1115 207 1170 nolendi
222 1119 292 1169 sunt
306 1116 336 1169 in
345 1115 496 1169 bisti-ibus
508 1114 681 1169 Dominicis.
695 1114 793 1169 Prima
847 1131 958 1185 ramus,
974 1122 1006 1172 ut
1020 1117 1162 1187 nosipsos
1176 1116 1316 1186 templum
1328 1117 1452 1170 Domino
1463 1117 1499 1170 ad
1515 1116 1680 1171 inhabitan-

60 1203 792 1275 ricaplanctumcontinetcaptivorumsuhdominio
846 1204 915 1259 dum
930 1221 1142 1276 praeparemus.
1159 1205 1243 1259 Unde
1255 1219 1289 1261 eo
1305 1205 1419 1260 dierum
1434 1221 1555 1260 numero
1574 1221 1590 1259 a
1606 1221 1679 1260 con·

60 1309 97 1348 un
110 1309 180 1348 esse
191 1293 361 1349 nolentium.
373 1293 510 1348 Secunda
517 1293 697 1347 voluntatem
712 1291 792 1364 lugia
846 1295 941 1349 suetis
956 1294 1090 1349 ciborum
1101 1293 1546 1363 delectationibusabstinemus,
1564 1308 1679 1364 quosn-

60 1384 150 1452 istrat,
167 1383 235 1437 dum
252 1383 407 1437 Dominum
422 1382 581 1437 dormitare
604 1383 706 1452 pruteni
720 1396 792 1436 non·
847 1399 952 1438 norum
967 1399 1090 1438 numero
1106 1383 1247 1454 templum
1276 1383 1306 1437 in
1322 1381 1488 1437 Jerusalem
1504 1381 1679 1436 aedillcatum

61 1486 79 1526 e
95 1471 792 1543 ejusauxiliosecuristdicuut:Exsurpequare
846 1475 901 1541 est,
919 1471 1046 1526 scillicet
1061 1472 1394 1542 x1.v1.Caeptaesteuim
1409 1471 1564 1525 mditlcatio
1579 1470 1679 1541 templi

60 1560 119 1624 mis,
136 1560 259 1615 Domiue
272 1560 387 1631 thsal.
401 1559 583 1630 xarrrlouasi:
601 1559 667 1613 Nisi
683 1574 791 1614 exsur-
846 1561 941 1630 primo
955 1560 1024 1632 Cyri
1035 1561 1127 1632 regis,
1145 1565 1172 1616 et
1188 1565 1274 1616 sexto
1289 1560 1368 1614 Darii
1384 1576 1461 1615 anno
1476 1564 1678 1614 consummata

60 1646 275 1718 rilusrisnobis,
289 1649 554 1721 fugiemusl'artia
564 1647 716 1703 [lominica
725 1663 792 1702 con·
846 1649 902 1715 Qui
916 1653 985 1705 sunt
995 1651 1062 1705 anni
1076 1649 1160 1721 juxta
1174 1650 1262 1704 lldem
1272 1649 1487 1704 chronicorum
1497 1665 1565 1718 xcv,
1582 1648 1678 1720 siqui-

72 1738 289 1811 agitquomodo
306 1755 339 1794 se
356 1740 506 1806 muniant;
521 1739 620 1810 inqua
634 1738 791 1792 Dominum
847 1740 914 1794 dem
928 1740 1023 1810 Cyrus
1039 1739 1275 1811 regnavitannos
1290 1755 1362 1793 xxx.
1370 1738 1441 1792 Post
1455 1753 1543 1809 quem
1553 1736 1678 1808 Camby-

60 1827 788 1899 mtanquumdormientemalloquunturdicentes,
806 1808 833 1870 Β
848 1844 899 1883 ses
910 1828 989 1883 illius
1004 1828 1071 1900 ejus
1086 1843 1182 1882 annos
1193 1844 1253 1882 vm.
1266 1827 1338 1882 Post
1353 1843 1441 1898 quem
1452 1826 1530 1900 Magi
1546 1827 1595 1898 qui
1611 1841 1678 1881 eum

60 1916 121 1971 nihi
134 1917 165 1970 iu
180 1917 272 1972 Deum
285 1924 485 1988 protectorem
500 1916 595 1983 (Psal.
612 1918 697 1987 xxx.)
847 1918 1068 1986 interfecerunt,
1079 1933 1157 1972 anno
1172 1932 1241 1972 uno.
1267 1916 1339 1971 Post
1353 1931 1429 1987 quos
1459 1915 1566 1970 Darius
1581 1930 1676 1986 usque

135 2008 204 2061 ilar.
219 2006 297 2060 xlll.
314 2007 359 2061 De
371 2006 613 2079 Quadrapesima.
844 2008 881 2062 ad
897 2007 1180 2063 consummationem
1195 2006 1295 2076 templi
1309 2020 1404 2059 anuos
1419 2019 1473 2059 sex
1489 2004 1539 2076 qui
1555 2006 1634 2071 suut,
1647 2006 1677 2056 ut

60 2093 234 2167 dragesima,
252 2112 319 2166 quae
331 2101 473 2168 sequente
499 2095 651 2150 Dominio-a
677 2094 788 2165 incipit,
844 2096 974 2152 diximus
989 2112 1048 2150 xnv
1062 2096 1182 2150 annila
1198 2094 1455 2165 evangelioautem
1472 2090 1676 2146 inveniturdu-

78 2183 151 2239 teria
166 2187 340 2254 quartaaute
350 2185 474 2250 Pascha,
490 2201 557 2255 quaa
573 2188 695 2239 vocatur
706 2198 790 2238 amna
843 2187 919 2242 daris
934 2185 1102 2241 dicentibus
1115 2183 1333 2256 :Quadrapinta
1345 2187 1374 2236 et
1381 2181 1530 2236 sexennis
1542 2177 1672 2235 aedifica-

60 2272 84 2328 i.
100 2273 155 2327 His
171 2291 209 2327 xn
223 2273 329 2329 diebus
341 2271 788 2345 siduossequentesaddideriS,
846 2281 946 2331 tumet
962 2274 1099 2348 templum
1120 2275 1174 2329 hoc
1201 2272 1296 2340 (toan.
1323 2272 1366 2340 u),
1391 2284 1458 2324 cum
1472 2284 1532 2323 non
1545 2268 1673 2338 amplius

60 2377 151 2434 usque
179 2363 215 2417 ad
240 2363 373 2419 solemne
393 2363 539 2434 baptisma
564 2361 790 2417 dissumulat
843 2381 931 2438 quam
946 2382 1004 2420 xnv
1028 2363 1221 2436 reperiantur.
1243 2361 1301 2417 Sed
1317 2361 1343 2415 si
1368 2358 1521 2415 historiam
1550 2356 1675 2427 losephi

60 2452 307 2507 tensionibustllii
319 2452 410 2506 lsrael
420 2452 618 2522 pervenerunt
628 2450 664 2504 ad
680 2452 789 2504 terram
843 2469 1013 2526 aequamur,
1029 2453 1060 2508 in
1070 2468 1127 2524 qua
1136 2455 1205 2523 post
1213 2449 1496 2506 consummationem
1503 2445 1603 2516 templi
1612 2448 1674 2500 tres

60 2540 326 2597 saionisTotetiam
334 2541 556 2613 generationum
573 2538 789 2610 computatione
842 2543 939 2598 adhuc
952 2558 1047 2598 annos
1063 2541 1152 2610 addit,
1170 2541 1198 2595 in
1213 2537 1491 2612 quibusperibolus,
1508 2534 1597 2590 idest
1613 2532 1674 2588 cir·

60 2630 165 2702 ingelio
181 2631 310 2685 Matthaei
326 2631 498 2701 pervenitur
509 2630 546 2683 ud
558 2628 719 2697 Christum,
737 2628 788 2683 Je·
843 2648 910 2686 cum
925 2631 1020 2703 posita
1035 2629 1343 2702 templomunitionum
1351 2624 1542 2696 constructio,
1556 2627 1584 2678 et
1594 2639 1676 2695 quoe·

60 2719 120 2774 bis
130 2725 305 2793 computato.
319 2721 352 2774 ln
361 2719 594 2793 Quadragesima
605 2718 730 2772 viriliter
739 2732 791 2787 pu·
843 2722 909 2775 dam
924 2720 980 2776 alia
992 2737 1058 2793 quae
1070 2720 1273 2776 remanserant
1282 2715 1412 2788 perlecta
1421 2717 1498 2780 sunt,
1506 2713 1675 2768 videbimus

60 2807 158 2864 busse
176 2809 226 2864 Dei
236 2809 382 2882 adjutorio
394 2808 633 2881 praesumendum
643 2806 789 2862 ast.Uude
843 2811 922 2881 quod
943 2813 1023 2866 recte
1051 2809 1081 2865 in
1104 2807 1297 2864 aedillcatione
1325 2803 1425 2875 templi
1449 2820 1517 2858 xcvi
1532 2817 1676 2857 annorum

60 2898 136 2954 robis
156 2916 243 2971 quem
271 2901 300 2955 in
324 2901 576 2973 Quinquagesima
591 2902 790 2971 protectorem
843 2900 950 2970 poterit
965 2914 1080 2956 summa
1095 2894 1413 2969 computariinquibus
1428 2893 1622 2947 eminentiora
1636 2907 1676 2944 aa·

62 2987 161 3043 vimus
178 3005 184 3043 :
203 2989 356 3045 invocavit
371 3006 418 3044 me
432 2995 461 3045 et
477 3005 530 3060 epo
546 2988 701 3044 exaudiam
712 3003 788 3042 eum.
844 2990 941 3044 dificia
956 2988 1076 3044 luerunt
1090 2987 1243 3057 completa.
1261 2984 1347 3038 Nulla
1355 2983 1386 3037 in
1401 2982 1500 3038 officio
1514 2981 1617 3034 missae
1632 2981 1679 3033 est

60 3077 148 3133 istola
159 3079 261 3149 prima:
274 3079 415 3150 Tempore
424 3084 544 3150 accepto
558 3077 700 3133 exaudivi
712 3082 749 3140 te,
760 3081 789 3131 at
805 3080 972 3178 cuarietas
988 3094 1004 3133 a
1019 3078 1066 3132 die
1081 3077 1202 3148 praefata
1212 3088 1307 3145 usque
1322 3072 1358 3125 ad
1374 3073 1487 3143 quartas
1503 3067 1675 3139 septimanae

68 3166 177 3222 salutis
192 3168 294 3240 adjuvi
309 3168 387 3237 tell!
397 3167 510 3237 Corui)
522 3167 553 3222 ln
563 3166 787 3237 llesponsorio:
845 3171 948 3227 leriam
963 3173 1106 3242 quartam.

60 3255 68 3309 i
80 3255 607 3321 Domini,costodiautnoslnl’ractu:
617 3255 707 3310 Scuto
716 3255 793 3309 veri·
844 3261 914 3316 cap,
929 3259 995 3315 xv,
1015 3256 1415 3326 Qp3p0301wmjpmq03pta
1431 3244 1614 3305 hebdomada
1625 3259 1676 3300 ορ.

60 3345 220 3400 ircumdati
230 3347 381 3401 seturnaln
392 3347 553 3419 Evangelio
569 3346 605 3400 ad
612 3345 792 3415 triumphum
1058 3347 1194 3402 lebretur
1211 3351 1241 3401 et
1256 3344 1334 3399 teria
1347 3348 1460 3415 quarta.

60 3451 105 3490 ms
120 3439 152 3490 ut
164 3436 297 3490 dicamus
313 3436 452 3491 inimico:
471 3435 550 3490 Vade
560 3441 653 3499 retro,
668 3433 790 3488 Satara.
880 3440 912 3494 ln
923 3441 1026 3511 quarta
1037 3431 1427 3508 seriaquartaelrebdomadae
1437 3424 1675 3502 quadragesim

63 3528 110 3579 cat
138 3528 235 3580 autern
256 3526 512 3598 quadragenarius
541 3541 683 3580 uumerus
698 3527 791 3578 totum
843 3529 977 3584 solemne
1000 3526 1176 3582 scrutinium
1205 3523 1372 3580 celebratur
1400 3519 1478 3592 quod
1499 3519 1546 3572 est
1567 3513 1687 3571 iterad

60 3614 156 3668 avitae
177 3619 297 3679 nostrae,
315 3614 646 3686 propterquutuorunni
657 3618 790 3684 tempora
842 3618 1032 3689 baptismum.
1049 3608 1570 3684 lnhacbapliaandicathechizantur.
1587 3602 1674 3659 Cate-

60 3703 211 3773 tvivimus,
222 3704 268 3758 vel
283 3708 404 3775 propter
417 3708 543 3776 quatuor
559 3705 790 3774 elementa,quo·
843 3707 977 3762 chismus
992 3709 1089 3761 autem
1109 3703 1256 3774 duplicem
1280 3701 1409 3757 continet
1438 3694 1671 3755 instructionem,

60 3840 62 3846 ,
77 3793 166 3848 nobis
182 3794 339 3848 concordia
355 3793 493 3847 vivimus.
523 3793 670 3858 Quaeritur
691 3795 789 3848 autem
843 3796 956 3852 scilicet
970 3795 1007 3850 ds
1023 3795 1079 3849 tide
1091 3797 1119 3849 et
1127 3793 1164 3848 de
1173 3792 1316 3848 moribus.
1330 3789 1415 3844 Unde
1429 3787 1458 3842 in
1473 3786 1566 3840 missa
1580 3780 1674 3852 prima

60 3883 169 3938 »minus
186 3883 243 3938 cito
259 3888 327 3955 post
346 3884 525 3952 baptismum
538 3882 686 3954 jejunium
701 3898 789 3937 suum
842 3886 992 3953 Lectione,
1010 3900 1076 3954 quae
1091 3881 1255 3937 secundum
1268 3877 1452 3934 Ezechielem
1467 3874 1584 3945 legitur,
1596 3884 1675 3923 mon·

60 3973 155 4040 :varit,
167 3971 788 4045 curnosquadragesimalejejuniumquod
843 3978 953 4030 stratur
967 3971 1353 4045 quomodocatschumenos
1369 3965 1541 4036 congreget.
1549 3957 1673 4016 Deusad

60 4076 81 4115 ts
96 4063 405 4117 commemorationem
421 4062 617 4130 celebramus,
636 4077 732 4133 usque
752 4060 788 4114 ad
842 4077 1016 4135 compagem
1031 4061 1167 4132 corporis
1182 4058 1303 4127 Christi,
1319 4055 1477 4127 cripiensa
1489 4051 1587 4123 priore
1601 4047 1671 4114 vita,

60 4149 218 4204 sPassioni
228 4150 713 4223 Christicontiguumdilleramus?
724 4151 789 4206 Hoc
841 4157 871 4208 et
885 4152 999 4207 iaciens
1014 4152 1136 4206 credero
1160 4151 1190 4204 in
1205 4148 1365 4203 Christum.
1396 4144 1446 4200 Sic
1471 4142 1550 4197 enim
1564 4137 1674 4210 legitur

66 4238 134 4294 idco
149 4240 181 4294 tlt
192 4242 222 4293 ut
236 4239 537 4312 per-Quadragesimae
549 4240 788 4296 observationem
840 4240 1009 4298 ibizTollam
1018 4240 1113 4296 vosde
1121 4238 1262 4312 pentibus
1270 4243 1300 4293 et
1310 4231 1499 4308 conprepabo
1507 4228 1600 4285 vosde
1610 4225 1673 4280 uni·

60 4326 222 4382 ciliciamur
232 4329 329 4383 idonei
340 4330 374 4382 ud
387 4327 536 4398 paschalis
546 4327 788 4400 Agnicomestio·
844 4331 943 4387 versis
958 4328 1244 4398 terris‚otndducam
1261 4342 1312 4382 vos
1327 4326 1359 4379 in
1375 4329 1488 4378 terram
1501 4319 1674 4380 vestrumst

60 4432 131 4488 :uem
146 4417 196 4488 qui
211 4417 640 4489 indiquesuscipit,secuudum
657 4420 786 4488 Aposto·
801 4426 828 4487 D
843 4419 1257 4491 effundamsupervosaquam
1267 4414 1412 4476 mundam,
1421 4403 1672 4466 etmundahimini

60 4505 182 4561 adiciam
201 4506 397 4561 damnationis
416 4505 478 4560 sibl
492 4506 641 4560 mendicat
662 4513 691 4561 et
706 4507 785 4562 bibit
842 4507 1020 4565 abomm'bns
1034 4503 1400 4580 inquinamelisvestrlset
1411 4493 1673 4556 obuniversisido

60 4634 66 4648 .
82 4596 124 4663 ιι).
841 4599 881 4654 lis
890 4595 1156 4654 vestrismurrdaho
1165 4598 1260 4650 vomet
1270 4591 1346 4647 dabo
1355 4589 1497 4645 vobiscor
1508 4599 1615 4639 norum
1624 4586 1671 4635 etc

76 4678 155 4738 XIV.
174 4685 218 4739 Da
234 4684 337 4756 Capite
346 4684 459 4757 jejunii
470 4685 747 4756 quadrupesimalr's.
838 4684 1165 4757 (Ezech.xxxvr).Quod
1177 4682 1376 4751 Hieronymus
1384 4671 1670 4746 sicsupereumdem

60 4775 98 4827 rta
119 4772 191 4827 laria
220 4774 592 4846 interQuinquagesimam
608 4777 636 4829 et
652 4773 784 4840 Quadra·
842 4775 1028 4832 Ezechielem
1043 4773 1186 4845 exponit:
1216 4767 1430 4825 Creatorenim
1445 4763 1576 4820 omnium
1591 4776 1667 4829 sum,

60 4876 109 4930 rm,
136 4860 294 4932 jejunium,
324 4863 403 4933 quod
431 4863 615 4932 protenditur
635 4879 730 4934 usque
755 4864 784 4917 in
836 4864 956 4935 peperci
970 4863 1015 4919 sis
1031 4866 1059 4917 et
1074 4859 1258 4917 sanctificavi
1275 4857 1354 4924 illos,
1371 4859 1400 4910 et
1415 4853 1519 4926 gloriae
1535 4849 1668 4922 pristinae

60 4966 69 5005 r
85 4950 211 5015 Domini,
229 4951 413 5006 inchoamus.
433 4951 534 5023 Usque
549 4951 586 5005 ad
602 4951 690 5006 istum
706 4952 783 5006 diem
836 4953 962 5023 restitui,
978 4953 1016 5006 ita
1032 4948 1366 5021 utsuporcredentes-et
1378 4945 1416 5000 ab
1430 4955 1669 5000 erroreconver-

60 5040 346 5110 poetalioneiuimus
357 5040 471 5095 Haedis
486 5056 616 5113 pugnam
630 5041 783 5094 committi·
835 5059 887 5098 sos
904 5040 1086 5098 effunderem
1100 5054 1206 5111 aquam
1213 5037 1363 5093 mumdum
1377 5032 1516 5106 baptismi
1531 5030 1670 5087 salutaris

60 5127 110 5183 loo
124 5128 253 5183 ostendit
268 5129 360 5198 prima
387 5129 516 5183 tlollecta
532 5129 634 5183 missae
650 5130 757 5184 dicens
772 5146 778 5185 ε
834 5135 864 5187 et
878 5130 1050 5186 mundarem
1058 5127 1299 5185 sosahornnibus
1307 5122 1577 5182 abominationibus
1592 5119 1668 5188 suis,

60 5216 89 5272 le
96 5216 190 5279 nobis,
198 5217 327 5279 Domine,
330 5217 474 5288 praesidia
481 5217 658 5273 christianas
666 5218 783 5273 militiae
835 5224 863 5275 et
877 5221 915 5276 ab
930 5218 1081 5276 universis
1090 5215 1244 5274 erroribus
1257 5214 1441 5287 suisquibus
1455 5214 1572 5269 inerant
1581 5226 1670 5267 occu·

60 5305 357 5378 rinclroarerjuniia.
367 5306 482 5371 Quibus
491 5306 584 5362 armis
590 5323 723 5380 pugnare
733 5308 783 5362 de·
835 5308 904 5379 pati,
920 5313 949 5364 st
965 5308 1116 5364 darameis
1127 5322 1181 5362 cor
1193 5310 1341 5362 novumut
1351 5305 1507 5362 crederent
1520 5303 1551 5359 in
1561 5302 1667 5359 Filium

60 5394 515 5467 elohaiostenditlnjap'unioet
529 5396 643 5459 tlctuet
651 5396 781 5468 planctu,
835 5398 899 5454 Dei.
916 5397 966 5454 Sic
980 5397 1073 5470 igitur
1087 5397 1181 5468 prima
1197 5396 1299 5452 Lectio
1314 5397 1351 5452 de
1366 5397 1425 5452 tlde
1439 5395 1510 5468 agit.
1527 5393 1581 5450 Cui
1596 5406 1666 5448 con·

60 5483 94 5554 el,
112 5484 202 5555 sitiit
213 5484 465 5557 EvangeliumtTu
480 5492 576 5541 autem
591 5485 784 5558 oumjejuuas
835 5486 936 5542 cordat
951 5486 1199 5558 Responsorium:
1218 5485 1507 5553 Venits,dlii,audite
1520 5479 1664 5550 metPsal.

60 5578 212 5645 rputtuum,
232 5573 385 5630 attactam
402 5580 479 5630 tuam
494 5574 571 5641 lava,
589 5573 709 5646 (Matth.
726 5579 779 5647 vr).
834 5577 950 5647 xxxin).
966 5578 1004 5633 st
1014 5576 1147 5634 secunda
1161 5576 1262 5633 beatio
1277 5577 1313 5632 de
1327 5575 1463 5631 moribus
1479 5573 1617 5642 disputat,
1633 5571 1663 5627 in

67 5660 117 5718 dic
131 5677 189 5718 non
209 5667 256 5719 est
269 5663 326 5719 alia
347 5664 487 5735 varietas,
518 5664 577 5723 uisi
601 5664 670 5737 quia
685 5679 781 5739 usque
833 5680 891 5743 qua
901 5665 1174 5739 diciturour'aacrto
1184 5680 1278 5743 apere
1288 5661 1567 5748 patracensis
1579 5661 1674 5717 Μ·
