3796 6022
1854 40 1860 139 Ι

1854 144 1860 249 l

78 313 137 381 531
332 334 336 341 ·
458 310 679 377 APPENDIX
699 311 757 377 AD
782 308 975 377 HUGONIS
996 307 1143 379 OPERA
1163 307 1432 375 neemenah.
1750 309 1807 377 582
1858 382 1860 387 ,

80 512 273 585 satisfaciam,
294 504 332 570 'si
359 514 468 571 dedero
497 513 727 588 primogenitum
751 529 850 570 meum
863 530 918 586 pro
934 560 964 623 A
978 513 1076 570 solum
1091 512 1198 579 tacere,
1216 513 1372 570 sedetiam
1386 514 1521 587 diligere,
1536 516 1605 587 quia
1620 513 1719 586 magis
1742 512 1808 568 facit

81 604 196 663 scelere
212 617 288 674 meo,
304 603 432 659 fructum
447 603 560 658 ventris
576 604 635 659 mei
649 619 703 675 pro
719 607 840 675 peccato
856 603 921 659 ani·
978 603 1030 674 qui
1044 600 1152 658 affectu
1165 602 1283 674 pietatis
1299 603 1482 674 compatitur,
1498 619 1586 675 quam
1601 608 1651 675 qui
1662 618 1700 657 ex
1712 601 1807 657 debito

82 709 139 751 maa
152 707 237 748 meae.
259 691 331 747 llaec
347 695 444 748 tamen
459 695 543 748 extra
558 708 604 748 me
627 696 711 765 sunt,
728 694 865 765 quamvis
885 709 923 748 ex
977 691 1187 763 praeceptionis
1202 692 1370 746 miseretur.
1391 691 1511 762 Oportet
1534 707 1607 764 ergo
1632 695 1661 745 ts
1684 691 1808 762 primum

82 799 130 839 me
146 784 369 854 processerunt,
384 783 413 836 et
428 781 479 853 qui
493 782 641 852 meipsum
656 782 766 838 abstuli
789 782 877 837 etium
896 793 925 848 si
978 779 1077 837 iacere
1097 780 1244 853 judicium
1265 783 1298 835 ut
1321 781 1401 853 quod
1422 784 1503 835 recte
1528 781 1687 847 discernis,
1723 794 1808 848 opera

82 872 176 929 totum
191 872 299 941 praeter
314 885 360 925 me
382 871 507 942 dedero,
532 872 663 928 nondum
685 872 772 944 plene
794 871 924 927 debitum
979 870 1261 941 compleas3deinde
1272 870 1396 943 diligere
1405 869 1649 935 misericordiam,
1662 869 1808 922 utbouum

83 958 211 1016 restitui.
222 957 298 1025 Quid
306 974 380 1032 ergo
388 959 772 1032 luciamiquiddabotquid
784 961 925 1016 reddam?
978 959 1058 1031 quod
1080 959 1147 1032 agis
1170 975 1231 1013 non
1251 974 1289 1014 ex
1309 959 1424 1029 timore,
1449 958 1503 1013 sed
1527 973 1565 1013 ex
1588 973 1691 1012 amora
1706 956 1806 1011 sarias.

88 1048 158 1122 quid
175 1047 340 1103 retribuam
357 1048 481 1104 Domiuo
491 1066 548 1121 pro
559 1049 695 1105 omuibus
706 1066 768 1123 queo
779 1049 925 1105 retribuit
979 1049 1133 1103 Postremo
1149 1047 1309 1103 sollicitum
1324 1047 1474 1118 incedere,
1489 1062 1526 1102 ne
1541 1047 1588 1102 vel
1604 1047 1718 1100 honum
1733 1044 1809 1116 quod

88 1135 184 1192 mihi?
197 1135 293 1206 (Psal.
310 1137 392 1205 cxv.)
407 1137 619 1208 Indicabotibi,
631 1139 730 1208 homo,
743 1138 814 1211 quid
826 1137 925 1193 silbo·
979 1136 1105 1192 necdum
1120 1135 1225 1207 hebes,
1241 1152 1301 1191 non
1316 1137 1459 1192 merearis
1474 1136 1619 1206 accipere,
1637 1134 1685 1188 vel
1701 1134 1809 1188 bonum

90 1240 172 1296 num,
189 1225 302 1298 etquid
317 1225 397 1280 Deus
413 1229 601 1298 quaeratate.
622 1226 730 1300 Utique
738 1226 926 1300 tacerejudi-
978 1226 1058 1297 quod
1073 1225 1166 1280 habes
1181 1226 1308 1280 aurittas.
1330 1225 1423 1281 Porro
1438 1225 1469 1279 in
1478 1225 1526 1279 his
1540 1224 1637 1280 tribus
1645 1222 1769 1278 trinitati
1783 1221 1809 1276 in

88 1312 924 1387 cium,diliperemisericordiam(Michvr),etsollioitum
977 1316 1006 1369 te
1021 1314 1154 1384 operanti
1170 1315 1352 1385 cooperaris.
1373 1313 1522 1385 Sapientia
1537 1313 1615 1368 enim
1629 1316 1657 1367 te
1673 1311 1712 1366 ad
1727 1310 1810 1382 agni·

88 1401 241 1459 ambulare
256 1417 323 1457 cum
338 1403 400 1458 Deo
415 1408 475 1459 tuo.
493 1402 562 1459 Tria
576 1404 641 1460 hoec
656 1407 801 1476 suntquae
816 1403 923 1460 offerre
978 1403 1088 1458 tionem
1102 1403 1236 1458 veritatis
1251 1403 1405 1473 illuminat,
1424 1403 1553 1458 charitas
1577 1405 1606 1457 te
1630 1401 1668 1456 ad
1692 1399 1810 1455 desida-

89 1490 193 1560 debes,
210 1491 279 1562 quia
294 1495 323 1547 et
334 1492 425 1564 Deus,
438 1492 489 1565 qni
497 1493 626 1550 Trinitas
637 1498 693 1564 est,
706 1510 765 1550 non
776 1494 835 1550 nisi
846 1493 923 1549 trino
978 1492 1055 1547 rium
1069 1492 1209 1548 bonitatis
1225 1492 1395 1563 inflammat,
1411 1492 1572 1562 paternitas
1587 1491 1618 1545 in
1632 1493 1661 1544 te
1686 1488 1812 1544 custodit

92 1579 240 1636 sacrificio
255 1579 344 1652 digna
360 1581 470 1652 placari
484 1586 591 1654 potest,
608 1582 924 1657 Offerergojudicium
978 1581 1058 1653 quod
1082 1581 1204 1651 creavit,
1226 1598 1263 1637 ne
1283 1584 1394 1652 pereat.
1421 1582 1479 1636 Per
1501 1579 1716 1636 illuminantem
1741 1592 1811 1649 ergo

90 1666 166 1724 Filio
185 1666 291 1739 judici.
314 1667 394 1725 Oliar
417 1672 654 1727 misericordiam
676 1672 797 1743 Spiritui
819 1676 922 1728 sancto
980 1669 1155 1740 sapientiam
1170 1670 1223 1726 tibi
1239 1669 1443 1741 collucentem,
1459 1671 1572 1724 rectum
1586 1667 1812 1736 discernis3per

91 1755 237 1813 charitati.
249 1755 745 1833 Offersollicitudinempaternitati.
754 1762 800 1817 Ad
809 1761 924 1833 sapien·
980 1757 1210 1814 inflammantem
1225 1759 1397 1815 charitatem
1411 1759 1463 1814 tibi
1478 1758 1677 1825 comdentem,
1694 1769 1813 1810 misere·

90 1844 162 1901 tiam
184 1845 312 1918 pertinet
335 1848 486 1919 discretio,
511 1850 548 1905 ad
570 1850 742 1907 charitatem
766 1850 871 1922 pietas,
886 1851 924 1905 ad
941 1849 1041 1939 gris,
1052 1848 1538 1920 perprovidentam'paternitatem,
1550 1846 1604 1902 tibi
1615 1849 1810 1911 contuentem,

92 1936 296 2006 paternitatem
305 1937 483 1995 sollicitudo.
496 1938 546 1995 Sic
555 1943 653 1995 mman
662 1938 744 2012 offer,
757 1940 926 2012 uinaquein
982 1937 1170 2009 temetipsum
1184 1938 1328 1993 custodis.
1346 1937 1403 1993 Per
1417 1937 1576 1992 trinitatem
1591 1936 1690 2006 itaque
1705 1948 1813 2003 coope-

97 2025 276 2081 discretione
298 2042 454 2083 munerum
477 2029 618 2085 unitatem
641 2029 780 2085 trinitatis
799 2030 927 2099 divideS,
983 2028 1076 2083 raudo
1089 2027 1221 2096 trinitati,
1237 2027 1375 2082 trinitatis
1385 2027 1484 2098 imago
1493 2025 1638 2093 efficeris3
1650 2037 1812 2092 verumque

23 2156 27 2161 -
98 2129 194 2188 neque
205 2114 235 2171 in
245 2115 800 2190 participationedonorum,trinitatem
810 2119 931 2174 unitatis
983 2120 1053 2174 tunc
1069 2116 1247 2172 sacrillcium
1261 2116 1389 2186 teipsum
1403 2116 1464 2170 Deo
1480 2113 1581 2183 offers,
1597 2129 1666 2167 eum
1689 2112 1727 2166 od
1750 2109 1814 2182 ejus

100 2204 278 2275 confundas,
295 2208 350 2261 sed
365 2208 494 2280 singulis
509 2223 574 2278 sua,
591 2212 620 2264 et
634 2209 723 2265 simul
737 2210 788 2265 uni
813 2208 931 2283 singula
985 2205 1207 2263 similitudinem
1220 2205 1404 2260 reformaris.
1420 2202 1513 2274 Quod,
1530 2206 1586 2258 eto.
1602 2202 1708 2256 Amen.

97 2293 253 2350 exhibeas.
266 2292 929 2370 Sijustejudicus,J'ustumjudicemhonoras.
985 2297 1047 2352 Trr.
1062 2299 1095 2352 C.
1116 2297 1161 2352 De
1175 2294 1360 2369 apparitione
1383 2293 1502 2349 Christi
1523 2291 1638 2346 duobus
1661 2288 1818 2361 discipulis

96 2380 488 2457 Simisericordiamdiligis,
498 2387 931 2459 eumquipinsestacceptahili
1035 2384 1174 2442 euntibus
1184 2385 1216 2438 in
1232 2383 1384 2439 castellum
1401 2382 1476 2455 quod
1491 2381 1603 2436 dicitur
1615 2380 1769 2434 Emmaus.

98 2469 247 2525 sacrificio
271 2474 435 2528 veneraris.
460 2473 491 2528 Si
512 2475 659 2529 sollicitus
685 2476 716 2529 in
743 2476 848 2531 timore
878 2476 931 2532 Del
1020 2476 1111 2531 lesus
1120 2474 1152 2529 in
1161 2475 1210 2528 via
1219 2472 1439 2529 ambulantibus
1451 2471 1557 2526 faciam
1568 2484 1651 2526 suam
1662 2468 1817 2523 abscondit

98 2570 219 2628 semper
242 2559 387 2629 ambulas,
413 2561 514 2633 placas
541 2562 594 2619 tibi
622 2564 775 2619 coelestem
803 2565 930 2637 Patrem,
985 2566 1056 2636 (Luc
1071 2564 1164 2634 xxiv),
1181 2565 1358 2619 ostensurus
1374 2577 1439 2617 eam
1455 2561 1598 2631 lupatria.
1612 2560 1773 2628 Propterea
1788 2556 1816 2610 in

99 2659 187 2716 quem
200 2661 254 2717 pro
270 2648 401 2716 peccatis
416 2651 476 2705 tuis
492 2649 638 2707 offensum
652 2652 795 2708 habebas.
985 2655 1043 2709 tine
1059 2653 1115 2708 vioe
1131 2668 1198 2709 aum
1214 2653 1402 2708 discumbere
1419 2649 1590 2720 eoepissent,
1614 2647 1704 2719 tregit
1728 2646 1817 2700 lesus

135 2732 222 2789 Nunc
236 2750 309 2807 ergo
320 2737 433 2793 asculta
444 2740 531 2812 quale
542 2741 581 2795 sit
588 2740 734 2813 judicium
744 2742 823 2813 quod
833 2741 932 2798 iacere
985 2758 1100 2815 panem,
1116 2745 1149 2797 ut
1162 2741 1304 2797 interiora
1322 2740 1389 2812 ejus
1414 2740 1610 2810 patescerent,
1635 2739 1663 2790 et
1687 2735 1729 2790 ibi
1752 2749 1817 2788 eum

96 2820 226 2894 juberis.
243 2823 375 2881 Primum
399 2828 512 2884 esttibi
533 2829 680 2902 judicium
703 2831 871 2887 iaciendum
896 2831 932 2886 de
985 2834 1181 2904 agnoverunt,
1198 2831 1267 2902 quia
1280 2831 1349 2901 post
1362 2829 1431 2883 vitae
1446 2826 1538 2899 hujus
1550 2840 1671 2880 sumum
1682 2824 1713 2878 in
1723 2837 1816 2895 regno

102 2910 208 2984 teipso,
221 2913 327 2971 deinde
337 2915 452 2974 intarta
463 2920 769 2991 etproximumtuum,
781 2924 932 2992 postremo
988 2919 1130 2977 ooelorum
1145 2936 1212 2976 eum
1227 2919 1378 2974 Abraham
1393 2921 1421 2972 et
1435 2918 1518 2972 lsaac
1533 2916 1562 2970 at
1577 2913 1669 2968 tucob
1685 2912 1818 2966 discum·

100 2999 137 3055 de
152 3001 290 3073 proximo
303 3006 364 3062 tuo.
380 3007 413 3061 ln
429 3008 591 3081 sejudicio
615 3025 674 3082 quo
694 3010 814 3084 iudicas
838 3013 932 3066 tema-
987 3011 1104 3080 bentes,
1118 3014 1147 3065 et
1161 3026 1253 3081 super
1262 3024 1396 3064 mensam
1412 3005 1479 3078 ejus
1494 3005 1616 3060 edentes
1631 3004 1660 3057 et
1683 3001 1818 3057 bibentes

100 3087 221 3164 tipsum,
243 3108 313 3150 esse
334 3096 428 3153 debes
453 3097 617 3155 districtus.
641 3100 674 3155 ln
694 3099 856 3171 sejudicio
873 3115 931 3172 quo
989 3102 1020 3158 in
1034 3104 1145 3157 esterno
1161 3098 1298 3155 convivio
1312 3098 1386 3153 lesu
1397 3096 1558 3152 claritatem
1569 3091 1721 3149 videbunt.
1735 3090 1820 3145 Nunc

98 3179 217 3254 judicus
232 3183 308 3240 inter
322 3188 350 3241 te
365 3189 394 3243 et
408 3188 575 3258 proximum
584 3191 675 3260 tuum,
688 3190 858 3246 debasesse
867 3190 933 3263 jus·
947 3194 974 3257 c
990 3194 1087 3247 autern
1102 3191 1217 3245 interim
1232 3188 1262 3243 in
1276 3188 1324 3241 via
1338 3185 1516 3257 peregrinus
1530 3185 1659 3254 apparat,
1687 3182 1719 3235 ut
1738 3178 1820 3234 exsi-

101 3274 161 3328 tue.
180 3272 212 3328 ln
226 3289 262 3331 eo
274 3274 388 3346 judicio
403 3293 462 3350 quo
472 3276 873 3350 judicasproximumtuum,
885 3281 935 3336 de·
990 3280 1062 3336 lium
1077 3281 1212 3336 nostrum
1226 3291 1437 3350 agnoscamus,
1455 3276 1484 3328 et
1499 3271 1577 3343 quod
1593 3270 1712 3324 aliaest
1731 3267 1822 3339 patria

101 3360 158 3418 bes
173 3377 243 3420 esse
256 3365 335 3436 pius.
351 3365 492 3437 Teipsum
504 3367 640 3439 ,iudicare
654 3369 748 3425 debes
763 3370 819 3424 hoc
835 3370 934 3425 modo.
990 3372 1102 3426 nostra.
1115 3369 1150 3423 Et
1161 3365 1357 3438 colloquendo
1369 3363 1458 3418 corda
1467 3362 1504 3416 ad
1515 3358 1819 3424 amoreminflammat,

103 3448 266 3508 Considera
282 3453 441 3527 diligenter
455 3455 527 3527 quid
541 3457 616 3513 iacis
631 3461 660 3513 et
675 3458 745 3530 quid
761 3475 820 3515 uon
842 3458 935 3528 iacis,
990 3460 1045 3516 sed
1060 3458 1164 3514 oculos
1179 3456 1215 3510 ad
1231 3451 1507 3523 contemplationem
1520 3449 1618 3503 adhuc
1632 3445 1821 3503 nonrevelet.

103 3540 175 3612 quid
189 3540 288 3600 iacere
304 3542 406 3613 debes,
424 3545 495 3617 quid
511 3545 609 3602 iacere
623 3563 683 3602 non
701 3548 809 3616 debes,
832 3552 937 3618 postea
989 3548 1044 3614 Qui
1061 3563 1133 3620 argo
1148 3547 1178 3600 in
1192 3545 1240 3599 via
1254 3559 1292 3599 ex
1307 3540 1497 3598 sermonibus
1511 3539 1584 3594 lesu
1595 3538 1695 3609 ignem
1710 3533 1820 3590 amoris

104 3627 170 3687 heo
184 3630 364 3687 adinvicem
378 3632 559 3690 conferendo
579 3637 738 3707 perpende,
754 3636 881 3693 auidam
891 3638 938 3692 est
991 3637 1080 3693 corde
1095 3635 1274 3705 concipiunt,
1291 3632 1321 3686 in
1335 3631 1392 3686 tlne
1408 3631 1465 3684 viae
1481 3628 1642 3682 claritatem
1657 3623 1726 3694 ejus
1742 3622 1825 3677 vide·

104 3718 184 3789 quod
207 3718 283 3776 facis
307 3724 336 3777 ct
360 3723 439 3793 quod
461 3721 564 3794 debas,
590 3727 670 3780 etan
690 3724 768 3780 idam
783 3726 862 3796 quod
877 3741 938 3780 non
990 3726 1072 3781 bunt.
1089 3724 1162 3780 Sunt
1178 3724 1276 3794 itaque
1297 3721 1408 3792 linguae
1433 3718 1531 3791 igneae
1555 3731 1622 3788 quae
1646 3712 1770 3767 veniunt
1789 3709 1824 3765 ed

105 3806 180 3863 lacis
204 3811 234 3864 et
257 3810 336 3881 quod
351 3813 529 3869 uendebas.
549 3813 633 3879 Quod
657 3815 684 3870 si
706 3814 746 3868 ita
772 3813 934 3884 inveneris,
990 3830 1057 3884 uos,
1072 3816 1101 3869 et
1114 3813 1206 3868 verba
1220 3809 1397 3865 tlammantia
1412 3806 1542 3878 quotidie
1562 3803 1713 3858 Christum
1736 3799 1823 3856 nobis

106 3896 215 3968 gaude
232 3897 264 3954 Si
279 3902 376 3954 autem
391 3901 469 3956 idem
484 3917 554 3958 esse
569 3902 754 3974 perplexeris
769 3903 850 3975 quod
860 3901 937 3957 facie
990 3903 1159 3976 loquentem
1173 3899 1319 3965 audimus,
1336 3897 1405 3969 quia
1421 3896 1559 3966 spiritum
1573 3891 1684 3947 Christi
1699 3905 1762 3944 uon
1776 3888 1825 3942 ha·

104 3984 134 4041 at
147 3986 227 4057 quod
242 4002 301 4043 nou
312 3987 414 4058 debes,
431 3992 480 4046 aut
495 3992 574 4062 quod
589 4008 648 4047 non
663 3991 739 4047 iacis
756 3994 784 4047 et
798 3992 877 4064 quod
888 3991 938 4046 de·
991 3993 1041 4048 bet
1055 3992 1106 4063 qui
1120 3991 1212 4045 verba
1226 3987 1337 4044 Christi
1351 3984 1497 4041 audiendo
1512 3998 1572 4037 uon
1587 3981 1681 4035 ardet.
1694 3978 1821 4049 Spiritus

104 4071 405 4142 bes,time.1uterte
425 4081 454 4133 et
474 4080 642 4149 proximum
665 4084 748 4137 tuum
770 4081 827 4136 hoc
851 4079 939 4136 modo
993 4081 1071 4137 enim
1087 4082 1209 4137 sanctus
1225 4092 1317 4148 super
1339 4073 1503 4143 discipulos
1525 4070 1636 4125 Christi
1658 4069 1688 4122 in
1714 4067 1825 4139 linguis

103 4158 239 4232 iudicare
254 4163 356 4220 debes.
375 4165 448 4222 Vide
463 4168 534 4239 quid
549 4168 642 4224 iacias
667 4170 802 4240 proximo
824 4172 884 4237 tuo,
911 4171 942 4224 et
993 4169 1092 4243 igneis
1107 4167 1250 4238 apparuit,
1268 4169 1295 4220 et
1310 4166 1375 4235 ipse
1398 4161 1536 4217 Christus
1559 4156 1773 4214 ambulantium
1798 4155 1827 4209 in

107 4248 179 4320 quid
192 4249 247 4307 tibi
260 4251 348 4308 faciat
362 4257 517 4326 proximus
532 4261 612 4314 tuus.
627 4259 659 4314 Si
680 4259 730 4315 ille
754 4259 805 4314 tibi
829 4259 941 4313 bonum
993 4258 1042 4312 via
1056 4255 1204 4329 loquendo
1220 4255 1309 4309 corda
1324 4250 1525 4317 inflammavit,
1542 4247 1651 4319 quihus
1666 4260 1724 4299 non
1741 4243 1826 4316 quasi

107 4337 188 4412 iacit,
205 4344 233 4397 et
247 4344 279 4397 tu
295 4342 337 4398 illi
351 4344 463 4401 bonum
476 4347 588 4417 reddis,
604 4349 699 4404 malus
715 4364 774 4404 non
786 4364 830 4404 es.
841 4347 875 4403 Si
890 4347 940 4401 ille
995 4364 1011 4401 a
1027 4348 1133 4416 capite,
1150 4345 1204 4399 sed
1220 4344 1306 4415 quasi
1322 4358 1338 4396 a
1354 4343 1444 4396 latere
1460 4354 1493 4393 se
1509 4336 1644 4403 sociavit,
1668 4333 1739 4404 quia
1760 4347 1828 4387 eum

106 4427 162 4489 tibi
175 4429 285 4488 malum
297 4432 377 4505 facit,
393 4439 421 4491 et
435 4439 467 4492 tu
482 4435 762 4509 illimalumreddie,
774 4438 940 4494 bonusnon
997 4436 1084 4492 nobis
1106 4451 1164 4489 non
1190 4436 1303 4501 natura,
1327 4431 1381 4486 sed
1405 4428 1500 4502 gratia
1522 4426 1553 4482 in
1577 4422 1668 4494 hujus
1692 4422 1761 4476 vitae
1780 4421 1828 4474 via

108 4533 153 4575 cs.
163 4519 250 4578 Siillc
258 4522 513 4594 tibibonumlacit‚
521 4527 875 4597 attuillemalumreddis,
883 4542 941 4581 mo·
954 4510 981 4574 D
997 4525 1133 4583 comitem
1148 4523 1236 4578 dedit.

106 4607 155 4666 lus
166 4611 692 4687 es.Siilletibimalumiacit,ettuilli
703 4616 815 4671 bonum
826 4615 938 4687 reddis,
1075 4615 1119 4668 Tr.
1135 4612 1182 4666 Cl.
1198 4608 1244 4666 De
1260 4609 1390 4673 Christo,
1408 4621 1463 4662 ove
1478 4609 1507 4659 et
1521 4607 1642 4675 pastore
1655 4599 1742 4655 bono.

107 4700 206 4759 bouus
220 4719 264 4760 es.
281 4705 324 4762 Ile
339 4705 474 4776 proximo
489 4708 539 4762 tuo
553 4707 610 4763 hoc
624 4707 712 4762 modo
724 4705 861 4778 judicare
886 4706 940 4761 de·
1030 4704 1168 4760 tlhristus
1183 4701 1266 4771 prius
1282 4699 1349 4754 ovis
1364 4696 1428 4765 luit,
1439 4695 1542 4765 postea
1552 4688 1760 4762 pastoriactus
1770 4688 1825 4743 est.

107 4793 264 4850 basilide
289 4796 432 4869 quidquid
454 4796 534 4866 iacit,
559 4813 597 4852 au
620 4799 734 4852 certum
756 4795 878 4864 honum,
904 4810 941 4850 an
993 4789 1183 4849 Ovisauimul
1199 4791 1246 4844 est
1260 4789 1446 4842 mansuetum
1461 4785 1490 4838 et
1513 4779 1664 4836 mundum
1689 4777 1722 4831 ln
1747 4792 1827 4831 man·

109 4880 231 4937 dubium
244 4883 366 4954 bonum,
381 4901 419 4941 an
433 4888 546 4942 certum
562 4886 680 4954 malum,
697 4900 734 4940 au
749 4883 874 4940 dubium
881 4898 942 4938 ma·
993 4880 1150 4939 suetudine
1166 4877 1326 4946 humilitas,
1343 4875 1374 4931 in
1390 4871 1530 4927 munditia
1541 4869 1662 4924 castitas
1673 4865 1826 4939 signitica-

109 4968 181 5024 lum.
197 4969 357 5027 simitum
372 4973 484 5029 bonum
498 4979 554 5045 est,
571 4991 696 5046 parrum
710 4989 861 5046 magnum,
877 4988 941 5028 ma·
992 4976 1049 5028 tur.
1068 4967 1225 5024 Humilitas
1241 4965 1351 5035 duplex
1366 4965 1428 5017 est:
1440 4959 1612 5031 primaque
1624 4969 1757 5026 praeesse
1769 4969 1827 5009 non

111 5073 203 5130 gnum
218 5060 317 5132 maius
331 5062 497 5119 existimes.
513 5063 543 5119 Si
560 5064 682 5120 dubium
694 5064 807 5119 bouum
822 5065 878 5133 est,
894 5076 943 5118 va·
993 5061 1129 5131 appetas,
1145 5055 1287 5124 secunda,
1304 5067 1361 5123 qua
1377 5050 1505 5106 subesse
1517 5046 1635 5117 diligas.
1652 5043 1735 5099 Multi
1747 5042 1828 5097 euim

110 5163 176 5203 rum
189 5150 268 5219 pata.
286 5149 444 5206 Si'certum
459 5152 568 5207 malum
582 5155 638 5223 est,
655 5167 940 5224 maguumparvum,
993 5152 1062 5204 sunt
1071 5147 1122 5219 qui
1132 5159 1265 5217 praeesse
1276 5140 1389 5208 nolunt,
1401 5138 1549 5210 fugientes
1560 5135 1693 5189 laborem
1703 5148 1763 5187 non
1772 5132 1825 5187 bo·

109 5252 234 5309 parvum
244 5239 464 5311 minusjudice.
474 5239 504 5296 Si
516 5241 638 5297 dubium
644 5242 753 5297 malum
764 5244 820 5310 eet,
830 5241 941 5296 bouum
992 5251 1112 5305 norem3
1127 5236 1179 5307 qui
1193 5236 1291 5288 umen
1301 5229 1430 5285 subesse
1442 5219 1829 5296 dedignanturQuiquando

109 5330 189 5400 puta.
206 5326 329 5385 Hooest
351 5327 497 5399 judicium
519 5344 633 5401 verum,
654 5330 801 5403 judiciam
818 5329 940 5398 bonum,
993 5325 1178 5397 inprecepto
1190 5307 1828 5382 obedientiasmurmurant,quasiadpassio·

107 5417 331 5491 iudiciumne
345 5416 494 5490 placitum.
510 5418 635 5485 Quodsi
650 5422 682 5475 tu
695 5418 737 5474 illi
760 5434 820 5474 non
844 5417 942 5474 solum
993 5429 1061 5470 nem
1075 5412 1156 5469 ducti
1169 5409 1366 5474 recalcitrant,
1385 5403 1422 5458 lli
1437 5401 1570 5474 proiecto
1585 5414 1658 5454 oves
1674 5412 1734 5452 non
1760 5398 1831 5451 sunt

110 5507 318 5577 discemendo,
344 5507 399 5564 sed
412 5506 508 5578 {etiam
531 5507 666 5564 iaciendo
698 5507 728 5563 in
761 5506 943 5563 sacrificium
994 5518 1049 5558 nec
1063 5501 1227 5557 imitatores
1243 5497 1334 5564 illius,
1350 5493 1401 5566 qui
1415 5492 1494 5548 sicut
1508 5489 1574 5544 ovis
1591 5488 1629 5542 ad
1649 5486 1830 5542 occisionem

111 5596 264 5669 obtuleris,
282 5597 426 5669 placabis,
441 5597 516 5653 iram
535 5600 563 5654 et
585 5597 711 5672 gratiam
734 5595 941 5666 consequeris.
994 5592 1099 5647 ductus
1114 5595 1170 5658 est,
1188 5592 1217 5642 et
1232 5602 1289 5641 nou
1305 5582 1422 5655 aperuit
1437 5596 1470 5637 os
1485 5594 1568 5635 suum
1585 5575 1657 5646 (Isa.
1677 5574 1755 5644 aru).
1782 5572 1830 5629 Si-

146 5684 258 5744 Deinde
279 5687 416 5761 sequitur
437 5686 567 5760 dilipere
590 5684 839 5745 misericordiam.
874 5682 942 5741 Nou
993 5679 1102 5739 militer
1117 5675 1239 5734 castitas
1253 5671 1364 5749 duplex
1377 5672 1434 5730 est.
1446 5661 1829 5738 Altaforispermunditiam
