<?xml version="1.0" encoding="UTF-8"?>
<!DOCTYPE html PUBLIC "-//W3C//DTD XHTML 1.0 Transitional//EN"
    "http://www.w3.org/TR/xhtml1/DTD/xhtml1-transitional.dtd">
<html xmlns="http://www.w3.org/1999/xhtml" xml:lang="en" lang="en">
 <head>
  <title>
</title>
<meta http-equiv="Content-Type" content="text/html;charset=utf-8" />
  <meta name='ocr-system' content='tesseract 3.04.00' />
  <meta name='ocr-capabilities' content='ocr_page ocr_carea ocr_par ocr_line ocrx_word'/>
</head>
<body>
  <div class='ocr_page' id='page_1' title='image "./patrologiaecurs28unkngoog_0298.png"; bbox 0 0 3796 6022; ppageno 0'>
   <div class='ocr_carea' id='block_1_1' title="bbox 477 272 990 345">
    <p class='ocr_par' dir='ltr' id='par_1_1' title="bbox 477 272 990 345">
     <span class='ocr_line' id='line_1_1' title="bbox 477 272 990 345; baseline 0.004 -3"><span class='ocrx_word' id='word_1_1' title='bbox 477 274 785 344; x_wconf 71' lang='lat' dir='ltr'><strong><em>massmanno.</em></strong></span> <span class='ocrx_word' id='word_1_2' title='bbox 799 312 839 328; x_wconf 95' lang='lat'><em>-</em></span> <span class='ocrx_word' id='word_1_3' title='bbox 854 272 933 345; x_wconf 79' lang='lat' dir='ltr'><strong><em>ata.</em></strong></span> <span class='ocrx_word' id='word_1_4' title='bbox 949 277 990 344; x_wconf 89' lang='lat' dir='ltr'><strong><em>ll.</em></strong></span> 
     </span>
    </p>
   </div>
   <div class='ocr_carea' id='block_1_2' title="bbox 1558 286 1618 353">
    <p class='ocr_par' dir='ltr' id='par_1_2' title="bbox 1558 286 1618 353">
     <span class='ocr_line' id='line_1_2' title="bbox 1558 286 1618 353; baseline 0 0"><span class='ocrx_word' id='word_1_5' title='bbox 1558 286 1618 353; x_wconf 58' lang='grc' dir='ltr'><strong><em>δῶ</em></strong></span> 
     </span>
    </p>
   </div>
   <div class='ocr_carea' id='block_1_3' title="bbox 66 459 1618 559">
    <p class='ocr_par' dir='ltr' id='par_1_3' title="bbox 66 459 1618 559">
     <span class='ocr_line' id='line_1_3' title="bbox 66 459 1618 559; baseline 0.008 -28"><span class='ocrx_word' id='word_1_6' title='bbox 66 492 82 531; x_wconf 94' lang='lat' dir='ltr'><strong><em>r</em></strong></span> <span class='ocrx_word' id='word_1_7' title='bbox 96 480 143 532; x_wconf 86' lang='lat' dir='ltr'><strong><em>est</em></strong></span> <span class='ocrx_word' id='word_1_8' title='bbox 159 477 274 548; x_wconf 87' lang='lat' dir='ltr'><strong><em>exiens,</em></strong></span> <span class='ocrx_word' id='word_1_9' title='bbox 294 491 350 533; x_wconf 88' lang='lat' dir='ltr'><strong><em>nec</em></strong></span> <span class='ocrx_word' id='word_1_10' title='bbox 365 477 523 534; x_wconf 82' lang='lat' dir='ltr'><strong><em>obscurior</em></strong></span> <span class='ocrx_word' id='word_1_11' title='bbox 537 479 642 535; x_wconf 87' lang='lat' dir='ltr'><strong><em>latens.</em></strong></span> <span class='ocrx_word' id='word_1_12' title='bbox 661 479 722 535; x_wconf 82' lang='lat' dir='ltr'><strong><em>lm·</em></strong></span> <span class='ocrx_word' id='word_1_13' title='bbox 738 459 768 520; x_wconf 60' lang='grc' dir='ltr'><strong>Α</strong></span> <span class='ocrx_word' id='word_1_14' title='bbox 785 479 847 536; x_wconf 82' lang='lat' dir='ltr'><strong><em>Tru.</em></strong></span> <span class='ocrx_word' id='word_1_15' title='bbox 864 479 991 537; x_wconf 77' lang='lat' dir='ltr'><strong><em>ccxvi.</em></strong></span> <span class='ocrx_word' id='word_1_16' title='bbox 1008 480 1053 539; x_wconf 88' lang='lat' dir='ltr'><strong><em>De</em></strong></span> <span class='ocrx_word' id='word_1_17' title='bbox 1068 483 1159 539; x_wconf 87' lang='lat' dir='ltr'><strong><em>corde</em></strong></span> <span class='ocrx_word' id='word_1_18' title='bbox 1183 488 1213 539; x_wconf 90' lang='lat' dir='ltr'><strong><em>et</em></strong></span> <span class='ocrx_word' id='word_1_19' title='bbox 1229 484 1436 558; x_wconf 71' lang='lat' dir='ltr'><strong><em>delectatione,</em></strong></span> <span class='ocrx_word' id='word_1_20' title='bbox 1453 492 1483 542; x_wconf 91' lang='lat' dir='ltr'><strong><em>et</em></strong></span> <span class='ocrx_word' id='word_1_21' title='bbox 1505 487 1618 559; x_wconf 78' lang='lat' dir='ltr'><strong><em>cogita-</em></strong></span> 
     </span>
    </p>
   </div>
   <div class='ocr_carea' id='block_1_4' title="bbox 65 566 724 1254">
    <p class='ocr_par' dir='ltr' id='par_1_4' title="bbox 65 566 724 1254">
     <span class='ocr_line' id='line_1_4' title="bbox 75 566 722 638; baseline 0.006 -18"><span class='ocrx_word' id='word_1_22' title='bbox 75 566 193 637; x_wconf 87' lang='lat' dir='ltr'><strong><em>qnando</em></strong></span> <span class='ocrx_word' id='word_1_23' title='bbox 208 566 245 620; x_wconf 85' lang='lat' dir='ltr'><strong><em>ad</em></strong></span> <span class='ocrx_word' id='word_1_24' title='bbox 261 581 316 620; x_wconf 90' lang='lat' dir='ltr'><strong><em>nos</em></strong></span> <span class='ocrx_word' id='word_1_25' title='bbox 331 567 462 636; x_wconf 88' lang='lat' dir='ltr'><strong><em>veniunt,</em></strong></span> <span class='ocrx_word' id='word_1_26' title='bbox 475 567 512 621; x_wconf 89' lang='lat' dir='ltr'><strong><em>ab</em></strong></span> <span class='ocrx_word' id='word_1_27' title='bbox 528 568 594 638; x_wconf 89' lang='lat' dir='ltr'><strong><em>ipso</em></strong></span> <span class='ocrx_word' id='word_1_28' title='bbox 608 583 722 623; x_wconf 87' lang='lat' dir='ltr'><strong><em>nonre-</em></strong></span> 
     </span>
     <span class='ocr_line' id='line_1_5' title="bbox 73 654 723 728; baseline 0.008 -20"><span class='ocrx_word' id='word_1_29' title='bbox 73 655 193 727; x_wconf 84' lang='lat' dir='ltr'><strong><em>qnandc</em></strong></span> <span class='ocrx_word' id='word_1_30' title='bbox 207 654 322 709; x_wconf 90' lang='lat' dir='ltr'><strong><em>anobis</em></strong></span> <span class='ocrx_word' id='word_1_31' title='bbox 330 656 465 727; x_wconf 87' lang='lat' dir='ltr'><strong><em>redeunt,</em></strong></span> <span class='ocrx_word' id='word_1_32' title='bbox 473 658 550 727; x_wconf 89' lang='lat' dir='ltr'><strong><em>apud</em></strong></span> <span class='ocrx_word' id='word_1_33' title='bbox 559 658 723 728; x_wconf 88' lang='lat' dir='ltr'><strong><em>ipsumnon</em></strong></span> 
     </span>
     <span class='ocr_line' id='line_1_6' title="bbox 74 743 723 816; baseline 0.006 -20"><span class='ocrx_word' id='word_1_34' title='bbox 74 757 82 812; x_wconf 78' lang='lat'>3</span> <span class='ocrx_word' id='word_1_35' title='bbox 105 743 223 814; x_wconf 86' lang='lat' dir='ltr'><strong><em>quando</em></strong></span> <span class='ocrx_word' id='word_1_36' title='bbox 251 743 287 797; x_wconf 89' lang='lat' dir='ltr'><strong><em>od</em></strong></span> <span class='ocrx_word' id='word_1_37' title='bbox 308 759 364 799; x_wconf 91' lang='lat' dir='ltr'><strong><em>nos</em></strong></span> <span class='ocrx_word' id='word_1_38' title='bbox 379 745 573 816; x_wconf 89' lang='lat' dir='ltr'><strong><em>descendunt,</em></strong></span> <span class='ocrx_word' id='word_1_39' title='bbox 590 747 620 800; x_wconf 91' lang='lat' dir='ltr'><strong><em>in</em></strong></span> <span class='ocrx_word' id='word_1_40' title='bbox 635 746 723 802; x_wconf 91' lang='lat' dir='ltr'><strong><em>nobis</em></strong></span> 
     </span>
     <span class='ocr_line' id='line_1_7' title="bbox 67 831 724 903; baseline 0.008 -18"><span class='ocrx_word' id='word_1_41' title='bbox 67 833 116 899; x_wconf 71' lang='lat' dir='ltr'><strong><em>nt,</em></strong></span> <span class='ocrx_word' id='word_1_42' title='bbox 132 835 161 886; x_wconf 89' lang='lat' dir='ltr'><strong><em>et</em></strong></span> <span class='ocrx_word' id='word_1_43' title='bbox 175 831 293 903; x_wconf 85' lang='lat' dir='ltr'><strong><em>quando</em></strong></span> <span class='ocrx_word' id='word_1_44' title='bbox 307 848 324 885; x_wconf 89' lang='lat' dir='ltr'><strong><em>a</em></strong></span> <span class='ocrx_word' id='word_1_45' title='bbox 339 832 427 887; x_wconf 89' lang='lat' dir='ltr'><strong><em>nobis</em></strong></span> <span class='ocrx_word' id='word_1_46' title='bbox 442 834 585 889; x_wconf 88' lang='lat' dir='ltr'><strong><em>recedunt</em></strong></span> <span class='ocrx_word' id='word_1_47' title='bbox 595 835 724 890; x_wconf 91' lang='lat' dir='ltr'><strong><em>minora·</em></strong></span> 
     </span>
     <span class='ocr_line' id='line_1_8' title="bbox 65 919 721 993; baseline 0.009 -20"><span class='ocrx_word' id='word_1_48' title='bbox 65 942 68 967; x_wconf 82' lang='grc' dir='ltr'>ι</span> <span class='ocrx_word' id='word_1_49' title='bbox 83 919 172 974; x_wconf 89' lang='lat' dir='ltr'><strong><em>nobis</em></strong></span> <span class='ocrx_word' id='word_1_50' title='bbox 189 935 248 974; x_wconf 90' lang='lat' dir='ltr'><strong><em>non</em></strong></span> <span class='ocrx_word' id='word_1_51' title='bbox 259 921 414 991; x_wconf 88' lang='lat' dir='ltr'><strong><em>recipiunt.</em></strong></span> <span class='ocrx_word' id='word_1_52' title='bbox 439 921 539 993; x_wconf 86' lang='lat' dir='ltr'><strong><em>ltaque</em></strong></span> <span class='ocrx_word' id='word_1_53' title='bbox 550 937 609 979; x_wconf 90' lang='lat' dir='ltr'><strong><em>non</em></strong></span> <span class='ocrx_word' id='word_1_54' title='bbox 620 926 721 979; x_wconf 87' lang='lat' dir='ltr'><strong><em>trans-</em></strong></span> 
     </span>
     <span class='ocr_line' id='line_1_9' title="bbox 66 1009 723 1080; baseline 0.009 -19"><span class='ocrx_word' id='word_1_55' title='bbox 66 1022 85 1061; x_wconf 93' lang='lat' dir='ltr'><strong><em>n</em></strong></span> <span class='ocrx_word' id='word_1_56' title='bbox 100 1023 157 1062; x_wconf 91' lang='lat' dir='ltr'><strong><em>nos</em></strong></span> <span class='ocrx_word' id='word_1_57' title='bbox 176 1009 294 1078; x_wconf 89' lang='lat' dir='ltr'><strong><em>quando</em></strong></span> <span class='ocrx_word' id='word_1_58' title='bbox 321 1009 522 1080; x_wconf 84' lang='lat' dir='ltr'><strong><em>participanda</em></strong></span> <span class='ocrx_word' id='word_1_59' title='bbox 551 1013 674 1067; x_wconf 86' lang='lat' dir='ltr'><strong><em>veniunt</em></strong></span> <span class='ocrx_word' id='word_1_60' title='bbox 687 1013 723 1067; x_wconf 85' lang='lat' dir='ltr'><strong><em>nd</em></strong></span> 
     </span>
     <span class='ocr_line' id='line_1_10' title="bbox 65 1096 724 1168; baseline 0.011 -19"><span class='ocrx_word' id='word_1_61' title='bbox 65 1096 267 1151; x_wconf 69' lang='lat' dir='ltr'><strong><em>abumbrantur</em></strong></span> <span class='ocrx_word' id='word_1_62' title='bbox 277 1097 307 1150; x_wconf 92' lang='lat' dir='ltr'><strong><em>in</em></strong></span> <span class='ocrx_word' id='word_1_63' title='bbox 318 1112 362 1166; x_wconf 91' lang='lat' dir='ltr'><strong><em>se,</em></strong></span> <span class='ocrx_word' id='word_1_64' title='bbox 372 1098 489 1168; x_wconf 88' lang='lat' dir='ltr'><strong><em>quando</em></strong></span> <span class='ocrx_word' id='word_1_65' title='bbox 504 1098 541 1153; x_wconf 89' lang='lat' dir='ltr'><strong><em>ab</em></strong></span> <span class='ocrx_word' id='word_1_66' title='bbox 553 1100 724 1156; x_wconf 85' lang='lat' dir='ltr'><strong><em>illuminatis</em></strong></span> 
     </span>
     <span class='ocr_line' id='line_1_11' title="bbox 65 1184 603 1254; baseline 0.011 -16"><span class='ocrx_word' id='word_1_67' title='bbox 65 1184 146 1239; x_wconf 83' lang='lat' dir='ltr'><strong><em>undis</em></strong></span> <span class='ocrx_word' id='word_1_68' title='bbox 161 1184 295 1254; x_wconf 89' lang='lat' dir='ltr'><strong><em>redeunt,</em></strong></span> <span class='ocrx_word' id='word_1_69' title='bbox 308 1187 337 1239; x_wconf 87' lang='lat' dir='ltr'><strong><em>et</em></strong></span> <span class='ocrx_word' id='word_1_70' title='bbox 351 1190 504 1242; x_wconf 80' lang='lat' dir='ltr'><strong><em>remanent</em></strong></span> <span class='ocrx_word' id='word_1_71' title='bbox 513 1188 544 1243; x_wconf 90' lang='lat' dir='ltr'><strong><em>in</em></strong></span> <span class='ocrx_word' id='word_1_72' title='bbox 559 1204 603 1244; x_wconf 89' lang='lat' dir='ltr'><strong><em>se.</em></strong></span> 
     </span>
    </p>
   </div>
   <div class='ocr_carea' id='block_1_5' title="bbox 65 1289 691 1364">
    <p class='ocr_par' dir='ltr' id='par_1_5' title="bbox 65 1289 691 1364">
     <span class='ocr_line' id='line_1_12' title="bbox 65 1289 691 1364; baseline 0.01 -19"><span class='ocrx_word' id='word_1_73' title='bbox 65 1289 112 1346; x_wconf 77' lang='lat' dir='ltr'><strong><em>ill.</em></strong></span> <span class='ocrx_word' id='word_1_74' title='bbox 130 1290 276 1355; x_wconf 79' lang='lat' dir='ltr'><em>Quomodo</em></span> <span class='ocrx_word' id='word_1_75' title='bbox 286 1289 440 1362; x_wconf 88' lang='lat' dir='ltr'><strong><em>Sapientia</em></strong></span> <span class='ocrx_word' id='word_1_76' title='bbox 452 1295 691 1364; x_wconf 87' lang='lat' dir='ltr'><strong><em>parturiebatur.</em></strong></span> 
     </span>
    </p>
   </div>
   <div class='ocr_carea' id='block_1_6' title="bbox 65 1396 723 1718">
    <p class='ocr_par' dir='ltr' id='par_1_6' title="bbox 65 1396 723 1718">
     <span class='ocr_line' id='line_1_13' title="bbox 75 1396 722 1474; baseline 0.009 -22"><span class='ocrx_word' id='word_1_77' title='bbox 75 1403 163 1452; x_wconf 83' lang='lat' dir='ltr'><strong><em>ararit</em></strong></span> <span class='ocrx_word' id='word_1_78' title='bbox 178 1396 283 1470; x_wconf 78' lang='lat' dir='ltr'><strong><em>abyssi</em></strong></span> <span class='ocrx_word' id='word_1_79' title='bbox 298 1404 327 1453; x_wconf 90' lang='lat' dir='ltr'><strong><em>et</em></strong></span> <span class='ocrx_word' id='word_1_80' title='bbox 344 1413 398 1470; x_wconf 79' lang='lat' dir='ltr'><strong><em>ago</em></strong></span> <span class='ocrx_word' id='word_1_81' title='bbox 409 1400 608 1471; x_wconf 86' lang='lat' dir='ltr'><strong><em>parturiebar</em></strong></span> <span class='ocrx_word' id='word_1_82' title='bbox 618 1400 722 1474; x_wconf 85' lang='lat' dir='ltr'><strong><em>(Prop.</em></strong></span> 
     </span>
     <span class='ocr_line' id='line_1_14' title="bbox 67 1486 723 1560; baseline 0.005 -19"><span class='ocrx_word' id='word_1_83' title='bbox 67 1488 167 1558; x_wconf 84' lang='lat' dir='ltr'><strong><em>eperat</em></strong></span> <span class='ocrx_word' id='word_1_84' title='bbox 187 1486 267 1541; x_wconf 88' lang='lat' dir='ltr'><strong><em>Deus</em></strong></span> <span class='ocrx_word' id='word_1_85' title='bbox 282 1486 461 1558; x_wconf 73' lang='lat' dir='ltr'><strong><em>Sapientiam</em></strong></span> <span class='ocrx_word' id='word_1_86' title='bbox 491 1489 520 1544; x_wconf 89' lang='lat' dir='ltr'><strong><em>in</em></strong></span> <span class='ocrx_word' id='word_1_87' title='bbox 536 1491 723 1560; x_wconf 72' lang='lat' dir='ltr'><strong><em>praescientia</em></strong></span> 
     </span>
     <span class='ocr_line' id='line_1_15' title="bbox 65 1574 723 1650; baseline 0.008 -21"><span class='ocrx_word' id='word_1_88' title='bbox 65 1574 190 1629; x_wconf 85' lang='lat' dir='ltr'><strong><em>turiebnt</em></strong></span> <span class='ocrx_word' id='word_1_89' title='bbox 203 1575 233 1628; x_wconf 90' lang='lat' dir='ltr'><strong><em>in</em></strong></span> <span class='ocrx_word' id='word_1_90' title='bbox 253 1574 402 1631; x_wconf 88' lang='lat' dir='ltr'><strong><em>voluntate</em></strong></span> <span class='ocrx_word' id='word_1_91' title='bbox 418 1577 549 1650; x_wconf 88' lang='lat' dir='ltr'><strong><em>creandi,</em></strong></span> <span class='ocrx_word' id='word_1_92' title='bbox 565 1579 679 1650; x_wconf 81' lang='lat' dir='ltr'><strong><em>peperit</em></strong></span> <span class='ocrx_word' id='word_1_93' title='bbox 694 1579 723 1634; x_wconf 90' lang='lat' dir='ltr'><strong><em>in</em></strong></span> 
     </span>
     <span class='ocr_line' id='line_1_16' title="bbox 65 1662 206 1718; baseline -0.007 0"><span class='ocrx_word' id='word_1_94' title='bbox 65 1678 92 1718; x_wconf 87' lang='lat' dir='ltr'><strong><em>re</em></strong></span> <span class='ocrx_word' id='word_1_95' title='bbox 100 1662 206 1718; x_wconf 84' lang='lat' dir='ltr'><strong><em>effecti.</em></strong></span> 
     </span>
    </p>
   </div>
   <div class='ocr_carea' id='block_1_7' title="bbox 65 1769 597 1844">
    <p class='ocr_par' dir='ltr' id='par_1_7' title="bbox 65 1769 597 1844">
     <span class='ocr_line' id='line_1_17' title="bbox 65 1769 597 1844; baseline 0.006 -17"><span class='ocrx_word' id='word_1_96' title='bbox 65 1811 72 1827; x_wconf 97' lang='lat'><strong><em>.</em></strong></span> <span class='ocrx_word' id='word_1_97' title='bbox 88 1769 215 1826; x_wconf 70' lang='lat' dir='ltr'><strong><em>CXrilll.</em></strong></span> <span class='ocrx_word' id='word_1_98' title='bbox 232 1770 276 1825; x_wconf 88' lang='lat' dir='ltr'><strong><em>De</em></strong></span> <span class='ocrx_word' id='word_1_99' title='bbox 291 1777 415 1844; x_wconf 82' lang='lat' dir='ltr'><strong><em>quatuor</em></strong></span> <span class='ocrx_word' id='word_1_100' title='bbox 429 1774 597 1831; x_wconf 87' lang='lat' dir='ltr'><strong><em>timoribus.</em></strong></span> 
     </span>
    </p>
   </div>
   <div class='ocr_carea' id='block_1_8' title="bbox 64 1877 725 2483">
    <p class='ocr_par' dir='ltr' id='par_1_8' title="bbox 64 1877 725 2483">
     <span class='ocr_line' id='line_1_18' title="bbox 65 1877 724 1952; baseline 0.008 -20"><span class='ocrx_word' id='word_1_101' title='bbox 65 1877 270 1947; x_wconf 89' lang='lat' dir='ltr'><strong><em>snnttimcres,</em></strong></span> <span class='ocrx_word' id='word_1_102' title='bbox 278 1879 456 1951; x_wconf 88' lang='lat' dir='ltr'><strong><em>mundanus,</em></strong></span> <span class='ocrx_word' id='word_1_103' title='bbox 464 1881 594 1952; x_wconf 86' lang='lat' dir='ltr'><strong><em>servilis,</em></strong></span> <span class='ocrx_word' id='word_1_104' title='bbox 602 1881 724 1938; x_wconf 84' lang='lat' dir='ltr'><strong><em>initialis</em></strong></span> 
     </span>
     <span class='ocr_line' id='line_1_19' title="bbox 65 1965 724 2041; baseline 0.011 -22"><span class='ocrx_word' id='word_1_105' title='bbox 65 1965 192 2020; x_wconf 77' lang='lat' dir='ltr'><strong><em>undenus</em></strong></span> <span class='ocrx_word' id='word_1_106' title='bbox 211 1982 266 2036; x_wconf 89' lang='lat' dir='ltr'><strong><em>pro</em></strong></span> <span class='ocrx_word' id='word_1_107' title='bbox 294 1968 430 2022; x_wconf 85' lang='lat' dir='ltr'><strong><em>evitanda</em></strong></span> <span class='ocrx_word' id='word_1_108' title='bbox 453 1968 616 2025; x_wconf 81' lang='lat' dir='ltr'><strong><em>imminenti</em></strong></span> <span class='ocrx_word' id='word_1_109' title='bbox 637 1986 724 2041; x_wconf 84' lang='lat' dir='ltr'><strong><em>poeua</em></strong></span> 
     </span>
     <span class='ocr_line' id='line_1_20' title="bbox 65 2054 724 2129; baseline 0.006 -19"><span class='ocrx_word' id='word_1_110' title='bbox 65 2054 194 2126; x_wconf 88' lang='lat' dir='ltr'><strong><em>simulat,</em></strong></span> <span class='ocrx_word' id='word_1_111' title='bbox 208 2059 323 2111; x_wconf 89' lang='lat' dir='ltr'><strong><em>retenta</em></strong></span> <span class='ocrx_word' id='word_1_112' title='bbox 336 2057 485 2112; x_wconf 90' lang='lat' dir='ltr'><strong><em>voluntate</em></strong></span> <span class='ocrx_word' id='word_1_113' title='bbox 500 2058 570 2113; x_wconf 90' lang='lat' dir='ltr'><strong><em>boni</em></strong></span> <span class='ocrx_word' id='word_1_114' title='bbox 583 2075 591 2129; x_wconf 71' lang='grc' dir='ltr'><strong>ς</strong></span> <span class='ocrx_word' id='word_1_115' title='bbox 603 2059 724 2114; x_wconf 89' lang='lat' dir='ltr'><strong><em>servilis</em></strong></span> 
     </span>
     <span class='ocr_line' id='line_1_21' title="bbox 65 2143 724 2218; baseline 0.006 -19"><span class='ocrx_word' id='word_1_116' title='bbox 65 2143 96 2199; x_wconf 82' lang='lat' dir='ltr'><strong><em>la</em></strong></span> <span class='ocrx_word' id='word_1_117' title='bbox 112 2160 199 2215; x_wconf 85' lang='lat' dir='ltr'><strong><em>poena</em></strong></span> <span class='ocrx_word' id='word_1_118' title='bbox 212 2144 375 2200; x_wconf 83' lang='lat' dir='ltr'><strong><em>imminenti</em></strong></span> <span class='ocrx_word' id='word_1_119' title='bbox 390 2146 502 2201; x_wconf 85' lang='lat' dir='ltr'><strong><em>bonnm</em></strong></span> <span class='ocrx_word' id='word_1_120' title='bbox 529 2147 657 2218; x_wconf 84' lang='lat' dir='ltr'><strong><em>simulat,</em></strong></span> <span class='ocrx_word' id='word_1_121' title='bbox 674 2164 724 2202; x_wconf 88' lang='lat' dir='ltr'><strong><em>re-</em></strong></span> 
     </span>
     <span class='ocr_line' id='line_1_22' title="bbox 64 2234 724 2308; baseline 0.008 -21"><span class='ocrx_word' id='word_1_122' title='bbox 64 2235 134 2288; x_wconf 81' lang='lat' dir='ltr'><strong><em>ntate</em></strong></span> <span class='ocrx_word' id='word_1_123' title='bbox 149 2234 238 2304; x_wconf 80' lang='lat' dir='ltr'><strong><em>mali3</em></strong></span> <span class='ocrx_word' id='word_1_124' title='bbox 262 2235 384 2289; x_wconf 87' lang='lat' dir='ltr'><strong><em>initialis</em></strong></span> <span class='ocrx_word' id='word_1_125' title='bbox 399 2251 454 2305; x_wconf 88' lang='lat' dir='ltr'><strong><em>pro</em></strong></span> <span class='ocrx_word' id='word_1_126' title='bbox 478 2235 614 2291; x_wconf 88' lang='lat' dir='ltr'><strong><em>evitanda</em></strong></span> <span class='ocrx_word' id='word_1_127' title='bbox 637 2253 724 2308; x_wconf 75' lang='lat' dir='ltr'><strong><em>poena</em></strong></span> 
     </span>
     <span class='ocr_line' id='line_1_23' title="bbox 64 2323 724 2397; baseline 0.008 -21"><span class='ocrx_word' id='word_1_128' title='bbox 64 2323 117 2377; x_wconf 85' lang='lat' dir='ltr'><strong><em>iam</em></strong></span> <span class='ocrx_word' id='word_1_129' title='bbox 131 2324 238 2377; x_wconf 86' lang='lat' dir='ltr'><strong><em>malum</em></strong></span> <span class='ocrx_word' id='word_1_130' title='bbox 248 2323 428 2379; x_wconf 89' lang='lat' dir='ltr'><strong><em>voluntatem</em></strong></span> <span class='ocrx_word' id='word_1_131' title='bbox 439 2325 655 2394; x_wconf 74' lang='lat' dir='ltr'><strong><em>mutat31iiialia</em></strong></span> <span class='ocrx_word' id='word_1_132' title='bbox 670 2343 724 2397; x_wconf 91' lang='lat' dir='ltr'><strong><em>pro</em></strong></span> 
     </span>
     <span class='ocr_line' id='line_1_24' title="bbox 69 2411 725 2483; baseline 0.006 -17"><span class='ocrx_word' id='word_1_133' title='bbox 69 2411 220 2467; x_wconf 85' lang='lat' dir='ltr'><strong><em>Creatoris</em></strong></span> <span class='ocrx_word' id='word_1_134' title='bbox 235 2417 341 2483; x_wconf 83' lang='lat' dir='ltr'><strong><em>sponte</em></strong></span> <span class='ocrx_word' id='word_1_135' title='bbox 352 2412 460 2468; x_wconf 91' lang='lat' dir='ltr'><strong><em>bonam</em></strong></span> <span class='ocrx_word' id='word_1_136' title='bbox 469 2414 725 2470; x_wconf 88' lang='lat' dir='ltr'><strong><em>voluntatemcon·</em></strong></span> 
     </span>
    </p>
   </div>
   <div class='ocr_carea' id='block_1_9' title="bbox 1129 572 1269 628">
    <p class='ocr_par' dir='ltr' id='par_1_9' title="bbox 1129 572 1269 628">
     <span class='ocr_line' id='line_1_25' title="bbox 1129 572 1269 628; baseline 0.021 -3"><span class='ocrx_word' id='word_1_137' title='bbox 1129 572 1269 628; x_wconf 80' lang='lat' dir='ltr'><strong><em>tionibus,</em></strong></span> 
     </span>
    </p>
   </div>
   <div class='ocr_carea' id='block_1_10' title="bbox 780 692 1621 1036">
    <p class='ocr_par' dir='ltr' id='par_1_10' title="bbox 780 692 1621 1036">
     <span class='ocr_line' id='line_1_26' title="bbox 819 692 1620 773; baseline 0.012 -26"><span class='ocrx_word' id='word_1_138' title='bbox 819 692 937 748; x_wconf 83' lang='lat' dir='ltr'><strong><em>Corolia</em></strong></span> <span class='ocrx_word' id='word_1_139' title='bbox 966 697 1027 764; x_wconf 88' lang='lat' dir='ltr'><strong><em>est,</em></strong></span> <span class='ocrx_word' id='word_1_140' title='bbox 1061 694 1216 752; x_wconf 79' lang='lat' dir='ltr'><strong><em>delectatio</em></strong></span> <span class='ocrx_word' id='word_1_141' title='bbox 1245 697 1394 770; x_wconf 88' lang='lat' dir='ltr'><strong><em>sagimen,</em></strong></span> <span class='ocrx_word' id='word_1_142' title='bbox 1424 701 1620 773; x_wconf 89' lang='lat' dir='ltr'><strong><em>cogitationes</em></strong></span> 
     </span>
     <span class='ocr_line' id='line_1_27' title="bbox 783 780 1621 859; baseline 0.012 -24"><span class='ocrx_word' id='word_1_143' title='bbox 783 797 905 837; x_wconf 83' lang='lat' dir='ltr'><strong><em>mnscae.</em></strong></span> <span class='ocrx_word' id='word_1_144' title='bbox 930 780 1089 853; x_wconf 88' lang='lat' dir='ltr'><strong><em>Propterea</em></strong></span> <span class='ocrx_word' id='word_1_145' title='bbox 1112 784 1163 839; x_wconf 90' lang='lat' dir='ltr'><strong><em>ubi</em></strong></span> <span class='ocrx_word' id='word_1_146' title='bbox 1185 785 1333 842; x_wconf 89' lang='lat' dir='ltr'><strong><em>desideria</em></strong></span> <span class='ocrx_word' id='word_1_147' title='bbox 1347 788 1511 859; x_wconf 88' lang='lat' dir='ltr'><strong><em>abundant,</em></strong></span> <span class='ocrx_word' id='word_1_148' title='bbox 1528 791 1621 845; x_wconf 90' lang='lat' dir='ltr'><strong><em>abun·</em></strong></span> 
     </span>
     <span class='ocr_line' id='line_1_28' title="bbox 780 868 1621 949; baseline 0.013 -26"><span class='ocrx_word' id='word_1_149' title='bbox 780 868 851 924; x_wconf 91' lang='lat' dir='ltr'><strong><em>dant</em></strong></span> <span class='ocrx_word' id='word_1_150' title='bbox 873 873 903 924; x_wconf 93' lang='lat' dir='ltr'><strong><em>et</em></strong></span> <span class='ocrx_word' id='word_1_151' title='bbox 923 870 1130 943; x_wconf 81' lang='lat' dir='ltr'><strong><em>cogitationes.</em></strong></span> <span class='ocrx_word' id='word_1_152' title='bbox 1153 872 1198 928; x_wconf 78' lang='lat' dir='ltr'><strong><em>Fit</em></strong></span> <span class='ocrx_word' id='word_1_153' title='bbox 1225 877 1322 931; x_wconf 85' lang='lat' dir='ltr'><strong><em>tamen</em></strong></span> <span class='ocrx_word' id='word_1_154' title='bbox 1350 893 1561 949; x_wconf 85' lang='lat' dir='ltr'><strong><em>nonnunquam</em></strong></span> <span class='ocrx_word' id='word_1_155' title='bbox 1588 881 1621 933; x_wconf 88' lang='lat' dir='ltr'><strong><em>ut</em></strong></span> 
     </span>
     <span class='ocr_line' id='line_1_29' title="bbox 780 959 1618 1036; baseline 0.011 -25"><span class='ocrx_word' id='word_1_156' title='bbox 780 959 938 1029; x_wconf 77' lang='lat' dir='ltr'><strong><em>postquam</em></strong></span> <span class='ocrx_word' id='word_1_157' title='bbox 953 972 1007 1014; x_wconf 84' lang='lat' dir='ltr'><strong><em>cor</em></strong></span> <span class='ocrx_word' id='word_1_158' title='bbox 1020 975 1037 1014; x_wconf 91' lang='lat' dir='ltr'><strong><em>a</em></strong></span> <span class='ocrx_word' id='word_1_159' title='bbox 1051 959 1138 1016; x_wconf 90' lang='lat' dir='ltr'><strong><em>malis</em></strong></span> <span class='ocrx_word' id='word_1_160' title='bbox 1150 960 1308 1020; x_wconf 86' lang='lat' dir='ltr'><strong><em>desideriis</em></strong></span> <span class='ocrx_word' id='word_1_161' title='bbox 1316 965 1505 1022; x_wconf 88' lang='lat' dir='ltr'><strong><em>emundatum</em></strong></span> <span class='ocrx_word' id='word_1_162' title='bbox 1519 966 1618 1036; x_wconf 83' lang='lat' dir='ltr'><strong><em>tuerit,</em></strong></span> 
     </span>
    </p>
   </div>
   <div class='ocr_carea' id='block_1_11' title="bbox 781 1045 1739 1127">
    <p class='ocr_par' dir='ltr' id='par_1_11' title="bbox 781 1045 1739 1127">
     <span class='ocr_line' id='line_1_30' title="bbox 781 1045 1739 1127; baseline 0.015 -28"><span class='ocrx_word' id='word_1_163' title='bbox 781 1045 878 1100; x_wconf 81' lang='lat' dir='ltr'><strong><em>adbuc</em></strong></span> <span class='ocrx_word' id='word_1_164' title='bbox 893 1046 1089 1119; x_wconf 77' lang='lat' dir='ltr'><strong><em>cogitationes</em></strong></span> <span class='ocrx_word' id='word_1_165' title='bbox 1105 1064 1205 1120; x_wconf 80' lang='lat' dir='ltr'><strong><em>pravae</em></strong></span> <span class='ocrx_word' id='word_1_166' title='bbox 1218 1050 1354 1122; x_wconf 85' lang='lat' dir='ltr'><strong><em>redeant,</em></strong></span> <span class='ocrx_word' id='word_1_167' title='bbox 1370 1056 1430 1109; x_wconf 90' lang='lat' dir='ltr'><strong><em>tam</em></strong></span> <span class='ocrx_word' id='word_1_168' title='bbox 1443 1055 1619 1127; x_wconf 77' lang='lat' dir='ltr'><strong><em>importunae</em></strong></span> <span class='ocrx_word' id='word_1_169' title='bbox 1735 1083 1739 1094; x_wconf 88' lang='lat'><strong>·</strong></span> 
     </span>
    </p>
   </div>
   <div class='ocr_carea' id='block_1_12' title="bbox 781 1136 1620 1300">
    <p class='ocr_par' dir='ltr' id='par_1_12' title="bbox 781 1136 1620 1300">
     <span class='ocr_line' id='line_1_31' title="bbox 781 1136 1620 1215; baseline 0.014 -28"><span class='ocrx_word' id='word_1_170' title='bbox 781 1149 860 1189; x_wconf 90' lang='lat' dir='ltr'><strong><em>nnnc</em></strong></span> <span class='ocrx_word' id='word_1_171' title='bbox 871 1136 1052 1207; x_wconf 85' lang='lat' dir='ltr'><strong><em>quamprius</em></strong></span> <span class='ocrx_word' id='word_1_172' title='bbox 1064 1137 1233 1194; x_wconf 74' lang='lat' dir='ltr'><strong><em>immundas.</em></strong></span> <span class='ocrx_word' id='word_1_173' title='bbox 1250 1139 1295 1195; x_wconf 90' lang='lat' dir='ltr'><strong><em>lbi</em></strong></span> <span class='ocrx_word' id='word_1_174' title='bbox 1308 1141 1500 1215; x_wconf 79' lang='lat' dir='ltr'><strong><em>maculantes,</em></strong></span> <span class='ocrx_word' id='word_1_175' title='bbox 1517 1143 1565 1199; x_wconf 92' lang='lat' dir='ltr'><strong><em>hic</em></strong></span> <span class='ocrx_word' id='word_1_176' title='bbox 1575 1144 1620 1199; x_wconf 93' lang='lat' dir='ltr'><strong><em>in·</em></strong></span> 
     </span>
     <span class='ocr_line' id='line_1_32' title="bbox 782 1223 1329 1300; baseline 0.011 -22"><span class='ocrx_word' id='word_1_177' title='bbox 782 1223 966 1296; x_wconf 80' lang='lat' dir='ltr'><strong><em>quietantes3</em></strong></span> <span class='ocrx_word' id='word_1_178' title='bbox 981 1224 1023 1279; x_wconf 88' lang='lat' dir='ltr'><strong><em>ibi</em></strong></span> <span class='ocrx_word' id='word_1_179' title='bbox 1036 1225 1139 1294; x_wconf 89' lang='lat' dir='ltr'><strong><em>lutum,</em></strong></span> <span class='ocrx_word' id='word_1_180' title='bbox 1156 1226 1204 1282; x_wconf 88' lang='lat' dir='ltr'><strong><em>hio</em></strong></span> <span class='ocrx_word' id='word_1_181' title='bbox 1220 1229 1329 1300; x_wconf 89' lang='lat' dir='ltr'><strong><em>pulvis.</em></strong></span> 
     </span>
    </p>
   </div>
   <div class='ocr_carea' id='block_1_13' title="bbox 852 1346 1547 1424">
    <p class='ocr_par' dir='ltr' id='par_1_13' title="bbox 852 1346 1547 1424">
     <span class='ocr_line' id='line_1_33' title="bbox 852 1346 1547 1424; baseline 0.016 -23"><span class='ocrx_word' id='word_1_182' title='bbox 852 1347 914 1403; x_wconf 88' lang='lat' dir='ltr'><strong><em>Trr.</em></strong></span> <span class='ocrx_word' id='word_1_183' title='bbox 935 1346 1076 1405; x_wconf 83' lang='lat' dir='ltr'><strong><em>cxcvn.</em></strong></span> <span class='ocrx_word' id='word_1_184' title='bbox 1097 1350 1142 1406; x_wconf 87' lang='lat' dir='ltr'><strong><em>De</em></strong></span> <span class='ocrx_word' id='word_1_185' title='bbox 1156 1352 1303 1424; x_wconf 84' lang='lat' dir='ltr'><strong><em>sapientia</em></strong></span> <span class='ocrx_word' id='word_1_186' title='bbox 1318 1353 1376 1409; x_wconf 88' lang='lat' dir='ltr'><strong><em>Dei</em></strong></span> <span class='ocrx_word' id='word_1_187' title='bbox 1391 1357 1547 1412; x_wconf 85' lang='lat' dir='ltr'><strong><em>elmundi.</em></strong></span> 
     </span>
    </p>
   </div>
   <div class='ocr_carea' id='block_1_14' title="bbox 781 1471 1622 2525">
    <p class='ocr_par' dir='ltr' id='par_1_14' title="bbox 781 1471 1622 2525">
     <span class='ocr_line' id='line_1_34' title="bbox 817 1471 1620 1554; baseline 0.012 -26"><span class='ocrx_word' id='word_1_188' title='bbox 817 1471 966 1544; x_wconf 85' lang='lat' dir='ltr'><strong><em>Scriptum</em></strong></span> <span class='ocrx_word' id='word_1_189' title='bbox 975 1476 1040 1529; x_wconf 86' lang='lat' dir='ltr'><strong><em>est:</em></strong></span> <span class='ocrx_word' id='word_1_190' title='bbox 1059 1473 1133 1540; x_wconf 85' lang='lat' dir='ltr'><strong><em>Quia</em></strong></span> <span class='ocrx_word' id='word_1_191' title='bbox 1143 1477 1270 1532; x_wconf 88' lang='lat' dir='ltr'><strong><em>mundus</em></strong></span> <span class='ocrx_word' id='word_1_192' title='bbox 1283 1478 1315 1532; x_wconf 93' lang='lat' dir='ltr'><strong><em>in</em></strong></span> <span class='ocrx_word' id='word_1_193' title='bbox 1329 1479 1387 1534; x_wconf 86' lang='lat' dir='ltr'><strong><em>Dei</em></strong></span> <span class='ocrx_word' id='word_1_194' title='bbox 1397 1483 1554 1552; x_wconf 87' lang='lat' dir='ltr'><strong><em>saptentia,</em></strong></span> <span class='ocrx_word' id='word_1_195' title='bbox 1563 1497 1620 1554; x_wconf 86' lang='lat' dir='ltr'><strong><em>per</em></strong></span> 
     </span>
     <span class='ocr_line' id='line_1_35' title="bbox 781 1563 1622 1641; baseline 0.01 -25"><span class='ocrx_word' id='word_1_196' title='bbox 781 1563 1622 1641; x_wconf 78' lang='lat' dir='ltr'><strong><em>sepientiamDeumnoncognovit,·placuitDeoperstulti·</em></strong></span> 
     </span>
     <span class='ocr_line' id='line_1_36' title="bbox 783 1650 1619 1729; baseline 0.012 -25"><span class='ocrx_word' id='word_1_197' title='bbox 783 1650 1619 1729; x_wconf 69' lang='lat' dir='ltr'><strong><em>tiumpradicttionissalvosinceroorcdentes(IGorn).</em></strong></span> 
     </span>
     <span class='ocr_line' id='line_1_37' title="bbox 782 1738 1621 1817; baseline 0.012 -25"><span class='ocrx_word' id='word_1_198' title='bbox 782 1738 910 1794; x_wconf 86' lang='lat' dir='ltr'><strong><em>Mundus</em></strong></span> <span class='ocrx_word' id='word_1_199' title='bbox 935 1739 1110 1810; x_wconf 82' lang='lat' dir='ltr'><strong><em>sapientiam</em></strong></span> <span class='ocrx_word' id='word_1_200' title='bbox 1128 1741 1244 1814; x_wconf 89' lang='lat' dir='ltr'><strong><em>habuit,</em></strong></span> <span class='ocrx_word' id='word_1_201' title='bbox 1267 1759 1321 1815; x_wconf 90' lang='lat' dir='ltr'><strong><em>per</em></strong></span> <span class='ocrx_word' id='word_1_202' title='bbox 1345 1761 1432 1817; x_wconf 89' lang='lat' dir='ltr'><strong><em>quam</em></strong></span> <span class='ocrx_word' id='word_1_203' title='bbox 1453 1746 1546 1802; x_wconf 90' lang='lat' dir='ltr'><strong><em>Deum</em></strong></span> <span class='ocrx_word' id='word_1_204' title='bbox 1561 1763 1621 1802; x_wconf 90' lang='lat' dir='ltr'><strong><em>non</em></strong></span> 
     </span>
     <span class='ocr_line' id='line_1_38' title="bbox 783 1828 1620 1907; baseline 0.011 -26"><span class='ocrx_word' id='word_1_205' title='bbox 783 1828 1620 1907; x_wconf 84' lang='lat' dir='ltr'><strong><em>potuitcognoacereposituminsapientiusna.Sapientia</em></strong></span> 
     </span>
     <span class='ocr_line' id='line_1_39' title="bbox 783 1916 1621 1990; baseline 0.012 -20"><span class='ocrx_word' id='word_1_206' title='bbox 783 1916 885 1971; x_wconf 90' lang='lat' dir='ltr'><strong><em>mnndi</em></strong></span> <span class='ocrx_word' id='word_1_207' title='bbox 899 1917 954 1972; x_wconf 87' lang='lat' dir='ltr'><strong><em>init</em></strong></span> <span class='ocrx_word' id='word_1_208' title='bbox 968 1919 1043 1973; x_wconf 91' lang='lat' dir='ltr'><strong><em>ratio</em></strong></span> <span class='ocrx_word' id='word_1_209' title='bbox 1057 1917 1201 1990; x_wconf 89' lang='lat' dir='ltr'><strong><em>hnmana,</em></strong></span> <span class='ocrx_word' id='word_1_210' title='bbox 1217 1922 1382 1977; x_wconf 90' lang='lat' dir='ltr'><strong><em>secundum</em></strong></span> <span class='ocrx_word' id='word_1_211' title='bbox 1395 1923 1559 1980; x_wconf 83' lang='lat' dir='ltr'><strong><em>visibilium</em></strong></span> <span class='ocrx_word' id='word_1_212' title='bbox 1574 1940 1621 1980; x_wconf 89' lang='lat' dir='ltr'><strong><em>ra-</em></strong></span> 
     </span>
     <span class='ocr_line' id='line_1_40' title="bbox 783 2007 1618 2081; baseline 0.01 -22"><span class='ocrx_word' id='word_1_213' title='bbox 783 2020 849 2060; x_wconf 90' lang='lat' dir='ltr'><strong><em>rum</em></strong></span> <span class='ocrx_word' id='word_1_214' title='bbox 871 2008 1004 2060; x_wconf 78' lang='lat' dir='ltr'><strong><em>naturam</em></strong></span> <span class='ocrx_word' id='word_1_215' title='bbox 1027 2009 1056 2062; x_wconf 91' lang='lat' dir='ltr'><strong><em>et</em></strong></span> <span class='ocrx_word' id='word_1_216' title='bbox 1077 2007 1222 2063; x_wconf 85' lang='lat' dir='ltr'><strong><em>elementa</em></strong></span> <span class='ocrx_word' id='word_1_217' title='bbox 1239 2008 1331 2081; x_wconf 89' lang='lat' dir='ltr'><strong><em>hujus</em></strong></span> <span class='ocrx_word' id='word_1_218' title='bbox 1358 2011 1459 2066; x_wconf 91' lang='lat' dir='ltr'><strong><em>mundi</em></strong></span> <span class='ocrx_word' id='word_1_219' title='bbox 1485 2011 1618 2068; x_wconf 80' lang='lat' dir='ltr'><strong><em>formata.</em></strong></span> 
     </span>
     <span class='ocr_line' id='line_1_41' title="bbox 783 2093 1622 2170; baseline 0.007 -21"><span class='ocrx_word' id='word_1_220' title='bbox 783 2093 931 2166; x_wconf 86' lang='lat' dir='ltr'><strong><em>Sapientia</em></strong></span> <span class='ocrx_word' id='word_1_221' title='bbox 947 2094 1000 2150; x_wconf 85' lang='lat' dir='ltr'><strong><em>Dei</em></strong></span> <span class='ocrx_word' id='word_1_222' title='bbox 1016 2094 1071 2150; x_wconf 90' lang='lat' dir='ltr'><strong><em>luit</em></strong></span> <span class='ocrx_word' id='word_1_223' title='bbox 1082 2095 1154 2168; x_wconf 82' lang='lat' dir='ltr'><strong><em>ejus</em></strong></span> <span class='ocrx_word' id='word_1_224' title='bbox 1169 2095 1328 2153; x_wconf 78' lang='lat' dir='ltr'><strong><em>ineffabilis</em></strong></span> <span class='ocrx_word' id='word_1_225' title='bbox 1343 2098 1501 2170; x_wconf 83' lang='lat' dir='ltr'><strong><em>majestas,</em></strong></span> <span class='ocrx_word' id='word_1_226' title='bbox 1527 2103 1557 2156; x_wconf 86' lang='lat' dir='ltr'><strong><em>et</em></strong></span> <span class='ocrx_word' id='word_1_227' title='bbox 1580 2101 1622 2155; x_wconf 92' lang='lat' dir='ltr'><strong><em>in·</em></strong></span> 
     </span>
     <span class='ocr_line' id='line_1_42' title="bbox 784 2182 1621 2258; baseline 0.01 -21"><span class='ocrx_word' id='word_1_228' title='bbox 784 2182 1063 2254; x_wconf 86' lang='lat' dir='ltr'><strong><em>comprehensibilis</em></strong></span> <span class='ocrx_word' id='word_1_229' title='bbox 1077 2184 1205 2240; x_wconf 88' lang='lat' dir='ltr'><strong><em>bonitas.</em></strong></span> <span class='ocrx_word' id='word_1_230' title='bbox 1223 2185 1291 2241; x_wconf 79' lang='lat' dir='ltr'><strong><em>Erat</em></strong></span> <span class='ocrx_word' id='word_1_231' title='bbox 1305 2189 1335 2242; x_wconf 88' lang='lat' dir='ltr'><strong><em>et</em></strong></span> <span class='ocrx_word' id='word_1_232' title='bbox 1348 2187 1504 2258; x_wconf 90' lang='lat' dir='ltr'><strong><em>prudentia</em></strong></span> <span class='ocrx_word' id='word_1_233' title='bbox 1518 2190 1621 2245; x_wconf 91' lang='lat' dir='ltr'><strong><em>mnndi</em></strong></span> 
     </span>
     <span class='ocr_line' id='line_1_43' title="bbox 784 2270 1620 2348; baseline 0.011 -23"><span class='ocrx_word' id='word_1_234' title='bbox 784 2270 862 2326; x_wconf 88' lang='lat' dir='ltr'><strong><em>circa</em></strong></span> <span class='ocrx_word' id='word_1_235' title='bbox 878 2271 1031 2327; x_wconf 89' lang='lat' dir='ltr'><strong><em>commoda</em></strong></span> <span class='ocrx_word' id='word_1_236' title='bbox 1047 2273 1146 2327; x_wconf 85' lang='lat' dir='ltr'><strong><em>carnis</em></strong></span> <span class='ocrx_word' id='word_1_237' title='bbox 1162 2273 1291 2347; x_wconf 88' lang='lat' dir='ltr'><strong><em>diligens</em></strong></span> <span class='ocrx_word' id='word_1_238' title='bbox 1307 2275 1546 2348; x_wconf 86' lang='lat' dir='ltr'><strong><em>circumspectio.</em></strong></span> <span class='ocrx_word' id='word_1_239' title='bbox 1567 2278 1620 2334; x_wconf 88' lang='lat' dir='ltr'><strong><em>Sa·</em></strong></span> 
     </span>
     <span class='ocr_line' id='line_1_44' title="bbox 783 2358 1620 2439; baseline 0.011 -26"><span class='ocrx_word' id='word_1_240' title='bbox 783 2358 892 2432; x_wconf 86' lang='lat' dir='ltr'><strong><em>pientia</em></strong></span> <span class='ocrx_word' id='word_1_241' title='bbox 914 2373 987 2433; x_wconf 89' lang='lat' dir='ltr'><strong><em>ergo</em></strong></span> <span class='ocrx_word' id='word_1_242' title='bbox 1011 2361 1112 2416; x_wconf 88' lang='lat' dir='ltr'><strong><em>mundi</em></strong></span> <span class='ocrx_word' id='word_1_243' title='bbox 1136 2376 1203 2433; x_wconf 88' lang='lat' dir='ltr'><strong><em>quaa</em></strong></span> <span class='ocrx_word' id='word_1_244' title='bbox 1221 2362 1348 2419; x_wconf 89' lang='lat' dir='ltr'><strong><em>humana</em></strong></span> <span class='ocrx_word' id='word_1_245' title='bbox 1364 2366 1478 2422; x_wconf 88' lang='lat' dir='ltr'><strong><em>ratione</em></strong></span> <span class='ocrx_word' id='word_1_246' title='bbox 1493 2365 1620 2439; x_wconf 87' lang='lat' dir='ltr'><strong><em>incedit,</em></strong></span> 
     </span>
     <span class='ocr_line' id='line_1_45' title="bbox 782 2447 1621 2525; baseline 0.007 -21"><span class='ocrx_word' id='word_1_247' title='bbox 782 2450 872 2520; x_wconf 91' lang='lat' dir='ltr'><strong><em>negat</em></strong></span> <span class='ocrx_word' id='word_1_248' title='bbox 891 2447 998 2519; x_wconf 72' lang='lat' dir='ltr'><strong><em>iidem,</em></strong></span> <span class='ocrx_word' id='word_1_249' title='bbox 1023 2449 1179 2520; x_wconf 90' lang='lat' dir='ltr'><strong><em>prudentia</em></strong></span> <span class='ocrx_word' id='word_1_250' title='bbox 1194 2453 1291 2507; x_wconf 88' lang='lat' dir='ltr'><strong><em>autem</em></strong></span> <span class='ocrx_word' id='word_1_251' title='bbox 1314 2452 1414 2508; x_wconf 91' lang='lat' dir='ltr'><strong><em>mundi</em></strong></span> <span class='ocrx_word' id='word_1_252' title='bbox 1431 2469 1498 2525; x_wconf 77' lang='lat' dir='ltr'><strong><em>quaa</em></strong></span> <span class='ocrx_word' id='word_1_253' title='bbox 1521 2456 1621 2510; x_wconf 88' lang='lat' dir='ltr'><strong><em>carnis</em></strong></span> 
     </span>
    </p>
   </div>
   <div class='ocr_carea' id='block_1_15' title="bbox 63 2500 1630 4307">
    <p class='ocr_par' dir='ltr' id='par_1_15' title="bbox 63 2500 1623 2968">
     <span class='ocr_line' id='line_1_46' title="bbox 64 2500 1622 2612; baseline 0.006 -23"><span class='ocrx_word' id='word_1_254' title='bbox 64 2500 136 2555; x_wconf 56' lang='lat' dir='ltr'><strong><em>mis</em></strong></span> <span class='ocrx_word' id='word_1_255' title='bbox 148 2503 440 2601; x_wconf 42' lang='lat' dir='ltr'><strong><em>”efffflimmbmi</em></strong></span> <span class='ocrx_word' id='word_1_256' title='bbox 451 2503 549 2573; x_wconf 44' lang='lat' dir='ltr'><strong>baba*</strong></span> <span class='ocrx_word' id='word_1_257' title='bbox 566 2503 664 2558; x_wconf 58' lang='grc' dir='ltr'><strong><em>ΜΒ</em></strong></span> <span class='ocrx_word' id='word_1_258' title='bbox 675 2519 728 2559; x_wconf 60' lang='lat'><strong><em>‘¹⁰&#39;</em></strong></span> <span class='ocrx_word' id='word_1_259' title='bbox 783 2539 895 2593; x_wconf 87' lang='lat' dir='ltr'><strong><em>tantam</em></strong></span> <span class='ocrx_word' id='word_1_260' title='bbox 906 2539 1060 2593; x_wconf 86' lang='lat' dir='ltr'><strong><em>commoda</em></strong></span> <span class='ocrx_word' id='word_1_261' title='bbox 1075 2554 1210 2610; x_wconf 81' lang='lat' dir='ltr'><strong><em>quaerere</em></strong></span> <span class='ocrx_word' id='word_1_262' title='bbox 1226 2539 1326 2612; x_wconf 93' lang='lat' dir='ltr'><strong><em>docet,</em></strong></span> <span class='ocrx_word' id='word_1_263' title='bbox 1352 2544 1381 2597; x_wconf 89' lang='lat' dir='ltr'><strong><em>et</em></strong></span> <span class='ocrx_word' id='word_1_264' title='bbox 1399 2544 1493 2599; x_wconf 92' lang='lat' dir='ltr'><strong><em>vitare</em></strong></span> <span class='ocrx_word' id='word_1_265' title='bbox 1512 2542 1622 2599; x_wconf 84' lang='lat' dir='ltr'><strong><em>incom-</em></strong></span> 
     </span>
     <span class='ocr_line' id='line_1_47' title="bbox 64 2589 1623 2704; baseline 0.006 -26"><span class='ocrx_word' id='word_1_266' title='bbox 64 2589 131 2645; x_wconf 47' lang='grc' dir='ltr'><strong><em>ΓΗΒ</em></strong></span> <span class='ocrx_word' id='word_1_267' title='bbox 148 2607 236 2661; x_wconf 70' lang='lat' dir='ltr'>p¹&#39;¹¹¹¹¹</span> <span class='ocrx_word' id='word_1_268' title='bbox 254 2595 394 2661; x_wconf 56' lang='lat' dir='ltr'><strong><em>‘⁰⁸9⁰‘3‘u</em></strong></span> <span class='ocrx_word' id='word_1_269' title='bbox 408 2607 506 2663; x_wconf 64' lang='lat' dir='ltr'>poenoe</span> <span class='ocrx_word' id='word_1_270' title='bbox 522 2596 602 2663; x_wconf 67' lang='lat'><strong>⁸⁰⁰¹»</strong></span> <span class='ocrx_word' id='word_1_271' title='bbox 618 2597 648 2648; x_wconf 44' lang='grc' dir='ltr'><strong><em>οἱ</em></strong></span> <span class='ocrx_word' id='word_1_272' title='bbox 661 2609 727 2665; x_wconf 64' lang='lat'><strong><em>9⁰³*</em></strong></span> <span class='ocrx_word' id='word_1_273' title='bbox 783 2625 880 2697; x_wconf 87' lang='lat' dir='ltr'><strong><em>moda,</em></strong></span> <span class='ocrx_word' id='word_1_274' title='bbox 898 2625 1025 2683; x_wconf 85' lang='lat' dir='ltr'><strong><em>destruit</em></strong></span> <span class='ocrx_word' id='word_1_275' title='bbox 1039 2626 1148 2683; x_wconf 88' lang='lat' dir='ltr'><strong><em>bonam</em></strong></span> <span class='ocrx_word' id='word_1_276' title='bbox 1162 2631 1373 2700; x_wconf 87' lang='lat' dir='ltr'><strong><em>operationem.</em></strong></span> <span class='ocrx_word' id='word_1_277' title='bbox 1395 2630 1554 2704; x_wconf 78' lang='lat' dir='ltr'><strong><em>Propterea</em></strong></span> <span class='ocrx_word' id='word_1_278' title='bbox 1574 2648 1623 2688; x_wconf 88' lang='lat' dir='ltr'><strong><em>aa·</em></strong></span> 
     </span>
     <span class='ocr_line' id='line_1_48' title="bbox 63 2681 1623 2792; baseline 0.006 -25"><span class='ocrx_word' id='word_1_279' title='bbox 63 2681 102 2750; x_wconf 46' lang='grc' dir='ltr'><strong><em>αὖ</em></strong></span> <span class='ocrx_word' id='word_1_280' title='bbox 118 2682 243 2751; x_wconf 56' lang='lat' dir='ltr'><strong>quarum</strong></span> <span class='ocrx_word' id='word_1_281' title='bbox 260 2695 316 2734; x_wconf 76' lang='lat'><strong><em>¹²⁰⁰</em></strong></span> <span class='ocrx_word' id='word_1_282' title='bbox 332 2685 472 2751; x_wconf 65' lang='lat' dir='ltr'><strong><em>&#39;&#39;⁰⁸9⁰0m</em></strong></span> <span class='ocrx_word' id='word_1_283' title='bbox 486 2697 583 2752; x_wconf 52' lang='grc' dir='ltr'><strong><em>ΡΜ</em></strong></span> <span class='ocrx_word' id='word_1_284' title='bbox 599 2686 655 2751; x_wconf 63' lang='lat'><strong><em>⁰⁸²⁹</em></strong></span> <span class='ocrx_word' id='word_1_285' title='bbox 672 2698 728 2738; x_wconf 74' lang='lat'>¹¹⁰⁰</span> <span class='ocrx_word' id='word_1_286' title='bbox 784 2715 924 2786; x_wconf 86' lang='lat' dir='ltr'><strong><em>pientiam</em></strong></span> <span class='ocrx_word' id='word_1_287' title='bbox 935 2717 1036 2772; x_wconf 91' lang='lat' dir='ltr'><strong><em>mundi</em></strong></span> <span class='ocrx_word' id='word_1_288' title='bbox 1048 2717 1167 2772; x_wconf 87' lang='lat' dir='ltr'><strong><em>stultam</em></strong></span> <span class='ocrx_word' id='word_1_289' title='bbox 1177 2721 1291 2789; x_wconf 88' lang='lat' dir='ltr'><strong><em>reputat</em></strong></span> <span class='ocrx_word' id='word_1_290' title='bbox 1299 2720 1389 2791; x_wconf 89' lang='lat' dir='ltr'><strong><em>Deua,</em></strong></span> <span class='ocrx_word' id='word_1_291' title='bbox 1400 2724 1430 2776; x_wconf 86' lang='lat' dir='ltr'><strong><em>et</em></strong></span> <span class='ocrx_word' id='word_1_292' title='bbox 1437 2721 1623 2792; x_wconf 90' lang='lat' dir='ltr'><strong><em>prudentiam</em></strong></span> 
     </span>
     <span class='ocr_line' id='line_1_49' title="bbox 64 2767 1621 2882; baseline 0.006 -25"><span class='ocrx_word' id='word_1_293' title='bbox 64 2767 120 2823; x_wconf 47' lang='lat' dir='ltr'><strong><em>ba·</em></strong></span> <span class='ocrx_word' id='word_1_294' title='bbox 782 2804 897 2876; x_wconf 76' lang='lat' dir='ltr'><strong><em>judicat</em></strong></span> <span class='ocrx_word' id='word_1_295' title='bbox 911 2805 1069 2876; x_wconf 87' lang='lat' dir='ltr'><strong><em>inimicam,</em></strong></span> <span class='ocrx_word' id='word_1_296' title='bbox 1086 2807 1225 2880; x_wconf 89' lang='lat' dir='ltr'><strong><em>quoniam</em></strong></span> <span class='ocrx_word' id='word_1_297' title='bbox 1240 2807 1289 2863; x_wconf 90' lang='lat' dir='ltr'><strong><em>illa</em></strong></span> <span class='ocrx_word' id='word_1_298' title='bbox 1304 2809 1419 2865; x_wconf 85' lang='lat' dir='ltr'><strong><em>veritati</em></strong></span> <span class='ocrx_word' id='word_1_299' title='bbox 1434 2810 1621 2882; x_wconf 84' lang='lat' dir='ltr'><strong><em>adversatur,</em></strong></span> 
     </span>
     <span class='ocr_line' id='line_1_50' title="bbox 65 2874 1621 2968; baseline 0.006 -20"><span class='ocrx_word' id='word_1_300' title='bbox 65 2874 99 2930; x_wconf 75' lang='lat' dir='ltr'><strong><em>V·</em></strong></span> <span class='ocrx_word' id='word_1_301' title='bbox 117 2875 161 2931; x_wconf 64' lang='lat' dir='ltr'><strong><em>De</em></strong></span> <span class='ocrx_word' id='word_1_302' title='bbox 178 2876 277 2931; x_wconf 59' lang='lat' dir='ltr'><strong><em>‘sibus</em></strong></span> <span class='ocrx_word' id='word_1_303' title='bbox 299 2876 465 2949; x_wconf 59' lang='lat' dir='ltr'><strong><em>demum</em></strong></span> <span class='ocrx_word' id='word_1_304' title='bbox 484 2877 632 2934; x_wconf 58' lang='lat' dir='ltr'><strong><em>&#39;winidum</em></strong></span> <span class='ocrx_word' id='word_1_305' title='bbox 647 2879 728 2934; x_wconf 65' lang='lat'><strong><em>01&#39;1&#39;02</em></strong></span> <span class='ocrx_word' id='word_1_306' title='bbox 785 2893 842 2949; x_wconf 89' lang='lat' dir='ltr'><strong><em>ista</em></strong></span> <span class='ocrx_word' id='word_1_307' title='bbox 852 2893 1013 2950; x_wconf 89' lang='lat' dir='ltr'><strong><em>dilectioni.</em></strong></span> <span class='ocrx_word' id='word_1_308' title='bbox 1029 2895 1190 2966; x_wconf 87' lang='lat' dir='ltr'><strong><em>Propterea</em></strong></span> <span class='ocrx_word' id='word_1_309' title='bbox 1200 2900 1353 2968; x_wconf 85' lang='lat' dir='ltr'><strong><em>utramque</em></strong></span> <span class='ocrx_word' id='word_1_310' title='bbox 1368 2898 1601 2957; x_wconf 81' lang='lat' dir='ltr'><strong><em>destruxitDeus</em></strong></span> <span class='ocrx_word' id='word_1_311' title='bbox 1615 2913 1621 2957; x_wconf 91' lang='lat'>:</span> 
     </span>
    </p>

    <p class='ocr_par' dir='ltr' id='par_1_16' title="bbox 63 2965 1630 4307">
     <span class='ocr_line' id='line_1_51' title="bbox 130 2965 1624 3061; baseline 0.006 -25"><span class='ocrx_word' id='word_1_312' title='bbox 130 2965 296 3020; x_wconf 69' lang='lat' dir='ltr'><strong><em>⁶⁰¹¹ffi⁰²¹¹¹²¹</em></strong></span> <span class='ocrx_word' id='word_1_313' title='bbox 312 2983 376 3020; x_wconf 65' lang='lat' dir='ltr'><strong><em>clm</em></strong></span> <span class='ocrx_word' id='word_1_314' title='bbox 393 2967 487 3022; x_wconf 60' lang='lat' dir='ltr'><strong><em>Villi&amp;</em></strong></span> <span class='ocrx_word' id='word_1_315' title='bbox 786 2983 971 3055; x_wconf 89' lang='lat' dir='ltr'><strong><em>sapientiam,</em></strong></span> <span class='ocrx_word' id='word_1_316' title='bbox 994 2995 1049 3055; x_wconf 87' lang='lat' dir='ltr'><strong><em>per</em></strong></span> <span class='ocrx_word' id='word_1_317' title='bbox 1072 2985 1240 3056; x_wconf 87' lang='lat' dir='ltr'><strong><em>stultitiam;</em></strong></span> <span class='ocrx_word' id='word_1_318' title='bbox 1264 2987 1460 3059; x_wconf 89' lang='lat' dir='ltr'><strong><em>prudentiam,</em></strong></span> <span class='ocrx_word' id='word_1_319' title='bbox 1476 3005 1530 3061; x_wconf 91' lang='lat' dir='ltr'><strong><em>per</em></strong></span> <span class='ocrx_word' id='word_1_320' title='bbox 1543 2989 1624 3045; x_wconf 88' lang='lat' dir='ltr'><strong><em>insa-</em></strong></span> 
     </span>
     <span class='ocr_line' id='line_1_52' title="bbox 64 3070 1624 3148; baseline 0.003 -20"><span class='ocrx_word' id='word_1_321' title='bbox 64 3086 89 3126; x_wconf 88' lang='lat' dir='ltr'><strong><em>m</em></strong></span> <span class='ocrx_word' id='word_1_322' title='bbox 118 3088 184 3126; x_wconf 90' lang='lat' dir='ltr'><strong><em>cum</em></strong></span> <span class='ocrx_word' id='word_1_323' title='bbox 208 3074 287 3127; x_wconf 89' lang='lat' dir='ltr'><strong><em>vitiis</em></strong></span> <span class='ocrx_word' id='word_1_324' title='bbox 317 3074 557 3148; x_wconf 80' lang='lat' dir='ltr'><strong><em>conflictantium,</em></strong></span> <span class='ocrx_word' id='word_1_325' title='bbox 584 3075 633 3130; x_wconf 87' lang='lat' dir='ltr'><strong><em>alii</em></strong></span> <span class='ocrx_word' id='word_1_326' title='bbox 659 3078 729 3132; x_wconf 90' lang='lat' dir='ltr'><strong><em>sunt</em></strong></span> <span class='ocrx_word' id='word_1_327' title='bbox 785 3072 874 3128; x_wconf 88' lang='lat' dir='ltr'><strong><em>niam.</em></strong></span> <span class='ocrx_word' id='word_1_328' title='bbox 890 3070 982 3138; x_wconf 85' lang='lat' dir='ltr'><strong><em>Quasi</em></strong></span> <span class='ocrx_word' id='word_1_329' title='bbox 997 3072 1076 3128; x_wconf 89' lang='lat' dir='ltr'><strong><em>enim</em></strong></span> <span class='ocrx_word' id='word_1_330' title='bbox 1091 3072 1214 3128; x_wconf 88' lang='lat' dir='ltr'><strong><em>stultitia</em></strong></span> <span class='ocrx_word' id='word_1_331' title='bbox 1229 3074 1365 3146; x_wconf 76' lang='lat' dir='ltr'><strong><em>quaedam</em></strong></span> <span class='ocrx_word' id='word_1_332' title='bbox 1379 3075 1433 3131; x_wconf 89' lang='lat' dir='ltr'><strong><em>Dei</em></strong></span> <span class='ocrx_word' id='word_1_333' title='bbox 1449 3077 1624 3133; x_wconf 86' lang='lat' dir='ltr'><strong><em>luitsecun·</em></strong></span> 
     </span>
     <span class='ocr_line' id='line_1_53' title="bbox 64 3160 1624 3239; baseline 0.005 -25"><span class='ocrx_word' id='word_1_334' title='bbox 64 3160 86 3215; x_wconf 89' lang='lat' dir='ltr'><strong><em>ii</em></strong></span> <span class='ocrx_word' id='word_1_335' title='bbox 99 3164 248 3233; x_wconf 72' lang='lat' dir='ltr'><strong><em>numntoa,</em></strong></span> <span class='ocrx_word' id='word_1_336' title='bbox 274 3163 323 3217; x_wconf 85' lang='lat' dir='ltr'><strong><em>alii</em></strong></span> <span class='ocrx_word' id='word_1_337' title='bbox 340 3168 494 3236; x_wconf 84' lang='lat' dir='ltr'><strong><em>vagantes.</em></strong></span> <span class='ocrx_word' id='word_1_338' title='bbox 525 3165 642 3220; x_wconf 89' lang='lat' dir='ltr'><strong><em>Stantes</em></strong></span> <span class='ocrx_word' id='word_1_339' title='bbox 658 3167 729 3221; x_wconf 91' lang='lat' dir='ltr'><strong><em>sunt</em></strong></span> <span class='ocrx_word' id='word_1_340' title='bbox 786 3162 856 3218; x_wconf 90' lang='lat' dir='ltr'><strong><em>dum</em></strong></span> <span class='ocrx_word' id='word_1_341' title='bbox 869 3160 1030 3217; x_wconf 86' lang='lat' dir='ltr'><strong><em>humanum</em></strong></span> <span class='ocrx_word' id='word_1_342' title='bbox 1046 3177 1179 3231; x_wconf 89' lang='lat' dir='ltr'><strong><em>sensum,</em></strong></span> <span class='ocrx_word' id='word_1_343' title='bbox 1191 3163 1270 3234; x_wconf 89' lang='lat' dir='ltr'><strong><em>quod</em></strong></span> <span class='ocrx_word' id='word_1_344' title='bbox 1280 3164 1316 3219; x_wconf 91' lang='lat' dir='ltr'><strong><em>ad</em></strong></span> <span class='ocrx_word' id='word_1_345' title='bbox 1332 3163 1448 3237; x_wconf 80' lang='lat' dir='ltr'><strong><em>abjecta</em></strong></span> <span class='ocrx_word' id='word_1_346' title='bbox 1459 3168 1487 3221; x_wconf 89' lang='lat' dir='ltr'><strong><em>et</em></strong></span> <span class='ocrx_word' id='word_1_347' title='bbox 1502 3166 1624 3239; x_wconf 89' lang='lat' dir='ltr'><strong><em>indigna</em></strong></span> 
     </span>
     <span class='ocr_line' id='line_1_54' title="bbox 64 3250 1624 3328; baseline 0.004 -23"><span class='ocrx_word' id='word_1_348' title='bbox 64 3252 728 3326; x_wconf 85' lang='lat' dir='ltr'><strong><em>,nutantesnondumradioativagantcsdissi-</em></strong></span> <span class='ocrx_word' id='word_1_349' title='bbox 785 3250 845 3306; x_wconf 87' lang='lat' dir='ltr'><strong><em>sibi</em></strong></span> <span class='ocrx_word' id='word_1_350' title='bbox 867 3266 900 3306; x_wconf 86' lang='lat' dir='ltr'><strong><em>ss</em></strong></span> <span class='ocrx_word' id='word_1_351' title='bbox 922 3250 1096 3306; x_wconf 87' lang='lat' dir='ltr'><strong><em>humiliavit.</em></strong></span> <span class='ocrx_word' id='word_1_352' title='bbox 1124 3251 1242 3306; x_wconf 88' lang='lat' dir='ltr'><strong><em>Insania</em></strong></span> <span class='ocrx_word' id='word_1_353' title='bbox 1263 3256 1361 3309; x_wconf 87' lang='lat' dir='ltr'><strong><em>autem</em></strong></span> <span class='ocrx_word' id='word_1_354' title='bbox 1375 3256 1522 3327; x_wconf 83' lang='lat' dir='ltr'><strong><em>reputata,</em></strong></span> <span class='ocrx_word' id='word_1_355' title='bbox 1543 3257 1624 3328; x_wconf 87' lang='lat' dir='ltr'><strong><em>quod</em></strong></span> 
     </span>
     <span class='ocr_line' id='line_1_55' title="bbox 64 3341 1625 3418; baseline 0.003 -23"><span class='ocrx_word' id='word_1_356' title='bbox 64 3342 727 3415; x_wconf 80' lang='lat' dir='ltr'><strong><em>assuntquiviceruntnutantesquipugnant,</em></strong></span> <span class='ocrx_word' id='word_1_357' title='bbox 785 3341 851 3396; x_wconf 88' lang='lat' dir='ltr'><strong><em>sine</em></strong></span> <span class='ocrx_word' id='word_1_358' title='bbox 862 3341 1041 3397; x_wconf 84' lang='lat' dir='ltr'><strong><em>necessitate</em></strong></span> <span class='ocrx_word' id='word_1_359' title='bbox 1056 3343 1116 3394; x_wconf 89' lang='lat' dir='ltr'><strong><em>tnm</em></strong></span> <span class='ocrx_word' id='word_1_360' title='bbox 1132 3341 1205 3396; x_wconf 87' lang='lat' dir='ltr'><strong><em>dura</em></strong></span> <span class='ocrx_word' id='word_1_361' title='bbox 1216 3341 1366 3398; x_wconf 84' lang='lat' dir='ltr'><strong><em>sustinuit.</em></strong></span> <span class='ocrx_word' id='word_1_362' title='bbox 1379 3341 1415 3398; x_wconf 84' lang='lat' dir='ltr'><strong><em>Et</em></strong></span> <span class='ocrx_word' id='word_1_363' title='bbox 1425 3345 1522 3400; x_wconf 64' lang='lat' dir='ltr'><strong><em>nmen</em></strong></span> <span class='ocrx_word' id='word_1_364' title='bbox 1533 3345 1625 3418; x_wconf 86' lang='lat' dir='ltr'><strong><em>quiin</em></strong></span> 
     </span>
     <span class='ocr_line' id='line_1_56' title="bbox 64 3429 1626 3504; baseline 0.004 -21"><span class='ocrx_word' id='word_1_365' title='bbox 64 3429 105 3502; x_wconf 81' lang='lat' dir='ltr'><strong><em>pai</em></strong></span> <span class='ocrx_word' id='word_1_366' title='bbox 127 3431 289 3485; x_wconf 88' lang='lat' dir='ltr'><strong><em>victisunt.</em></strong></span> <span class='ocrx_word' id='word_1_367' title='bbox 314 3431 433 3486; x_wconf 88' lang='lat' dir='ltr'><strong><em>Stantes</em></strong></span> <span class='ocrx_word' id='word_1_368' title='bbox 459 3434 528 3487; x_wconf 90' lang='lat' dir='ltr'><strong><em>sunt</em></strong></span> <span class='ocrx_word' id='word_1_369' title='bbox 547 3433 576 3486; x_wconf 91' lang='lat' dir='ltr'><strong><em>in</em></strong></span> <span class='ocrx_word' id='word_1_370' title='bbox 591 3447 675 3503; x_wconf 89' lang='lat' dir='ltr'><strong><em>pace,</em></strong></span> <span class='ocrx_word' id='word_1_371' title='bbox 693 3432 729 3488; x_wconf 88' lang='lat' dir='ltr'><strong><em>de</em></strong></span> <span class='ocrx_word' id='word_1_372' title='bbox 786 3430 930 3502; x_wconf 88' lang='lat' dir='ltr'><strong><em>sapientia</em></strong></span> <span class='ocrx_word' id='word_1_373' title='bbox 945 3442 1001 3486; x_wconf 88' lang='lat' dir='ltr'><strong><em>sua</em></strong></span> <span class='ocrx_word' id='word_1_374' title='bbox 1016 3429 1160 3503; x_wconf 77' lang='lat' dir='ltr'><strong><em>cognosci</em></strong></span> <span class='ocrx_word' id='word_1_375' title='bbox 1175 3432 1346 3502; x_wconf 90' lang='lat' dir='ltr'><strong><em>nonpotuit,</em></strong></span> <span class='ocrx_word' id='word_1_376' title='bbox 1364 3432 1491 3504; x_wconf 89' lang='lat' dir='ltr'><strong><em>quasiin</em></strong></span> <span class='ocrx_word' id='word_1_377' title='bbox 1502 3433 1626 3490; x_wconf 88' lang='lat' dir='ltr'><strong><em>stultitia</em></strong></span> 
     </span>
     <span class='ocr_line' id='line_1_57' title="bbox 64 3518 1626 3593; baseline 0.007 -24"><span class='ocrx_word' id='word_1_378' title='bbox 64 3522 129 3573; x_wconf 69' lang='lat' dir='ltr'><strong><em>:tum</em></strong></span> <span class='ocrx_word' id='word_1_379' title='bbox 144 3522 190 3573; x_wconf 90' lang='lat' dir='ltr'><strong><em>est</em></strong></span> <span class='ocrx_word' id='word_1_380' title='bbox 206 3535 212 3574; x_wconf 89' lang='lat'><strong>:</strong></span> <span class='ocrx_word' id='word_1_381' title='bbox 231 3519 286 3585; x_wconf 86' lang='lat' dir='ltr'><strong><em>Qui</em></strong></span> <span class='ocrx_word' id='word_1_382' title='bbox 296 3522 395 3591; x_wconf 88' lang='lat' dir='ltr'><strong><em>posuit</em></strong></span> <span class='ocrx_word' id='word_1_383' title='bbox 413 3518 490 3575; x_wconf 81' lang='lat' dir='ltr'><strong><em>dnos</em></strong></span> <span class='ocrx_word' id='word_1_384' title='bbox 506 3527 687 3593; x_wconf 87' lang='lat' dir='ltr'><strong><em>tuospacam,</em></strong></span> <span class='ocrx_word' id='word_1_385' title='bbox 701 3527 730 3577; x_wconf 92' lang='lat' dir='ltr'><strong><em>et</em></strong></span> <span class='ocrx_word' id='word_1_386' title='bbox 786 3520 905 3591; x_wconf 87' lang='lat' dir='ltr'><strong><em>agnitus</em></strong></span> <span class='ocrx_word' id='word_1_387' title='bbox 915 3521 971 3591; x_wconf 86' lang='lat' dir='ltr'><strong><em>cst,</em></strong></span> <span class='ocrx_word' id='word_1_388' title='bbox 987 3519 1127 3592; x_wconf 85' lang='lat' dir='ltr'><strong><em>quoniam</em></strong></span> <span class='ocrx_word' id='word_1_389' title='bbox 1141 3519 1192 3591; x_wconf 89' lang='lat' dir='ltr'><strong><em>qui</em></strong></span> <span class='ocrx_word' id='word_1_390' title='bbox 1208 3518 1238 3574; x_wconf 91' lang='lat' dir='ltr'><strong><em>in</em></strong></span> <span class='ocrx_word' id='word_1_391' title='bbox 1249 3535 1304 3576; x_wconf 86' lang='lat' dir='ltr'><strong><em>sua</em></strong></span> <span class='ocrx_word' id='word_1_392' title='bbox 1315 3520 1490 3577; x_wconf 83' lang='lat' dir='ltr'><strong><em>celsitudine</em></strong></span> <span class='ocrx_word' id='word_1_393' title='bbox 1500 3537 1626 3580; x_wconf 90' lang='lat' dir='ltr'><strong><em>manens</em></strong></span> 
     </span>
     <span class='ocr_line' id='line_1_58' title="bbox 63 3608 1627 3687; baseline 0.005 -25"><span class='ocrx_word' id='word_1_394' title='bbox 63 3609 144 3663; x_wconf 81' lang='lat' dir='ltr'><strong><em>uenti</em></strong></span> <span class='ocrx_word' id='word_1_395' title='bbox 158 3609 250 3663; x_wconf 88' lang='lat' dir='ltr'><strong><em>satiat</em></strong></span> <span class='ocrx_word' id='word_1_396' title='bbox 260 3609 390 3679; x_wconf 81' lang='lat' dir='ltr'><strong><em>ta(&#39;Psal.</em></strong></span> <span class='ocrx_word' id='word_1_397' title='bbox 403 3611 529 3681; x_wconf 81' lang='lat' dir='ltr'><strong><em>cxnvrr);</em></strong></span> <span class='ocrx_word' id='word_1_398' title='bbox 544 3610 731 3681; x_wconf 64' lang='lat' dir='ltr'><strong><em>cunctosin</em></strong></span> <span class='ocrx_word' id='word_1_399' title='bbox 786 3623 846 3664; x_wconf 90' lang='lat' dir='ltr'><strong><em>non</em></strong></span> <span class='ocrx_word' id='word_1_400' title='bbox 860 3609 954 3680; x_wconf 90' lang='lat' dir='ltr'><strong><em>potuit</em></strong></span> <span class='ocrx_word' id='word_1_401' title='bbox 969 3608 1190 3680; x_wconf 88' lang='lat' dir='ltr'><strong><em>comprehendi,</em></strong></span> <span class='ocrx_word' id='word_1_402' title='bbox 1207 3609 1238 3664; x_wconf 91' lang='lat' dir='ltr'><strong><em>in</em></strong></span> <span class='ocrx_word' id='word_1_403' title='bbox 1252 3626 1308 3665; x_wconf 88' lang='lat' dir='ltr'><strong><em>aun</em></strong></span> <span class='ocrx_word' id='word_1_404' title='bbox 1323 3610 1525 3669; x_wconf 87' lang='lat' dir='ltr'><strong><em>humiliatione</em></strong></span> <span class='ocrx_word' id='word_1_405' title='bbox 1537 3614 1627 3687; x_wconf 85' lang='lat' dir='ltr'><strong><em>coepit</em></strong></span> 
     </span>
     <span class='ocr_line' id='line_1_59' title="bbox 67 3696 1626 3774; baseline 0.004 -23"><span class='ocrx_word' id='word_1_406' title='bbox 67 3703 238 3770; x_wconf 84' lang='lat' dir='ltr'><strong><em>3vagantes,</em></strong></span> <span class='ocrx_word' id='word_1_407' title='bbox 256 3699 286 3752; x_wconf 93' lang='lat' dir='ltr'><strong><em>in</em></strong></span> <span class='ocrx_word' id='word_1_408' title='bbox 294 3698 518 3754; x_wconf 86' lang='lat' dir='ltr'><strong><em>abalienatione.</em></strong></span> <span class='ocrx_word' id='word_1_409' title='bbox 535 3698 652 3754; x_wconf 89' lang='lat' dir='ltr'><strong><em>Stantca</em></strong></span> <span class='ocrx_word' id='word_1_410' title='bbox 661 3714 731 3770; x_wconf 90' lang='lat' dir='ltr'><strong><em>pos·</em></strong></span> <span class='ocrx_word' id='word_1_411' title='bbox 787 3699 923 3772; x_wconf 77' lang='lat' dir='ltr'><strong><em>agnosci.</em></strong></span> <span class='ocrx_word' id='word_1_412' title='bbox 940 3696 1031 3764; x_wconf 89' lang='lat' dir='ltr'><strong><em>Quasi</em></strong></span> <span class='ocrx_word' id='word_1_413' title='bbox 1050 3699 1129 3753; x_wconf 86' lang='lat' dir='ltr'><strong><em>enirn</em></strong></span> <span class='ocrx_word' id='word_1_414' title='bbox 1147 3699 1178 3753; x_wconf 93' lang='lat' dir='ltr'><strong><em>in</em></strong></span> <span class='ocrx_word' id='word_1_415' title='bbox 1202 3713 1257 3754; x_wconf 88' lang='lat' dir='ltr'><strong><em>sua</em></strong></span> <span class='ocrx_word' id='word_1_416' title='bbox 1281 3699 1426 3770; x_wconf 87' lang='lat' dir='ltr'><strong><em>sapientia</em></strong></span> <span class='ocrx_word' id='word_1_417' title='bbox 1451 3700 1530 3758; x_wconf 86' lang='lat' dir='ltr'><strong><em>Deus</em></strong></span> <span class='ocrx_word' id='word_1_418' title='bbox 1555 3702 1626 3774; x_wconf 89' lang='lat' dir='ltr'><strong><em>luit,</em></strong></span> 
     </span>
     <span class='ocr_line' id='line_1_60' title="bbox 63 3787 1627 3863; baseline 0.004 -23"><span class='ocrx_word' id='word_1_419' title='bbox 63 3789 168 3842; x_wconf 82' lang='lat' dir='ltr'><strong><em>itantcs</em></strong></span> <span class='ocrx_word' id='word_1_420' title='bbox 188 3789 328 3858; x_wconf 89' lang='lat' dir='ltr'><strong><em>appetunt</em></strong></span> <span class='ocrx_word' id='word_1_421' title='bbox 341 3790 370 3842; x_wconf 92' lang='lat' dir='ltr'><strong><em>et</em></strong></span> <span class='ocrx_word' id='word_1_422' title='bbox 385 3791 560 3860; x_wconf 87' lang='lat' dir='ltr'><strong><em>sequuntur,</em></strong></span> <span class='ocrx_word' id='word_1_423' title='bbox 586 3792 731 3862; x_wconf 87' lang='lat' dir='ltr'><strong><em>vagantes</em></strong></span> <span class='ocrx_word' id='word_1_424' title='bbox 788 3789 906 3860; x_wconf 87' lang='lat' dir='ltr'><strong><em>quando</em></strong></span> <span class='ocrx_word' id='word_1_425' title='bbox 930 3787 962 3843; x_wconf 92' lang='lat' dir='ltr'><strong><em>in</em></strong></span> <span class='ocrx_word' id='word_1_426' title='bbox 985 3803 1021 3844; x_wconf 90' lang='lat' dir='ltr'><strong><em>eo</em></strong></span> <span class='ocrx_word' id='word_1_427' title='bbox 1041 3787 1120 3859; x_wconf 87' lang='lat' dir='ltr'><strong><em>quod</em></strong></span> <span class='ocrx_word' id='word_1_428' title='bbox 1140 3787 1239 3859; x_wconf 88' lang='lat' dir='ltr'><strong><em>ipsum</em></strong></span> <span class='ocrx_word' id='word_1_429' title='bbox 1254 3787 1361 3843; x_wconf 88' lang='lat' dir='ltr'><strong><em>decere</em></strong></span> <span class='ocrx_word' id='word_1_430' title='bbox 1375 3789 1540 3863; x_wconf 89' lang='lat' dir='ltr'><strong><em>videbatur,</em></strong></span> <span class='ocrx_word' id='word_1_431' title='bbox 1558 3807 1627 3862; x_wconf 89' lang='lat' dir='ltr'><strong><em>per·</em></strong></span> 
     </span>
     <span class='ocr_line' id='line_1_61' title="bbox 72 3875 1628 3952; baseline 0.004 -22"><span class='ocrx_word' id='word_1_432' title='bbox 72 3875 294 3948; x_wconf 86' lang='lat' dir='ltr'><strong><em>abstrahuntur,</em></strong></span> <span class='ocrx_word' id='word_1_433' title='bbox 322 3877 496 3947; x_wconf 89' lang='lat' dir='ltr'><strong><em>primumad</em></strong></span> <span class='ocrx_word' id='word_1_434' title='bbox 513 3878 614 3934; x_wconf 89' lang='lat' dir='ltr'><strong><em>illicita</em></strong></span> <span class='ocrx_word' id='word_1_435' title='bbox 630 3894 730 3950; x_wconf 86' lang='lat' dir='ltr'><strong><em>opero,</em></strong></span> <span class='ocrx_word' id='word_1_436' title='bbox 787 3877 911 3948; x_wconf 80' lang='lat' dir='ltr'><strong><em>mansit3</em></strong></span> <span class='ocrx_word' id='word_1_437' title='bbox 923 3876 1488 3950; x_wconf 87' lang='lat' dir='ltr'><strong><em>sedibiagnitusnonest,doneoquasi</em></strong></span> <span class='ocrx_word' id='word_1_438' title='bbox 1499 3878 1628 3952; x_wconf 84' lang='lat' dir='ltr'><strong><em>desipuit</em></strong></span> 
     </span>
     <span class='ocr_line' id='line_1_62' title="bbox 63 3965 1628 4040; baseline 0.005 -22"><span class='ocrx_word' id='word_1_439' title='bbox 63 3965 135 4036; x_wconf 89' lang='lat' dir='ltr'><strong><em>rpia.</em></strong></span> <span class='ocrx_word' id='word_1_440' title='bbox 788 3969 818 4022; x_wconf 89' lang='lat' dir='ltr'><strong><em>et</em></strong></span> <span class='ocrx_word' id='word_1_441' title='bbox 836 3965 958 4040; x_wconf 89' lang='lat' dir='ltr'><strong><em>indigna</em></strong></span> <span class='ocrx_word' id='word_1_442' title='bbox 981 3967 1125 4037; x_wconf 88' lang='lat' dir='ltr'><strong><em>suscepit.</em></strong></span> <span class='ocrx_word' id='word_1_443' title='bbox 1146 3965 1191 4020; x_wconf 91' lang='lat' dir='ltr'><strong><em>lbi</em></strong></span> <span class='ocrx_word' id='word_1_444' title='bbox 1215 3969 1313 4022; x_wconf 89' lang='lat' dir='ltr'><strong><em>autem</em></strong></span> <span class='ocrx_word' id='word_1_445' title='bbox 1333 3967 1508 4038; x_wconf 88' lang='lat' dir='ltr'><strong><em>sapientiam</em></strong></span> <span class='ocrx_word' id='word_1_446' title='bbox 1526 3968 1628 4026; x_wconf 91' lang='lat' dir='ltr'><strong><em>mundi</em></strong></span> 
     </span>
     <span class='ocr_line' id='line_1_63' title="bbox 63 4055 1627 4147; baseline 0.005 -40"><span class='ocrx_word' id='word_1_447' title='bbox 63 4072 95 4129; x_wconf 63' lang='lat'><strong><em>50</em></strong></span> <span class='ocrx_word' id='word_1_448' title='bbox 105 4072 181 4129; x_wconf 61' lang='lat' dir='ltr'><strong><em>ime,</em></strong></span> <span class='ocrx_word' id='word_1_449' title='bbox 198 4073 291 4129; x_wconf 62' lang='lat' dir='ltr'>Deum</span> <span class='ocrx_word' id='word_1_450' title='bbox 305 4075 333 4130; x_wconf 61' lang='lat' dir='ltr'><strong><em>e,</em></strong></span> <span class='ocrx_word' id='word_1_451' title='bbox 343 4074 503 4131; x_wconf 47' lang='lat' dir='ltr'><strong>diabolum·</strong></span> <span class='ocrx_word' id='word_1_452' title='bbox 521 4075 613 4131; x_wconf 67' lang='lat' dir='ltr'><strong><em>pomo</em></strong></span> <span class='ocrx_word' id='word_1_453' title='bbox 623 4073 730 4147; x_wconf 50' lang='lat' dir='ltr'><strong>mimo,</strong></span> <span class='ocrx_word' id='word_1_454' title='bbox 789 4055 945 4127; x_wconf 80' lang='lat' dir='ltr'><strong><em>destruxit,</em></strong></span> <span class='ocrx_word' id='word_1_455' title='bbox 957 4055 1008 4111; x_wconf 91' lang='lat' dir='ltr'><strong><em>nbi</em></strong></span> <span class='ocrx_word' id='word_1_456' title='bbox 1019 4055 1091 4111; x_wconf 88' lang='lat' dir='ltr'><strong><em>sein</em></strong></span> <span class='ocrx_word' id='word_1_457' title='bbox 1100 4070 1137 4111; x_wconf 88' lang='lat' dir='ltr'><strong><em>eo</em></strong></span> <span class='ocrx_word' id='word_1_458' title='bbox 1147 4055 1227 4129; x_wconf 91' lang='lat' dir='ltr'><strong><em>quod</em></strong></span> <span class='ocrx_word' id='word_1_459' title='bbox 1241 4055 1363 4112; x_wconf 88' lang='lat' dir='ltr'><strong><em>stultum</em></strong></span> <span class='ocrx_word' id='word_1_460' title='bbox 1375 4057 1484 4114; x_wconf 89' lang='lat' dir='ltr'><strong><em>mundo</em></strong></span> <span class='ocrx_word' id='word_1_461' title='bbox 1499 4058 1627 4130; x_wconf 90' lang='lat' dir='ltr'><strong><em>videtur,</em></strong></span> 
     </span>
     <span class='ocr_line' id='line_1_64' title="bbox 63 4144 1630 4219; baseline 0.006 -23"><span class='ocrx_word' id='word_1_462' title='bbox 63 4202 76 4217; x_wconf 28' lang='grc' dir='ltr'>ὦ</span> <span class='ocrx_word' id='word_1_463' title='bbox 93 4162 127 4217; x_wconf 44' lang='grc' dir='ltr'><strong><em>ῃ,</em></strong></span> <span class='ocrx_word' id='word_1_464' title='bbox 790 4144 1018 4216; x_wconf 88' lang='lat' dir='ltr'><strong><em>demonstravit,</em></strong></span> <span class='ocrx_word' id='word_1_465' title='bbox 1044 4147 1076 4200; x_wconf 91' lang='lat' dir='ltr'><strong><em>ut</em></strong></span> <span class='ocrx_word' id='word_1_466' title='bbox 1098 4144 1228 4201; x_wconf 86' lang='lat' dir='ltr'><strong><em>disceret</em></strong></span> <span class='ocrx_word' id='word_1_467' title='bbox 1248 4144 1337 4201; x_wconf 89' lang='lat' dir='ltr'><strong><em>homo</em></strong></span> <span class='ocrx_word' id='word_1_468' title='bbox 1364 4162 1455 4219; x_wconf 87' lang='lat' dir='ltr'><strong><em>supra</em></strong></span> <span class='ocrx_word' id='word_1_469' title='bbox 1483 4147 1630 4205; x_wconf 88' lang='lat' dir='ltr'><strong><em>rationem</em></strong></span> 
     </span>
     <span class='ocr_line' id='line_1_65' title="bbox 789 4233 1629 4307; baseline 0.005 -17"><span class='ocrx_word' id='word_1_470' title='bbox 789 4233 890 4290; x_wconf 89' lang='lat' dir='ltr'><strong><em>mundi</em></strong></span> <span class='ocrx_word' id='word_1_471' title='bbox 907 4249 977 4290; x_wconf 87' lang='lat' dir='ltr'><strong><em>esse</em></strong></span> <span class='ocrx_word' id='word_1_472' title='bbox 993 4233 1072 4307; x_wconf 84' lang='lat' dir='ltr'><strong><em>quod</em></strong></span> <span class='ocrx_word' id='word_1_473' title='bbox 1087 4234 1207 4289; x_wconf 89' lang='lat' dir='ltr'><strong><em>videbat</em></strong></span> <span class='ocrx_word' id='word_1_474' title='bbox 1221 4234 1252 4291; x_wconf 90' lang='lat' dir='ltr'><strong><em>in</em></strong></span> <span class='ocrx_word' id='word_1_475' title='bbox 1266 4237 1370 4291; x_wconf 91' lang='lat' dir='ltr'><strong><em>natura</em></strong></span> <span class='ocrx_word' id='word_1_476' title='bbox 1384 4234 1514 4292; x_wconf 89' lang='lat' dir='ltr'><strong><em>hominis</em></strong></span> <span class='ocrx_word' id='word_1_477' title='bbox 1536 4238 1629 4294; x_wconf 88' lang='lat' dir='ltr'><strong><em>Deum</em></strong></span> 
     </span>
    </p>
   </div>
   <div class='ocr_carea' id='block_1_16' title="bbox 63 4286 1628 4396">
    <p class='ocr_par' dir='ltr' id='par_1_17' title="bbox 63 4286 1628 4396">
     <span class='ocr_line' id='line_1_66' title="bbox 63 4286 1628 4396; baseline 0.018 -43"><span class='ocrx_word' id='word_1_478' title='bbox 63 4286 111 4343; x_wconf 61' lang='lat'><strong><em>›⁸¹1-</em></strong></span> <span class='ocrx_word' id='word_1_479' title='bbox 123 4287 235 4343; x_wconf 74' lang='lat' dir='ltr'><strong>CXCV·</strong></span> <span class='ocrx_word' id='word_1_480' title='bbox 252 4289 296 4345; x_wconf 76' lang='lat'><strong><em>0⁰</em></strong></span> <span class='ocrx_word' id='word_1_481' title='bbox 312 4289 412 4345; x_wconf 63' lang='lat' dir='ltr'><strong><em>ilibus</em></strong></span> <span class='ocrx_word' id='word_1_482' title='bbox 428 4290 575 4363; x_wconf 60' lang='lat' dir='ltr'><strong><em>&#39;illm</em></strong></span> <span class='ocrx_word' id='word_1_483' title='bbox 789 4337 942 4396; x_wconf 88' lang='lat' dir='ltr'><strong><em>apparere.</em></strong></span> <span class='ocrx_word' id='word_1_484' title='bbox 963 4322 1075 4379; x_wconf 87' lang='lat' dir='ltr'><strong><em>Deinde</em></strong></span> <span class='ocrx_word' id='word_1_485' title='bbox 1097 4325 1196 4379; x_wconf 88' lang='lat' dir='ltr'><strong><em>antem</em></strong></span> <span class='ocrx_word' id='word_1_486' title='bbox 1219 4322 1304 4394; x_wconf 87' lang='lat' dir='ltr'><strong><em>quasi</em></strong></span> <span class='ocrx_word' id='word_1_487' title='bbox 1319 4339 1373 4395; x_wconf 90' lang='lat' dir='ltr'><strong><em>per</em></strong></span> <span class='ocrx_word' id='word_1_488' title='bbox 1385 4323 1533 4379; x_wconf 88' lang='lat' dir='ltr'><strong><em>insaniam</em></strong></span> <span class='ocrx_word' id='word_1_489' title='bbox 1548 4325 1628 4381; x_wconf 87' lang='lat' dir='ltr'><strong><em>Daue</em></strong></span> 
     </span>
    </p>
   </div>
   <div class='ocr_carea' id='block_1_17' title="bbox 62 4411 1631 5023">
    <p class='ocr_par' dir='ltr' id='par_1_18' title="bbox 62 4411 1631 5023">
     <span class='ocr_line' id='line_1_67' title="bbox 63 4411 1628 4508; baseline 0.001 -39"><span class='ocrx_word' id='word_1_490' title='bbox 63 4415 96 4469; x_wconf 91' lang='lat' dir='ltr'><strong><em>nt</em></strong></span> <span class='ocrx_word' id='word_1_491' title='bbox 108 4414 224 4485; x_wconf 76' lang='lat' dir='ltr'><strong><em>tyrsum</em></strong></span> <span class='ocrx_word' id='word_1_492' title='bbox 235 4415 285 4486; x_wconf 87' lang='lat' dir='ltr'><strong><em>qui</em></strong></span> <span class='ocrx_word' id='word_1_493' title='bbox 302 4416 403 4470; x_wconf 89' lang='lat' dir='ltr'><strong><em>contra</em></strong></span> <span class='ocrx_word' id='word_1_494' title='bbox 417 4431 473 4470; x_wconf 88' lang='lat' dir='ltr'><strong><em>nos</em></strong></span> <span class='ocrx_word' id='word_1_495' title='bbox 485 4416 566 4472; x_wconf 92' lang='lat' dir='ltr'><strong><em>acics</em></strong></span> <span class='ocrx_word' id='word_1_496' title='bbox 582 4432 654 4472; x_wconf 90' lang='lat' dir='ltr'><strong><em>suas</em></strong></span> <span class='ocrx_word' id='word_1_497' title='bbox 669 4432 734 4488; x_wconf 81' lang='lat' dir='ltr'><strong><em>pro</em></strong></span> <span class='ocrx_word' id='word_1_498' title='bbox 747 4446 775 4508; x_wconf 76' lang='lat' dir='ltr'>D</span> <span class='ocrx_word' id='word_1_499' title='bbox 790 4411 976 4486; x_wconf 87' lang='lat' dir='ltr'><strong><em>prudentiam</em></strong></span> <span class='ocrx_word' id='word_1_500' title='bbox 991 4411 1091 4467; x_wconf 88' lang='lat' dir='ltr'><strong><em>carnis</em></strong></span> <span class='ocrx_word' id='word_1_501' title='bbox 1106 4411 1275 4483; x_wconf 88' lang='lat' dir='ltr'><strong><em>evacuavit,</em></strong></span> <span class='ocrx_word' id='word_1_502' title='bbox 1300 4412 1417 4484; x_wconf 88' lang='lat' dir='ltr'><strong><em>quando</em></strong></span> <span class='ocrx_word' id='word_1_503' title='bbox 1438 4416 1541 4469; x_wconf 88' lang='lat' dir='ltr'><strong><em>contra</em></strong></span> <span class='ocrx_word' id='word_1_504' title='bbox 1560 4413 1628 4486; x_wconf 83' lang='lat' dir='ltr'><strong><em>ejus</em></strong></span> 
     </span>
     <span class='ocr_line' id='line_1_68' title="bbox 63 4501 1628 4575; baseline -0.001 -18"><span class='ocrx_word' id='word_1_505' title='bbox 63 4501 192 4573; x_wconf 87' lang='lat' dir='ltr'><strong><em>iabolus,</em></strong></span> <span class='ocrx_word' id='word_1_506' title='bbox 210 4504 732 4575; x_wconf 81' lang='lat' dir='ltr'><strong><em>mundus,etoar0.lnexcrcitudia-</em></strong></span> <span class='ocrx_word' id='word_1_507' title='bbox 791 4502 1040 4558; x_wconf 83' lang='lat' dir='ltr'><strong><em>existimationem</em></strong></span> <span class='ocrx_word' id='word_1_508' title='bbox 1063 4516 1158 4575; x_wconf 86' lang='lat' dir='ltr'><strong><em>agens</em></strong></span> <span class='ocrx_word' id='word_1_509' title='bbox 1182 4516 1301 4557; x_wconf 87' lang='lat' dir='ltr'><strong><em>carnem</em></strong></span> <span class='ocrx_word' id='word_1_510' title='bbox 1325 4517 1424 4573; x_wconf 89' lang='lat' dir='ltr'><strong><em>suam,</em></strong></span> <span class='ocrx_word' id='word_1_511' title='bbox 1448 4502 1514 4558; x_wconf 89' lang='lat' dir='ltr'><strong><em>sine</em></strong></span> <span class='ocrx_word' id='word_1_512' title='bbox 1533 4505 1628 4558; x_wconf 90' lang='lat' dir='ltr'><strong><em>retra·</em></strong></span> 
     </span>
     <span class='ocr_line' id='line_1_69' title="bbox 64 4590 1629 4665; baseline -0.001 -18"><span class='ocrx_word' id='word_1_513' title='bbox 64 4594 97 4647; x_wconf 91' lang='lat' dir='ltr'><strong><em>nt</em></strong></span> <span class='ocrx_word' id='word_1_514' title='bbox 119 4592 213 4663; x_wconf 70' lang='lat' dir='ltr'><strong><em>vitia,</em></strong></span> <span class='ocrx_word' id='word_1_515' title='bbox 242 4593 273 4647; x_wconf 88' lang='lat' dir='ltr'><strong><em>in</em></strong></span> <span class='ocrx_word' id='word_1_516' title='bbox 303 4593 410 4648; x_wconf 89' lang='lat' dir='ltr'><strong><em>castris</em></strong></span> <span class='ocrx_word' id='word_1_517' title='bbox 432 4593 532 4649; x_wconf 91' lang='lat' dir='ltr'><strong><em>mundi</em></strong></span> <span class='ocrx_word' id='word_1_518' title='bbox 547 4609 690 4665; x_wconf 86' lang='lat' dir='ltr'><strong><em>prospera</em></strong></span> <span class='ocrx_word' id='word_1_519' title='bbox 705 4599 734 4651; x_wconf 93' lang='lat' dir='ltr'><strong><em>et</em></strong></span> <span class='ocrx_word' id='word_1_520' title='bbox 792 4593 888 4648; x_wconf 89' lang='lat' dir='ltr'><strong><em>ctione</em></strong></span> <span class='ocrx_word' id='word_1_521' title='bbox 903 4590 1058 4664; x_wconf 83' lang='lat' dir='ltr'><strong><em>adpoenas</em></strong></span> <span class='ocrx_word' id='word_1_522' title='bbox 1074 4594 1257 4647; x_wconf 89' lang='lat' dir='ltr'><strong><em>ettormenta</em></strong></span> <span class='ocrx_word' id='word_1_523' title='bbox 1273 4592 1425 4661; x_wconf 84' lang='lat' dir='ltr'><strong><em>exposuit,</em></strong></span> <span class='ocrx_word' id='word_1_524' title='bbox 1450 4593 1480 4646; x_wconf 87' lang='lat' dir='ltr'><strong><em>et</em></strong></span> <span class='ocrx_word' id='word_1_525' title='bbox 1499 4591 1544 4646; x_wconf 90' lang='lat' dir='ltr'><strong><em>sic</em></strong></span> <span class='ocrx_word' id='word_1_526' title='bbox 1563 4605 1629 4646; x_wconf 89' lang='lat' dir='ltr'><strong><em>eam</em></strong></span> 
     </span>
     <span class='ocr_line' id='line_1_70' title="bbox 62 4679 1629 4753; baseline 0.001 -18"><span class='ocrx_word' id='word_1_527' title='bbox 62 4681 92 4735; x_wconf 87' lang='lat' dir='ltr'><strong><em>in</em></strong></span> <span class='ocrx_word' id='word_1_528' title='bbox 107 4683 250 4737; x_wconf 87' lang='lat' dir='ltr'><strong><em>societate</em></strong></span> <span class='ocrx_word' id='word_1_529' title='bbox 268 4683 368 4737; x_wconf 87' lang='lat' dir='ltr'><strong><em>carnis</em></strong></span> <span class='ocrx_word' id='word_1_530' title='bbox 384 4682 533 4738; x_wconf 87' lang='lat' dir='ltr'><strong><em>desideria</em></strong></span> <span class='ocrx_word' id='word_1_531' title='bbox 548 4686 674 4739; x_wconf 87' lang='lat' dir='ltr'><strong><em>terrena.</em></strong></span> <span class='ocrx_word' id='word_1_532' title='bbox 687 4683 733 4738; x_wconf 81' lang='lat' dir='ltr'><strong><em>Ex</em></strong></span> <span class='ocrx_word' id='word_1_533' title='bbox 791 4681 828 4736; x_wconf 86' lang='lat' dir='ltr'><strong><em>ud</em></strong></span> <span class='ocrx_word' id='word_1_534' title='bbox 841 4679 1333 4753; x_wconf 88' lang='lat' dir='ltr'><strong><em>incorruptionemresurrectionis</em></strong></span> <span class='ocrx_word' id='word_1_535' title='bbox 1346 4679 1456 4750; x_wconf 81' lang='lat' dir='ltr'><strong><em>eduxit,</em></strong></span> <span class='ocrx_word' id='word_1_536' title='bbox 1467 4680 1629 4737; x_wconf 88' lang='lat' dir='ltr'><strong><em>ostendens</em></strong></span> 
     </span>
     <span class='ocr_line' id='line_1_71' title="bbox 63 4768 1629 4844; baseline 0 -19"><span class='ocrx_word' id='word_1_537' title='bbox 63 4771 213 4825; x_wconf 92' lang='lat' dir='ltr'><strong><em>duotertio</em></strong></span> <span class='ocrx_word' id='word_1_538' title='bbox 223 4772 454 4844; x_wconf 83' lang='lat' dir='ltr'><strong><em>conjuraverunt</em></strong></span> <span class='ocrx_word' id='word_1_539' title='bbox 462 4772 734 4829; x_wconf 85' lang='lat' dir='ltr'><strong><em>adsubversionem</em></strong></span> <span class='ocrx_word' id='word_1_540' title='bbox 792 4771 871 4841; x_wconf 86' lang='lat' dir='ltr'><strong><em>qnod</em></strong></span> <span class='ocrx_word' id='word_1_541' title='bbox 881 4786 941 4826; x_wconf 89' lang='lat' dir='ltr'><strong><em>non</em></strong></span> <span class='ocrx_word' id='word_1_542' title='bbox 955 4770 1115 4842; x_wconf 88' lang='lat' dir='ltr'><strong><em>parcendo,</em></strong></span> <span class='ocrx_word' id='word_1_543' title='bbox 1133 4768 1186 4824; x_wconf 88' lang='lat' dir='ltr'><strong><em>sed</em></strong></span> <span class='ocrx_word' id='word_1_544' title='bbox 1198 4769 1372 4841; x_wconf 87' lang='lat' dir='ltr'><strong><em>castigando</em></strong></span> <span class='ocrx_word' id='word_1_545' title='bbox 1383 4770 1629 4842; x_wconf 89' lang='lat' dir='ltr'><strong><em>etperscquendo</em></strong></span> 
     </span>
     <span class='ocr_line' id='line_1_72' title="bbox 66 4859 1630 4933; baseline -0.001 -18"><span class='ocrx_word' id='word_1_546' title='bbox 66 4859 195 4915; x_wconf 84' lang='lat' dir='ltr'><strong><em>Mundus</em></strong></span> <span class='ocrx_word' id='word_1_547' title='bbox 210 4862 289 4916; x_wconf 91' lang='lat' dir='ltr'><strong><em>enim</em></strong></span> <span class='ocrx_word' id='word_1_548' title='bbox 317 4865 346 4915; x_wconf 89' lang='lat' dir='ltr'><strong><em>ct</em></strong></span> <span class='ocrx_word' id='word_1_549' title='bbox 361 4877 429 4916; x_wconf 87' lang='lat' dir='ltr'><strong><em>carc</em></strong></span> <span class='ocrx_word' id='word_1_550' title='bbox 445 4861 563 4917; x_wconf 91' lang='lat' dir='ltr'><strong><em>diabolo</em></strong></span> <span class='ocrx_word' id='word_1_551' title='bbox 592 4862 734 4918; x_wconf 81' lang='lat' dir='ltr'><strong><em>auxilium</em></strong></span> <span class='ocrx_word' id='word_1_552' title='bbox 791 4873 911 4916; x_wconf 88' lang='lat' dir='ltr'><strong><em>carnem</em></strong></span> <span class='ocrx_word' id='word_1_553' title='bbox 927 4874 1048 4915; x_wconf 88' lang='lat' dir='ltr'><strong><em>servare</em></strong></span> <span class='ocrx_word' id='word_1_554' title='bbox 1064 4861 1188 4930; x_wconf 87' lang='lat' dir='ltr'><strong><em>oportet.</em></strong></span> <span class='ocrx_word' id='word_1_555' title='bbox 1204 4859 1254 4914; x_wconf 85' lang='lat' dir='ltr'><strong><em>Sic</em></strong></span> <span class='ocrx_word' id='word_1_556' title='bbox 1270 4874 1343 4932; x_wconf 90' lang='lat' dir='ltr'><strong><em>ergo</em></strong></span> <span class='ocrx_word' id='word_1_557' title='bbox 1359 4859 1426 4933; x_wconf 87' lang='lat' dir='ltr'><strong><em>quia</em></strong></span> <span class='ocrx_word' id='word_1_558' title='bbox 1440 4859 1471 4915; x_wconf 87' lang='lat' dir='ltr'><strong><em>in</em></strong></span> <span class='ocrx_word' id='word_1_559' title='bbox 1485 4860 1630 4933; x_wconf 86' lang='lat' dir='ltr'><strong><em>sapientia</em></strong></span> 
     </span>
     <span class='ocr_line' id='line_1_73' title="bbox 63 4948 1631 5023; baseline 0.002 -20"><span class='ocrx_word' id='word_1_560' title='bbox 63 4950 117 5004; x_wconf 77' lang='lat' dir='ltr'><strong><em>atra</em></strong></span> <span class='ocrx_word' id='word_1_561' title='bbox 131 4965 187 5005; x_wconf 89' lang='lat' dir='ltr'><strong><em>nos</em></strong></span> <span class='ocrx_word' id='word_1_562' title='bbox 199 4965 205 5005; x_wconf 91' lang='lat'><strong>:</strong></span> <span class='ocrx_word' id='word_1_563' title='bbox 218 4966 297 5005; x_wconf 88' lang='lat' dir='ltr'><strong><em>unus</em></strong></span> <span class='ocrx_word' id='word_1_564' title='bbox 313 4953 360 5006; x_wconf 89' lang='lat' dir='ltr'><strong><em>est</em></strong></span> <span class='ocrx_word' id='word_1_565' title='bbox 374 4950 511 5021; x_wconf 88' lang='lat' dir='ltr'><strong><em>vicimus,</em></strong></span> <span class='ocrx_word' id='word_1_566' title='bbox 528 4951 602 5006; x_wconf 91' lang='lat' dir='ltr'><strong><em>alter</em></strong></span> <span class='ocrx_word' id='word_1_567' title='bbox 616 4952 734 5008; x_wconf 83' lang='lat' dir='ltr'><strong><em>domes·</em></strong></span> <span class='ocrx_word' id='word_1_568' title='bbox 792 4963 915 5022; x_wconf 84' lang='lat' dir='ltr'><strong><em>suaper</em></strong></span> <span class='ocrx_word' id='word_1_569' title='bbox 929 4949 1105 5021; x_wconf 85' lang='lat' dir='ltr'><strong><em>sapientiam</em></strong></span> <span class='ocrx_word' id='word_1_570' title='bbox 1115 4948 1241 5003; x_wconf 89' lang='lat' dir='ltr'><strong><em>mundus</em></strong></span> <span class='ocrx_word' id='word_1_571' title='bbox 1252 4964 1308 5003; x_wconf 92' lang='lat' dir='ltr'><strong><em>non</em></strong></span> <span class='ocrx_word' id='word_1_572' title='bbox 1320 4950 1457 5022; x_wconf 78' lang='lat' dir='ltr'><strong><em>cognovit</em></strong></span> <span class='ocrx_word' id='word_1_573' title='bbox 1469 4949 1631 5023; x_wconf 84' lang='lat' dir='ltr'><strong><em>Daumpla·</em></strong></span> 
     </span>
    </p>
   </div>
   <div class='ocr_carea' id='block_1_18' title="bbox 792 5035 1632 5556">
    <p class='ocr_par' dir='ltr' id='par_1_19' title="bbox 792 5035 1632 5556">
     <span class='ocr_line' id='line_1_74' title="bbox 793 5035 1631 5109; baseline 0.001 -14"><span class='ocrx_word' id='word_1_574' title='bbox 793 5039 853 5096; x_wconf 89' lang='lat' dir='ltr'><strong><em>cuit</em></strong></span> <span class='ocrx_word' id='word_1_575' title='bbox 868 5038 931 5093; x_wconf 86' lang='lat' dir='ltr'><strong><em>Deo</em></strong></span> <span class='ocrx_word' id='word_1_576' title='bbox 942 5053 1001 5109; x_wconf 87' lang='lat' dir='ltr'><strong><em>per</em></strong></span> <span class='ocrx_word' id='word_1_577' title='bbox 1015 5035 1174 5093; x_wconf 87' lang='lat' dir='ltr'><strong><em>stultitiam</em></strong></span> <span class='ocrx_word' id='word_1_578' title='bbox 1182 5038 1411 5109; x_wconf 71' lang='lat' dir='ltr'><strong><em>predicationis</em></strong></span> <span class='ocrx_word' id='word_1_579' title='bbox 1420 5039 1631 5096; x_wconf 82' lang='lat' dir='ltr'><strong><em>salvoslacara</em></strong></span> 
     </span>
     <span class='ocr_line' id='line_1_75' title="bbox 793 5124 1631 5202; baseline 0.001 -18"><span class='ocrx_word' id='word_1_580' title='bbox 793 5128 954 5185; x_wconf 85' lang='lat' dir='ltr'><strong><em>credentes</em></strong></span> <span class='ocrx_word' id='word_1_581' title='bbox 967 5125 997 5198; x_wconf 85' lang='lat' dir='ltr'><strong><em>(l</em></strong></span> <span class='ocrx_word' id='word_1_582' title='bbox 1009 5125 1077 5181; x_wconf 86' lang='lat' dir='ltr'><strong><em>Gor.</em></strong></span> <span class='ocrx_word' id='word_1_583' title='bbox 1093 5125 1124 5197; x_wconf 89' lang='lat' dir='ltr'><strong><em>r),</em></strong></span> <span class='ocrx_word' id='word_1_584' title='bbox 1149 5124 1243 5181; x_wconf 91' lang='lat' dir='ltr'><strong><em>Stulta</em></strong></span> <span class='ocrx_word' id='word_1_585' title='bbox 1265 5126 1343 5181; x_wconf 89' lang='lat' dir='ltr'><strong><em>enim</em></strong></span> <span class='ocrx_word' id='word_1_586' title='bbox 1365 5127 1542 5184; x_wconf 91' lang='lat' dir='ltr'><strong><em>videbantur</em></strong></span> <span class='ocrx_word' id='word_1_587' title='bbox 1563 5145 1631 5202; x_wconf 77' lang='lat' dir='ltr'><strong><em>quae</em></strong></span> 
     </span>
     <span class='ocr_line' id='line_1_76' title="bbox 792 5214 1632 5290; baseline -0.001 -17"><span class='ocrx_word' id='word_1_588' title='bbox 792 5216 978 5286; x_wconf 87' lang='lat' dir='ltr'><strong><em>dicebantur,</em></strong></span> <span class='ocrx_word' id='word_1_589' title='bbox 993 5214 1047 5270; x_wconf 88' lang='lat' dir='ltr'><strong><em>sed</em></strong></span> <span class='ocrx_word' id='word_1_590' title='bbox 1063 5216 1161 5270; x_wconf 64' lang='lat' dir='ltr'><strong><em>nmen</em></strong></span> <span class='ocrx_word' id='word_1_591' title='bbox 1175 5229 1228 5287; x_wconf 90' lang='lat' dir='ltr'><strong><em>per</em></strong></span> <span class='ocrx_word' id='word_1_592' title='bbox 1238 5214 1303 5271; x_wconf 87' lang='lat' dir='ltr'><strong><em>haec</em></strong></span> <span class='ocrx_word' id='word_1_593' title='bbox 1318 5216 1519 5274; x_wconf 89' lang='lat' dir='ltr'><strong><em>demonstrata</em></strong></span> <span class='ocrx_word' id='word_1_594' title='bbox 1533 5217 1632 5290; x_wconf 88' lang='lat' dir='ltr'><strong><em>magis</em></strong></span> 
     </span>
     <span class='ocr_line' id='line_1_77' title="bbox 793 5303 1631 5378; baseline -0.002 -16"><span class='ocrx_word' id='word_1_595' title='bbox 793 5308 863 5362; x_wconf 88' lang='lat' dir='ltr'><strong><em>sont</em></strong></span> <span class='ocrx_word' id='word_1_596' title='bbox 886 5305 976 5360; x_wconf 89' lang='lat' dir='ltr'><strong><em>stulta</em></strong></span> <span class='ocrx_word' id='word_1_597' title='bbox 998 5319 1065 5378; x_wconf 78' lang='lat' dir='ltr'><strong><em>quaa</em></strong></span> <span class='ocrx_word' id='word_1_598' title='bbox 1088 5303 1291 5376; x_wconf 88' lang='lat' dir='ltr'><strong><em>probabuntur</em></strong></span> <span class='ocrx_word' id='word_1_599' title='bbox 1310 5307 1339 5360; x_wconf 90' lang='lat' dir='ltr'><strong><em>et</em></strong></span> <span class='ocrx_word' id='word_1_600' title='bbox 1356 5306 1537 5364; x_wconf 88' lang='lat' dir='ltr'><strong><em>amabantur.</em></strong></span> <span class='ocrx_word' id='word_1_601' title='bbox 1559 5304 1631 5372; x_wconf 74' lang='lat' dir='ltr'><strong><em>Quae</em></strong></span> 
     </span>
     <span class='ocr_line' id='line_1_78' title="bbox 792 5393 1632 5469; baseline -0.004 -18"><span class='ocrx_word' id='word_1_602' title='bbox 792 5394 994 5469; x_wconf 87' lang='lat' dir='ltr'><strong><em>probabantur</em></strong></span> <span class='ocrx_word' id='word_1_603' title='bbox 1013 5393 1127 5449; x_wconf 88' lang='lat' dir='ltr'><strong><em>ratione</em></strong></span> <span class='ocrx_word' id='word_1_604' title='bbox 1146 5394 1249 5466; x_wconf 90' lang='lat' dir='ltr'><strong><em>stulta,</em></strong></span> <span class='ocrx_word' id='word_1_605' title='bbox 1275 5395 1304 5451; x_wconf 88' lang='lat' dir='ltr'><strong><em>et</em></strong></span> <span class='ocrx_word' id='word_1_606' title='bbox 1318 5411 1386 5469; x_wconf 89' lang='lat' dir='ltr'><strong><em>qnae</em></strong></span> <span class='ocrx_word' id='word_1_607' title='bbox 1401 5396 1575 5452; x_wconf 89' lang='lat' dir='ltr'><strong><em>amabantur</em></strong></span> <span class='ocrx_word' id='word_1_608' title='bbox 1588 5393 1632 5449; x_wconf 86' lang='lat' dir='ltr'><strong><em>dl·</em></strong></span> 
     </span>
     <span class='ocr_line' id='line_1_79' title="bbox 793 5483 1630 5556; baseline -0.004 -13"><span class='ocrx_word' id='word_1_609' title='bbox 793 5484 919 5543; x_wconf 84' lang='lat' dir='ltr'><strong><em>lectione</em></strong></span> <span class='ocrx_word' id='word_1_610' title='bbox 930 5484 1051 5554; x_wconf 71' lang='lat' dir='ltr'><strong><em>inmun,</em></strong></span> <span class='ocrx_word' id='word_1_611' title='bbox 1066 5483 1116 5538; x_wconf 86' lang='lat' dir='ltr'><strong><em>illa</em></strong></span> <span class='ocrx_word' id='word_1_612' title='bbox 1127 5484 1193 5539; x_wconf 87' lang='lat' dir='ltr'><strong><em>sins</em></strong></span> <span class='ocrx_word' id='word_1_613' title='bbox 1203 5484 1339 5556; x_wconf 88' lang='lat' dir='ltr'><strong><em>veritate,</em></strong></span> <span class='ocrx_word' id='word_1_614' title='bbox 1354 5486 1412 5539; x_wconf 88' lang='lat' dir='ltr'><strong><em>ista</em></strong></span> <span class='ocrx_word' id='word_1_615' title='bbox 1422 5485 1487 5540; x_wconf 87' lang='lat' dir='ltr'><strong><em>sine</em></strong></span> <span class='ocrx_word' id='word_1_616' title='bbox 1496 5483 1630 5540; x_wconf 83' lang='lat' dir='ltr'><strong><em>utilitate.</em></strong></span> 
     </span>
    </p>
   </div>
   <div class='ocr_carea' id='block_1_19' title="bbox 62 5037 1652 5744">
    <p class='ocr_par' dir='ltr' id='par_1_20' title="bbox 62 5037 1652 5744">
     <span class='ocr_line' id='line_1_80' title="bbox 62 5037 732 5111; baseline 0.007 -18"><span class='ocrx_word' id='word_1_617' title='bbox 62 5037 134 5093; x_wconf 86' lang='lat' dir='ltr'><strong><em>udus</em></strong></span> <span class='ocrx_word' id='word_1_618' title='bbox 149 5039 320 5111; x_wconf 80' lang='lat' dir='ltr'><strong><em>enimjuxte</em></strong></span> <span class='ocrx_word' id='word_1_619' title='bbox 336 5055 391 5096; x_wconf 89' lang='lat' dir='ltr'><strong><em>nos</em></strong></span> <span class='ocrx_word' id='word_1_620' title='bbox 407 5042 463 5110; x_wconf 91' lang='lat' dir='ltr'><strong><em>est,</em></strong></span> <span class='ocrx_word' id='word_1_621' title='bbox 480 5056 549 5095; x_wconf 92' lang='lat' dir='ltr'><strong><em>caro</em></strong></span> <span class='ocrx_word' id='word_1_622' title='bbox 565 5040 732 5098; x_wconf 91' lang='lat' dir='ltr'><strong><em>nobiscum.</em></strong></span> 
     </span>
     <span class='ocr_line' id='line_1_81' title="bbox 62 5127 734 5200; baseline 0.015 -23"><span class='ocrx_word' id='word_1_623' title='bbox 62 5127 152 5182; x_wconf 65' lang='lat' dir='ltr'><strong><em>inlidit</em></strong></span> <span class='ocrx_word' id='word_1_624' title='bbox 171 5128 308 5183; x_wconf 89' lang='lat' dir='ltr'><strong><em>diabolus</em></strong></span> <span class='ocrx_word' id='word_1_625' title='bbox 338 5129 434 5200; x_wconf 89' lang='lat' dir='ltr'><strong><em>magis</em></strong></span> <span class='ocrx_word' id='word_1_626' title='bbox 450 5129 480 5185; x_wconf 91' lang='lat' dir='ltr'><strong><em>in</em></strong></span> <span class='ocrx_word' id='word_1_627' title='bbox 510 5130 620 5186; x_wconf 83' lang='lat' dir='ltr'><strong><em>auxilio</em></strong></span> <span class='ocrx_word' id='word_1_628' title='bbox 635 5131 734 5188; x_wconf 90' lang='lat' dir='ltr'><strong><em>carnis</em></strong></span> 
     </span>
     <span class='ocr_line' id='line_1_82' title="bbox 67 5216 735 5276; baseline 0.009 -6"><span class='ocrx_word' id='word_1_629' title='bbox 67 5219 154 5271; x_wconf 90' lang='lat' dir='ltr'><strong><em>nocet</em></strong></span> <span class='ocrx_word' id='word_1_630' title='bbox 173 5216 356 5274; x_wconf 89' lang='lat' dir='ltr'><strong><em>domesticus</em></strong></span> <span class='ocrx_word' id='word_1_631' title='bbox 373 5219 480 5274; x_wconf 89' lang='lat' dir='ltr'><strong><em>hostis.</em></strong></span> <span class='ocrx_word' id='word_1_632' title='bbox 498 5218 653 5276; x_wconf 88' lang='lat' dir='ltr'><strong><em>Diabolum</em></strong></span> <span class='ocrx_word' id='word_1_633' title='bbox 667 5222 735 5276; x_wconf 91' lang='lat' dir='ltr'><strong><em>vin-</em></strong></span> 
     </span>
     <span class='ocr_line' id='line_1_83' title="bbox 62 5305 734 5383; baseline 0.009 -23"><span class='ocrx_word' id='word_1_634' title='bbox 62 5305 150 5360; x_wconf 79' lang='lat' dir='ltr'><strong><em>nudo</em></strong></span> <span class='ocrx_word' id='word_1_635' title='bbox 170 5307 419 5379; x_wconf 80' lang='lat' dir='ltr'><strong><em>suggestionibus</em></strong></span> <span class='ocrx_word' id='word_1_636' title='bbox 448 5307 516 5381; x_wconf 79' lang='lat' dir='ltr'><strong><em>ejus</em></strong></span> <span class='ocrx_word' id='word_1_637' title='bbox 545 5310 734 5383; x_wconf 79' lang='lat' dir='ltr'><strong><em>resistimus3</em></strong></span> 
     </span>
     <span class='ocr_line' id='line_1_84' title="bbox 62 5396 735 5473; baseline 0.012 -24"><span class='ocrx_word' id='word_1_638' title='bbox 62 5396 215 5467; x_wconf 88' lang='lat' dir='ltr'><strong><em>vincimus,</em></strong></span> <span class='ocrx_word' id='word_1_639' title='bbox 231 5396 349 5469; x_wconf 89' lang='lat' dir='ltr'><strong><em>quando</em></strong></span> <span class='ocrx_word' id='word_1_640' title='bbox 364 5414 420 5454; x_wconf 91' lang='lat' dir='ltr'><strong><em>nec</em></strong></span> <span class='ocrx_word' id='word_1_641' title='bbox 428 5399 593 5470; x_wconf 86' lang='lat' dir='ltr'><strong><em>appetimus</em></strong></span> <span class='ocrx_word' id='word_1_642' title='bbox 607 5416 735 5473; x_wconf 88' lang='lat' dir='ltr'><strong><em>prospe·</em></strong></span> 
     </span>
     <span class='ocr_line' id='line_1_85' title="bbox 62 5487 736 5564; baseline 0.009 -24"><span class='ocrx_word' id='word_1_643' title='bbox 62 5500 166 5541; x_wconf 87' lang='lat' dir='ltr'><strong><em>nemus</em></strong></span> <span class='ocrx_word' id='word_1_644' title='bbox 180 5487 307 5542; x_wconf 88' lang='lat' dir='ltr'><strong><em>adversa</em></strong></span> <span class='ocrx_word' id='word_1_645' title='bbox 318 5503 325 5560; x_wconf 91' lang='lat'>;</span> <span class='ocrx_word' id='word_1_646' title='bbox 337 5503 457 5544; x_wconf 90' lang='lat' dir='ltr'><strong><em>carnem</em></strong></span> <span class='ocrx_word' id='word_1_647' title='bbox 472 5488 630 5563; x_wconf 90' lang='lat' dir='ltr'><strong><em>vincimus,</em></strong></span> <span class='ocrx_word' id='word_1_648' title='bbox 647 5507 736 5564; x_wconf 87' lang='lat' dir='ltr'><strong><em>quan·</em></strong></span> 
     </span>
     <span class='ocr_line' id='line_1_86' title="bbox 62 5571 1633 5659; baseline 0.012 -27"><span class='ocrx_word' id='word_1_649' title='bbox 62 5575 188 5632; x_wconf 85' lang='lat' dir='ltr'><strong><em>asiderin</em></strong></span> <span class='ocrx_word' id='word_1_650' title='bbox 198 5593 254 5633; x_wconf 88' lang='lat' dir='ltr'><strong><em>nec</em></strong></span> <span class='ocrx_word' id='word_1_651' title='bbox 268 5579 490 5654; x_wconf 85' lang='lat' dir='ltr'><strong><em>exstinguimus</em></strong></span> <span class='ocrx_word' id='word_1_652' title='bbox 502 5581 532 5637; x_wconf 91' lang='lat' dir='ltr'><strong><em>in</em></strong></span> <span class='ocrx_word' id='word_1_653' title='bbox 541 5583 733 5659; x_wconf 88' lang='lat' dir='ltr'><strong><em>necessariis,</em></strong></span> <span class='ocrx_word' id='word_1_654' title='bbox 793 5573 920 5633; x_wconf 58' lang='lat' dir='ltr'><strong><em>Stultum</em></strong></span> <span class='ocrx_word' id='word_1_655' title='bbox 942 5571 1021 5631; x_wconf 66' lang='lat' dir='ltr'><strong><em>Ossim</em></strong></span> <span class='ocrx_word' id='word_1_656' title='bbox 1041 5572 1097 5630; x_wconf 89' lang='lat' dir='ltr'><strong><em>luit</em></strong></span> <span class='ocrx_word' id='word_1_657' title='bbox 1117 5588 1210 5649; x_wconf 87' lang='lat' dir='ltr'><strong><em>supra</em></strong></span> <span class='ocrx_word' id='word_1_658' title='bbox 1224 5573 1324 5631; x_wconf 53' lang='grc' dir='ltr'><strong><em>Μὴ</em></strong></span> <span class='ocrx_word' id='word_1_659' title='bbox 1339 5586 1464 5630; x_wconf 68' lang='lat' dir='ltr'>⁸⁰n⁸¹¹¹¹²</span> <span class='ocrx_word' id='word_1_660' title='bbox 1478 5572 1633 5630; x_wconf 56' lang='lat' dir='ltr'><strong><em>&#39;mim</em></strong></span> 
     </span>
     <span class='ocr_line' id='line_1_87' title="bbox 62 5658 1652 5744; baseline -0.004 -20"><span class='ocrx_word' id='word_1_661' title='bbox 62 5663 102 5724; x_wconf 79' lang='lat' dir='ltr'><strong><em>ita</em></strong></span> <span class='ocrx_word' id='word_1_662' title='bbox 111 5665 292 5727; x_wconf 79' lang='lat' dir='ltr'><strong><em>mlaxamus.</em></strong></span> <span class='ocrx_word' id='word_1_663' title='bbox 792 5658 1652 5744; x_wconf 54' lang='lat' dir='ltr'><strong><em>uaimnmacitorconnumeraetiuumatmpeosr</em></strong></span> 
     </span>
    </p>
   </div>
   <div class='ocr_carea' id='block_1_20' title="bbox 62 5747 1449 5825">
    <p class='ocr_par' dir='ltr' id='par_1_21' title="bbox 62 5747 1449 5825">
     <span class='ocr_line' id='line_1_88' title="bbox 62 5747 1449 5825; baseline 0.009 -5"><span class='ocrx_word' id='word_1_664' title='bbox 62 5760 383 5825; x_wconf 68' lang='lat' dir='ltr'><strong><em>sanoncnxxvu.</em></strong></span> <span class='ocrx_word' id='word_1_665' title='bbox 1407 5747 1449 5813; x_wconf 46' lang='grc' dir='ltr'><strong>θ</strong></span> 
     </span>
    </p>
   </div>
   <div class='ocr_carea' id='block_1_21' title="bbox 0 0 1906 6022">
    <p class='ocr_par' dir='ltr' id='par_1_22' title="bbox 0 0 1906 6022">
     <span class='ocr_line' id='line_1_89' title="bbox 0 0 1906 6022; baseline 0 0"><span class='ocrx_word' id='word_1_666' title='bbox 0 0 1906 6022; x_wconf 95' lang='lat' dir='ltr'><strong><em> </em></strong></span> 
     </span>
    </p>
   </div>
  </div>
 </body>
</html>
