3796 6022
537 254 998 349 Misenumnam-us.
1015 282 1040 345 1.
1600 286 1660 351 aaa

60 501 126 556 qaae
136 486 213 540 vivas
224 485 422 556 spiritualium
432 485 576 540 donorum
587 485 769 540 descendant
783 472 813 533 Α
826 485 897 540 lium
912 486 1117 541 illecebrarum
1133 486 1296 542 descendit.
1308 485 1366 541 Sed
1378 488 1447 543 tuno
1461 487 1537 541 inter
1544 502 1660 541 murum

62 575 122 631 ium
144 574 400 645 contemplationis
419 575 455 630 ad
471 575 653 646 irrigandum
669 579 698 630 et
713 575 769 629 im-
826 578 855 628 et
869 591 983 630 murum
999 580 1060 646 est,
1077 577 1195 647 quando
1211 592 1330 631 carnem
1352 591 1407 653 nea
1429 576 1459 629 in
1481 576 1660 631 necessitate

60 664 187 719 usinum
202 666 309 719 mentis
325 668 445 719 nostrae.
459 665 577 719 Piscina
591 665 770 719 inferiorest
825 665 948 734 respuit,
967 680 1020 719 nec
1036 665 1065 718 in
1082 666 1229 734 voluptate
1240 666 1346 737 diligit.
1360 665 1426 720 Non
1436 680 1509 737 ergo
1520 665 1661 736 culpaest

71 754 241 819 visanlnae,
260 754 316 807 hoc
332 758 378 809 ast
393 754 583 808 sensualitas,
601 754 672 807 llaec
683 754 771 807 hahet
824 753 900 807 inter
915 769 1029 807 murum
1045 757 1073 807 et
1088 769 1203 807 murum
1218 754 1253 808 ad
1269 754 1452 826 colligendas
1461 770 1554 825 aquas
1562 754 1659 809 lacum

60 859 65 896 r
79 842 283 913 aquaeductus,
300 844 430 914 quinque
441 843 706 913 seususcorporis,
719 858 772 912 per
824 841 937 909 iacere,
953 843 1022 913 quia
1038 844 1123 912 eulpa
1139 859 1198 897 non
1214 846 1261 898 est
1281 843 1492 913 temporalibus
1517 843 1605 898 bonis
1629 843 1659 897 ia

60 931 770 1003 lectamentahuJ'usmundiinlluunt,quasiaquae
823 930 1054 986 necessitatibus
1078 934 1211 986 natumm
1234 932 1408 998 confover03
1434 933 1487 987 sed
1508 932 1593 1001 culpa
1613 934 1659 986 est

60 1036 70 1074 ι
83 1020 121 1075 ad
134 1021 307 1091 replendam
319 1023 478 1091 appetitum
489 1024 600 1075 nostrae
615 1020 770 1074 carnalita-
823 1020 1011 1075 necessitatis
1025 1021 1090 1076 loco
1107 1021 1283 1091 cupiditates
1299 1022 1461 1076 admittere.

60 1109 134 1163 udus
157 1110 235 1164 enim
265 1110 332 1164 lons
356 1114 417 1175 est,
447 1126 532 1181 aqirae
556 1109 768 1164 oblectamenta
849 1108 911 1162 Tar.
928 1109 1073 1165 CLXXV.
1091 1110 1319 1181 Descriptiones
1336 1110 1521 1180 temporiset
1537 1108 1629 1163 liberi

60 1198 249 1269 aquaeductus
261 1215 372 1253 sensus
382 1199 488 1268 nostri,
499 1199 613 1269 piscina
623 1199 769 1253 sensuali·
1174 1198 1309 1253 arbitrii.

62 1302 104 1341 ra.
121 1287 172 1341 lsti
187 1289 317 1358 quinque
334 1289 441 1342 ductus
457 1303 542 1358 aquae
558 1287 689 1358 quinque
697 1304 765 1357 por·
858 1286 987 1357 Tempus
1003 1291 1049 1343 est
1064 1303 1205 1342 numerus
1216 1290 1398 1341 mortuorum
1409 1286 1577 1340 ordinesibi
1587 1303 1659 1341 suc-

63 1379 104 1446 nt,
121 1376 275 1447 inquibus
291 1377 445 1432 multitudo
461 1377 663 1448 languentium
677 1376 767 1447 jacet,
823 1375 1658 1432 cedentiumbiberumarbitriumesthabilitasrationalis

60 1482 96 1521 un
109 1482 163 1537 per
176 1467 306 1537 quinque
323 1482 434 1520 sensus
450 1466 584 1536 corporis
601 1467 768 1536 corruptio·
823 1464 992 1535 voluntatis,
1010 1482 1066 1536 qua
1080 1469 1188 1536 potest,
1206 1467 1252 1521 vel
1267 1463 1540 1537 adjuvantegratia,
1553 1463 1589 1518 ad
1603 1464 1659 1519 bo·

60 1556 122 1611 :cati
133 1556 346 1624 contrahimus,
362 1556 450 1627 quasi
461 1556 490 1609 in
501 1556 631 1626 quinque
646 1554 768 1625 portici·
823 1569 892 1608 num
908 1555 987 1624 quod
1002 1569 1062 1609 non
1078 1555 1175 1621 habet,
1194 1559 1245 1609 aut
1264 1555 1363 1608 minus
1385 1554 1472 1608 habet
1493 1552 1658 1622 prolicere,

60 1644 126 1707 ‚uidi
131 1644 474 1717 jacemusSedangelus
482 1644 597 1699 Domini
604 1643 767 1699 secuudum
822 1643 868 1697 vel
885 1643 1000 1698 sinente
1015 1645 1110 1715 gratia
1124 1642 1259 1716 [iustitia]
1275 1660 1291 1697 a
1305 1643 1384 1698 bono
1399 1642 1477 1714 quod
1498 1642 1545 1697 vel
1570 1641 1660 1696 habet

77 1733 106 1787 in
130 1735 275 1803 piscinam
298 1734 452 1789 descendit
477 1737 505 1788 et
534 1735 669 1788 movetur
690 1748 766 1804 aqua
822 1731 870 1785 vel
886 1732 995 1786 habere
1011 1733 1107 1801 debet,
1133 1749 1186 1803 per
1209 1733 1399 1802 semetipsam
1421 1732 1559 1786 deiicere.
1586 1731 1659 1784 ltem

60 1822 104 1890 a),
130 1823 198 1893 quia
221 1823 290 1877 dum
310 1823 408 1877 divina
424 1822 564 1892 aspiratio
579 1825 765 1892 peccatorem
781 1797 808 1859 Β
822 1821 948 1876 liberum
963 1822 1116 1877 arbitrium
1131 1826 1177 1876 est
1192 1822 1222 1875 in
1238 1821 1372 1875 rationali
1398 1821 1546 1875 voluntate
1566 1834 1658 1891 spon·

60 1911 121 1984 agit,
135 1911 214 1966 illico
225 1912 651 1982 terrorcjudiciiconturbatur
662 1928 765 1966 earna-
822 1914 926 1965 tanaus
941 1913 1088 1982 appetitus
1102 1912 1182 1980 boni,
1199 1911 1249 1981 qui
1264 1925 1320 1965 nec
1332 1913 1434 1965 coacto
1450 1910 1524 1978 dari,
1541 1924 1595 1964 nec
1610 1909 1657 1962 in-

60 2000 173 2055 cientia.
190 2001 226 2054 Et
240 2002 409 2072 quicunque
424 2004 491 2071 post
505 2000 663 2055 motionem
678 2017 763 2071 aquae
820 1999 880 2052 rito
895 2000 1005 2053 aulerri
1018 2002 1125 2069 potest.

60 2104 118 2144 ram
132 2090 331 2159 descenderit,
348 2105 440 2144 sanus
455 2090 487 2143 tlt
501 2106 516 2141 a
531 2105 706 2159 quacunque
721 2093 763 2144 te·
819 2087 880 2142 Τιτ.
898 2088 1056 2143 CLXXVI.
1080 2088 1161 2152 Quod
1184 2089 1213 2143 is
1236 2087 1317 2142 solas
1343 2086 1534 2141 laudabiliter
1553 2086 1584 2139 in
1600 2084 1658 2139 alio

62 2177 234 2248 ntlrmitate,
260 2179 328 2249 quia
351 2179 450 2232 diviua
475 2179 568 2250 gratia
592 2182 762 2248 praeventus
851 2183 1004 2248 peccatum
1016 2178 1171 2233 ulciscitur
1182 2178 1231 2249 qui
1245 2178 1283 2231 erl
1292 2191 1466 2230 consensum
1472 2175 1589 2246 peccati
1599 2190 1656 2229 non

60 2282 73 2332 ¹,
95 2268 119 2321 si
144 2284 212 2323 vere
235 2284 268 2322 se
289 2268 326 2323 ad
345 2267 546 2338 poenitentiam
561 2267 707 2335 humiliat,
734 2272 765 2322 et
853 2266 1045 2322 inclinatura·

60 2356 138 2410 itiam
176 2373 279 2426 puram
313 2357 495 2412 conveniens
522 2360 653 2410 anteacta
685 2357 761 2410 mala
854 2352 1652 2427 Nemopotestejusdemculpaesociusesseetvindex.

79 2447 229 2516 puniendo
253 2446 412 2518 dijudicat,
443 2448 478 2501 de
500 2445 631 2517 quolibet
653 2447 759 2501 delicto
820 2444 976 2516 Indignum
992 2450 1038 2499 est
1052 2445 1129 2499 enim
1146 2448 1176 2499 ut
1191 2444 1239 2497 ille
1254 2444 1290 2497 de
1306 2445 1426 2512 peccato
1441 2455 1567 2511 arguere
1578 2455 1653 2509 pree-

60 2536 198 2606 ronsaqui
215 2540 353 2591 meretur.
818 2537 915 2588 sumat
925 2534 1025 2605 alium,
1042 2534 1092 2604 qui
1103 2534 1229 2588 necdum
1240 2549 1255 2586 a
1267 2535 1387 2602 peccato
1403 2532 1550 2602 castigare
1561 2528 1654 2583 voluit

60 2638 103 2677 am
123 2623 187 2694 ipsa
208 2626 299 2679 verba
324 2642 390 2696 quae
415 2627 451 2679 de
470 2627 524 2679 hac
540 2626 654 2695 piscina
670 2641 759 2694 snpra
818 2624 1021 2693 semetipsum.
1033 2623 1180 2693 Scriptum
1191 2622 1299 2692 quippe
1308 2624 1369 2676 est:
1384 2619 1653 2675 StetitPhineeset

60 2727 80 2765 s
95 2711 299 2782 inspiciamus.
318 2715 540 2786 Conprrpastis.
555 2715 657 2785 inquit,
671 2730 760 2785 aquas
814 2711 946 2783 placavit
960 2712 1054 2783 (Psal.
1068 2718 1126 2781 cv).
1143 2711 1230 2766 Stans
1246 2712 1353 2766 etenim
1369 2712 1533 2781 prostratos
1548 2708 1578 2762 in
1593 2710 1655 2761 tur·

60 2800 479 2863 interioris(isa.xx11t‚Non
493 2807 540 2859 est
550 2804 652 2856 vitium
667 2818 760 2872 aquas
817 2802 949 2870 pitudine
975 2802 1178 2857 fornicationis
1202 2803 1369 2872 transfigit,
1390 2804 1419 2854 et
1438 2800 1531 2854 Deum
1547 2798 1652 2868 placat,

60 2891 327 2961 spiscinaebibere,
338 2893 390 2947 sed
400 2893 503 2948 vitium
511 2896 556 2947 est
563 2908 757 2963 congregare,
818 2893 896 2962 quia,
913 2892 991 2948 sicut
1005 2894 1114 2947 dictum
1130 2896 1185 2962 est,
1203 2893 1251 2946 ille
1266 2893 1350 2946 solus
1361 2888 1585 2945 laudabiliter-in
1595 2886 1653 2942 alio

60 2981 74 3033 t
90 2979 176 3034 nohis
193 2981 280 3035 bonis
296 2983 475 3036 transitoriis
491 2983 532 3036 uti
547 2983 583 3036 ad
600 2984 760 3037 necessita·
818 2984 971 3049 peccatum
979 2982 1135 3036 ulciscitur
1143 2983 1202 3053 qui,
1221 2982 1250 3034 in
1265 2981 1437 3049 semetipso,
1454 2992 1507 3046 per
1521 2991 1652 3030 amorem

65 3083 124 3123 non
135 3069 260 3141 diligero
271 3071 306 3124 ed
318 3072 548 3141 superfluitatem
558 3088 564 3135 ς
575 3087 667 3141 aquas
679 3072 756 3125 enim
776 3053 802 3115 0
814 3069 938 3141 justitiae
950 3075 1078 3139 erectus,
1090 3072 1125 3125 ad
1138 3086 1318 3126 consensum
1330 3067 1443 3138 peccati
1453 3081 1513 3120 non
1528 3063 1653 3118 inclina-

62 3156 604 3232 uierioriscongregatqnitemporalia
615 3161 690 3214 bona
698 3176 756 3214 non
816 3162 966 3215 turillae
977 3161 1196 3216 estecontrario
1208 3160 1285 3229 (prod
1295 3159 1344 3212 illii
1359 3157 1461 3225 lsrael,
1473 3172 1539 3211 cum
1551 3153 1652 3209 scelus

60 3248 259 3314 necessitatis
273 3251 325 3304 sed
338 3250 373 3303 ad
381 3251 576 3320 expletionem
589 3250 756 3320 cupiditatis
814 3250 1043 3305 Gabaonitarum
1062 3248 1235 3304 vindicaturi
1262 3252 1362 3303 contra
1382 3247 1460 3302 illios
1483 3245 1649 3317 Beniamin,

60 3336 93 3388 at.
111 3334 257 3407 lleineeps
273 3339 383 3403 (lanias,
401 3341 449 3408 ait,
469 3339 634 3393 «Ierusalem
655 3356 756 3391 nanrr-
814 3340 910 3411 magis
936 3340 1111 3394 confidentia
1134 3339 1330 3394 multitudinis
1345 3352 1433 3409 quam
1449 3336 1512 3391 zelo
1531 3335 1650 3390 virtutis

60 3422 154 3485 aaa&
163 3426 758 3491 ierusalemanimasdicimus,‹lomusle-
816 3429 944 3497 excitati,
960 3430 991 3483 in
1005 3429 1108 3499 praelio
1124 3429 1351 3494 convenissent,
1370 3431 1428 3481 tam
1441 3441 1549 3498 magna
1563 3426 1650 3497 plaga

60 3514 288 3586 nonincongrue
299 3533 422 3587 corpora
435 3518 627 3587 appellamus.
644 3517 755 3572 Danaus
815 3518 955 3589 prostrati
978 3522 1060 3585 sunt,
1085 3522 1116 3572 ut
1138 3518 1230 3588 prima
1246 3517 1293 3571 die
1309 3533 1405 3587 usque
1419 3517 1456 3570 ad
1470 3516 1575 3588 viginti
1591 3516 1650 3571 duo

60 3602 173 3656 uaalem
188 3620 344 3658 nunremre
360 3611 415 3673 est,
428 3607 615 3661 considerata
630 3606 757 3659 multitu·
814 3608 914 3673 millia,
932 3608 1064 3662 secunda
1078 3623 1149 3661 vero
1165 3607 1327 3662 octodecim
1343 3606 1433 3660 millia
1445 3605 1597 3660 corruisse
1607 3605 1649 3660 le·

59 3689 160 3755 riuum,
172 3693 274 3747 timere
283 3695 318 3747 de
327 3695 443 3748 deiectu
460 3712 568 3760 rerum,
586 3699 755 3765 computare
814 3700 921 3768 gantur
931 3697 1039 3759 tilarlic.
1052 3700 1114 3757 xxl.
1126 3696 1200 3751 Sunt
1214 3695 1291 3749 enim
1303 3693 1435 3749 nonnulli
1449 3693 1498 3764 qui
1508 3695 1651 3763 potestate

67 3782 214 3850 corporis,
232 3785 260 3835 et
275 3798 332 3836 non
348 3784 495 3837 contidera
512 3786 538 3837 in
556 3784 755 3838 nurnitleentia
814 3802 870 3856 qua
887 3786 1003 3840 caeteris
1019 3785 1210 3856 praeeminent
1221 3783 1313 3838 libere
1324 3782 1527 3854 subjectorum
1548 3781 1650 3850 culpas

60 3882 81 3922 s.
105 3869 188 3923 Unde
213 3875 240 3924 et
259 3873 446 3940 postmodum
467 3873 637 3943 sirlrjunxit:
655 3874 757 3944 dairas
814 3890 940 3947 arguare
954 3876 1072 3931 volunt:
1092 3878 1120 3928 ct
1134 3876 1231 3928 tamen
1245 3872 1366 3927 easdem
1381 3872 1410 3926 in
1426 3887 1460 3926 se
1476 3870 1579 3941 culpas
1594 3870 1650 3923 im-

60 3958 344 4028 ‘etcrisrollcpistis
357 3961 683 4031 ctnoaresprristisarl
692 3978 756 4014 ram
813 3964 904 4034 proba
920 3964 1151 4034 presumptione
1166 3962 1266 4017 lovere
1278 3978 1336 4016 non
1352 3961 1509 4016 desistunt.
1519 3959 1578 4015 Sed
1593 3959 1651 4015 hos

60 4047 239 4111 eamtibidh
250 4048 339 4113 Quasi
350 4051 475 4105 diceret:
487 4050 755 4120 Temporaliabona
812 4052 886 4108 tales
901 4052 1110 4123 alienoeculpoe
1126 4051 1259 4106 vindices
1274 4050 1332 4121 ipsi
1346 4050 1435 4105 iidem
1444 4050 1494 4121 qui
1509 4047 1651 4119 puniendi

60 4141 153 4189 rseunt
167 4140 196 4190 et
210 4142 413 4207 veterascant,
438 4156 526 4193 avare
548 4140 702 4209 colligitis,
727 4141 756 4193 et
813 4145 882 4196 sunt
894 4141 1051 4211 perimunt,
1063 4142 1131 4212 quin
1147 4156 1213 4195 cum
1229 4140 1266 4194 ab
1277 4141 1322 4195 eis
1333 4139 1462 4210 superbe
1472 4140 1648 4210 arguuntur,

68 4238 171 4278 eorum
187 4230 328 4281 aeternum
345 4230 494 4298 respicere
510 4244 567 4282 non
577 4228 683 4297 vultis3
700 4229 755 4283 sed
813 4229 862 4283 illa
877 4229 1033 4286 manifeste
1044 4231 1258 4300 exprobrantes
1270 4229 1350 4297 vitiu,
1366 4229 1449 4299 ipsos
1461 4227 1506 4283 sui
1523 4243 1649 4283 accusa·

60 4312 89 4366 td
113 4320 283 4384 perpetuam
308 4317 396 4371 vitam
421 4320 536 4372 creatas
555 4318 755 4388 temporaliter
770 4315 795 4374 Ι)
813 4322 893 4373 tores
903 4319 1146 4374 reosostendunt.
1157 4319 1213 4374 Sed
1223 4319 1274 4374 alii
1285 4318 1377 4374 lsrael
1387 4317 1551 4372 victoriam.
1561 4333 1650 4387 quam

62 4400 169 4456 imetis.
181 4402 263 4468 Quod
276 4407 427 4471 autemait,
442 4406 661 4460 harristialaeanr
673 4408 754 4460 iatrr
811 4408 995 4463 multitudine
1011 4423 1069 4462 non
1084 4411 1220 4478 possunt,
1237 4408 1357 4463 fletibus
1372 4406 1490 4461 tandem
1505 4405 1647 4472 obtinent,

60 4493 330 4562 ·tmnram(ib1d.i,
352 4496 389 4548 ad
409 4495 541 4550 eamdem
567 4496 753 4565 cupiditatem
812 4496 879 4567 quia
895 4512 976 4568 saepe
990 4496 1103 4566 praelati
1119 4496 1322 4568 subiectorum
1343 4494 1530 4565 improperiis
1550 4492 1649 4547 humi-

60 4592 104 4633 um
125 4584 180 4634 est.
208 4582 303 4637 llabet
325 4584 403 4637 enim
422 4585 517 4639 anima
533 4589 562 4639 et
576 4585 754 4640 exteriorem
812 4584 882 4652 liati,
900 4587 1019 4641 discunt
1028 4586 1214 4656 peccantium
1227 4584 1342 4639 animos
1358 4583 1487 4653 superba
1498 4585 1527 4636 ct
1537 4580 1647 4635 tumida

60 4683 128 4723 irem
144 4685 269 4724 matrum.
295 4673 397 4727 Murus
422 4674 553 4728 exterior
568 4678 613 4729 est
629 4690 752 4743 corpuS,
812 4674 977 4729 invectione
993 4690 1052 4728 non
1066 4674 1191 4728 irritare.
1209 4673 1263 4727 sed
1278 4672 1385 4726 blanda
1397 4672 1494 4741 potius
1506 4668 1647 4724 ethumili

60 4771 94 4811 aa
118 4757 275 4828 clauditur,
299 4764 328 4815 et
342 4762 559 4831 quodammodo
575 4763 755 4817 incarcerata
811 4763 1008 4817 aalurouitione
1024 4763 1185 4834 corrigere.
1203 4761 1300 4816 Facile
1314 4760 1391 4814 enim
1407 4759 1486 4813 illias
1506 4758 1644 4827 increpa-

60 4844 159 4903 Murus
177 4848 297 4903 interior
313 4855 357 4903 est
373 4851 416 4902 ira
433 4851 574 4905 naturalis
590 4851 684 4904 virtus
696 4849 755 4903 arni·
812 4851 883 4906 tioni
903 4868 922 4905 u
944 4852 1135 4920 peccantibus
1151 4849 1316 4905 reverentia
1330 4847 1468 4903 tribuitur
1483 4847 1534 4918 qui
1549 4849 1577 4900 et
1592 4863 1646 4902 sua

67 4934 149 4989 vitiis
165 4937 311 5001 irascitur,
329 4943 357 4991 ct
373 4942 473 4994 rantra
490 4941 666 4993 tentamenta
690 4955 752 4993 ma·
812 4939 960 4994 humiliter
973 4939 1115 5011 plangere
1129 4943 1157 4993 et
1167 4939 1263 4993 aliena
1278 4938 1398 5007 peccata
1411 4936 1645 4992 misericorditer

60 5022 137 5077 iaad
154 5024 210 5078 hoe
227 5026 352 5080 ‹lataeat
374 5028 437 5081 haec
454 5028 548 5082 virtus
571 5028 694 5094 animm,
721 5031 751 5083 ut
811 5028 1027 5099 reprehendere
1057 5043 1116 5083 non
1140 5027 1307 5094 dubitatur,
1337 5040 1433 5098 neque
1461 5030 1530 5081 tuae
1558 5027 1646 5081 audet

73 5117 176 5167 cantra
201 5115 271 5168 vitia
295 5132 329 5169 se
356 5116 479 5183 inrapiat,
495 5119 524 5171 at
539 5119 642 5170 cuncta
660 5119 750 5170 tenta·
809 5120 948 5186 peccator
962 5132 996 5173 se
1011 5119 1112 5171 contra
1127 5115 1219 5169 verba
1237 5116 1392 5188 arguentis
1416 5115 1551 5187 erigere,
1577 5131 1645 5170 cum

60 5201 229 5271 uasijacula
240 5205 389 5274 quaedam,
405 5205 516 5259 inimici
530 5205 683 5275 propellat.
701 5206 749 5261 ln·
809 5206 838 5258 ia
863 5206 923 5260 vita
946 5205 1014 5277 ejus
1035 5205 1108 5259 nihil
1127 5204 1240 5261 invenit
1256 5205 1335 5276 quod
1351 5204 1455 5260 merito
1470 5204 1568 5275 possit
1580 5204 1645 5260 cul·

60 5304 114 5347 ura
130 5292 249 5358 nrunita,
267 5293 361 5347 aniam
375 5294 471 5348 omnia
481 5309 548 5364 quae
560 5294 658 5348 earnis
669 5297 748 5362 saint,
809 5310 880 5363 pare
894 5295 962 5364 (52).
1341 5348 1344 5361 ,

60 5376 97 5433 ile
114 5384 206 5448 esset,
223 5396 366 5451 respuere
383 5383 476 5452 rupim
497 5382 638 5437 exteriori
652 5386 749 5437 autem
808 5382 870 5438 Tar.
885 5382 1059 5438 chxxvu.
1075 5383 1206 5456 Mystico
1223 5383 1388 5455 descriptio
1404 5388 1518 5437 naturae
1532 5395 1641 5437 cervae.

60 5480 125 5536 ssa,
144 5460 501 5540 nonnunq'unmetiamad
520 5472 626 5525 sordes
643 5487 748 5528 carna·
844 5471 957 5527 Dicitur
977 5471 1014 5525 de
1037 5487 1125 5525 cerva
1146 5472 1225 5543 quod
1250 5487 1316 5527 cum
1341 5471 1492 5526 vulnerata
1520 5467 1643 5522 fuer-ita

60 5616 189 5683 lsepidtll
204 5616 338 5685 peccatis
352 5613 539 5681 mortalibus
556 5620 585 5671 rt
602 5614 639 5670 dc
655 5611 812 5671 effectibus
831 5612 1009 5680 eorumdem,
1036 5613 1104 5669 vide
1127 5616 1237 5669 tomum
1260 5614 1387 5687 primam
1411 5612 1439 5666 in
1462 5610 1641 5676 llatthaeum,

60 5712 103 5754 inc
119 5698 280 5756 [lominica.
