3796 6022
584 236 640 303 DE
664 237 808 303 VERBO
830 239 1090 305 INGARNATO.
1644 248 1704 314 310

64 443 226 516 rporiesui
234 443 332 511 (doen
344 443 393 509 u).
407 442 490 509 Quod
505 459 564 499 non
579 445 626 499 θεῖ
638 442 810 514 intelligen-
825 420 856 484 A'
869 440 972 513 bomo,
988 443 1167 514 praedicatur
1180 445 1290 501 bebere
1307 462 1425 502 carnem
1441 451 1469 502 el
1484 448 1624 519 animam,
1643 468 1702 509 non

64 532 146 604 qnasi
162 533 191 587 in
208 549 241 587 se
259 533 346 588 luerit
361 549 430 588 caro
446 533 600 603 dissoluta,
613 532 692 603 quin,
704 535 735 587 ut
747 530 811 604 jam
867 531 1033 589 substantia
1048 537 1190 590 constans
1206 551 1244 590 ex
1260 550 1349 591 carne
1364 539 1393 591 et
1408 538 1514 594 anima.
1531 539 1701 597 Secundum

64 637 87 677 n
106 626 166 689 cst,
187 637 246 677 non
267 622 341 678 vidit
363 623 592 693 corruptionem.
615 621 647 677 ln
662 636 721 692 quo
736 637 809 693 ergo
867 621 1034 692 opinionem
1050 638 1153 679 corum
1164 640 1237 697 ergo
1248 625 1278 681 in
1289 625 1345 680 hoc
1357 641 1416 681 non
1428 631 1497 682 sunt
1508 629 1633 698 similes,
1647 633 1700 686 sed

64 710 280 766 indissolutio‘?
296 711 438 782 Velquod
455 710 623 781 sulrjertum
638 710 693 765 luit
707 711 809 766 diseo·
866 711 1140 771 vaidadissimiles.
1162 713 1192 768 Si
1213 730 1271 784 qua
1292 730 1365 787 ergo
1388 718 1435 771 est
1456 716 1498 770 ibi
1519 718 1698 790 similitudo,

67 798 107 855 it
132 799 198 854 Non
222 800 359 855 invenies
382 800 472 872 quid,
495 800 557 868 nisi
582 800 665 854 dican
689 800 809 870 aliquod
866 800 1031 857 secundum
1050 802 1145 857 solam
1165 802 1293 857 nourinis
1312 804 1459 874 aequiroei
1473 806 1700 876 appellationem

64 888 173 945 ositum
187 905 226 943 ex
241 905 365 961 corpore
385 893 414 944 et
432 889 538 944 anima.
556 888 720 960 Cenjunrta
735 903 809 959 ergo
867 889 1049 962 intelligitur.
1066 890 1125 946 Sed
1146 891 1210 945 haec
1232 892 1346 946 modica
1368 894 1415 947 vel
1438 894 1517 948 nulla
1533 899 1579 949 θεῖ
1593 898 1702 952 simili-

66 976 195 1032 vircndo
207 994 274 1049 quoe
289 978 433 1033 dissoluta
448 981 518 1034 suut
533 978 698 1046 moriendo,
709 977 809 1032 ctani·
865 979 946 1048 tudo,
963 994 1030 1033 cum
1045 978 1183 1035 Christus
1199 968 1266 1035 non'
1274 980 1313 1033 sit
1328 981 1405 1035 idem
1420 982 1499 1053 quod
1518 983 1621 1053 homo,
1644 1002 1700 1041 nec

64 1065 312 1137 ivumetspirans
322 1067 461 1139 templum
476 1068 555 1138 quod
570 1068 646 1121 mori
660 1067 763 1136 potuit,
780 1068 810 1120 θῖ
865 1067 952 1122 etiam
965 1068 1093 1125 vestitus
1108 1068 1218 1140 aliquid
1230 1069 1309 1140 quod
1320 1070 1358 1123 sit
1374 1070 1475 1140 homo,
1491 1087 1546 1126 nec
1561 1089 1596 1128 eo
1612 1076 1699 1129 modo

64 1158 95 1211 le
105 1156 240 1226 excitari,
251 1157 358 1213 animal
369 1157 469 1212 virum
480 1160 509 1211 ct
522 1156 641 1227 spirans
656 1156 806 1226 templum,
865 1156 1019 1228 participet
1028 1172 1116 1212 carue
1125 1161 1153 1212 θῖ
1161 1159 1257 1211 anima
1267 1174 1325 1229 quo
1335 1160 1444 1214 caeteri.
1452 1160 1528 1215 Dicit
1536 1163 1698 1231 Apostolus

64 1244 213 1307 edixerat
224 1261 280 1317 ego
290 1246 321 1300 in
337 1246 433 1301 triduo
449 1245 585 1309 excitabo
602 1244 683 1300 illud.
696 1245 809 1299 (tonce-
865 1245 1076 1316 inEpietolaad
1087 1246 1601 1318 HebreosquodClnistnssimililer
1611 1253 1697 1307 nobis

64 1333 217 1391 nobiscum
232 1334 310 1406 quod
322 1334 460 1401 Christus
472 1339 517 1390 est
533 1333 640 1403 homo;
655 1350 714 1388 non
730 1334 809 1390 anim
866 1350 954 1391 carna
968 1338 997 1389 ct
1016 1336 1178 1408 sanguine,
1201 1337 1231 1395 id
1251 1339 1298 1391 cst
1316 1337 1412 1391 anime
1431 1339 1630 1410 participavit,
1647 1342 1698 1395 nbi

64 1423 216 1477 nutatione
231 1423 398 1480 intellectus
412 1424 520 1479 audent
534 1426 647 1487 mutere
662 1426 690 1478 et
705 1423 805 1479 verba.
865 1423 951 1478 dixit:
961 1423 1698 1500 Quiapuericonrmunicarerumcarnictsnngnini

64 1510 172 1583 [uidem
187 1513 232 1566 sic
247 1512 456 1585 intelligimus,
478 1513 536 1567 imo
551 1529 655 1568 omnes
671 1512 807 1567 catholici
865 1519 894 1567 ct
905 1513 1169 1585 ipseperticipaait
1177 1514 1440 1570 siruilitcreisdcun
1448 1516 1554 1581 (Hebr.
1565 1516 1606 1585 n),
1615 1519 1643 1571 id
1653 1522 1698 1573 cst

64 1605 191 1657 exerunt.
208 1600 346 1657 Christus
360 1606 407 1657 est
422 1602 520 1672 bomo,
535 1602 563 1657 id
579 1605 626 1657 est
640 1601 806 1657 substantia
864 1605 928 1656 erat
938 1601 1026 1658 bomo
1037 1606 1180 1658 constans
1190 1618 1227 1657 ex
1239 1604 1337 1657 anima
1353 1605 1381 1658 et
1396 1620 1499 1673 carno,
1517 1608 1548 1660 ut
1562 1606 1632 1660 dicit
1647 1623 1698 1661 ex-

64 1706 70 1743 l
85 1693 228 1745 constans
247 1706 285 1746 ex
307 1707 432 1761 corpore
447 1696 475 1748 θῖ
490 1691 596 1747 anima.
618 1690 679 1761 lpsi
692 1689 737 1745 sic
751 1705 805 1745 ex·
863 1692 987 1762 positor.
1001 1691 1036 1745 Et
1046 1692 1116 1749 alibi
1128 1708 1219 1763 super
1233 1692 1365 1762 Epistola
1377 1710 1385 1747 1
1396 1694 1431 1747 ad
1446 1694 1631 1750 Timotheum
1648 1697 1697 1751 ubi

63 1781 105 1847 rt:¹
119 1778 258 1836 Christus
278 1784 323 1836 est
345 1780 448 1848 bomo,
467 1781 497 1836 id
518 1782 564 1835 est
579 1779 693 1835 habens
708 1777 805 1834 homi·
863 1772 988 1853 lc‘gitur:
1001 1780 1079 1852 Itepi
1094 1781 1267 1837 sacculorum
1283 1782 1312 1851 (Ι
1327 1782 1399 1837 Tim.
1416 1783 1447 1853 1),
1459 1785 1530 1839 dicit
1545 1787 1698 1854 expositor

547 1918 551 1925 .
862 1870 942 1941 quod
950 1870 1039 1927 homo
1048 1873 1222 1942 assumptus
1233 1888 1293 1927 non
1303 1887 1424 1943 semper
1434 1872 1487 1927 luit
1499 1875 1563 1928 Rex
1574 1876 1698 1931 sarculo-

64 1974 124 2013 rer.
143 1958 222 2015 xlll.
239 1959 344 2015 (luacro
360 1976 433 2032 ergo
451 1977 489 2015 an
504 1958 643 2015 Christus
658 1959 689 2014 et
703 1957 806 2013 Enoch
862 1976 937 2029 rum,
953 1961 1007 2016 scd
1023 1960 1053 2014 in
1073 1964 1204 2031 temporo
1224 1961 1312 2032 coepit
1332 1977 1402 2019 esse
1419 1962 1490 2023 ‚Rex
1504 1965 1694 2020 sacculorum.

64 2047 211 2104 nomines?
232 2049 263 2105 Si
285 2049 422 2105 Christus
446 2065 506 2105 non
528 2052 573 2109 cat
595 2048 683 2109 honio
703 2048 806 2103 eedem
862 2048 967 2104 Videat
979 2049 1047 2107 baec
1061 2049 1307 2121 quilibet-fidelis,
1319 2054 1348 2105 et
1355 2050 1468 2122 judicet
1482 2067 1519 2105 an
1533 2051 1695 2122 Scripturas

64 2134 190 2191 icatioue
206 2154 264 2210 que
274 2138 382 2211 aliquis
393 2155 430 2194 ex
441 2138 538 2205 nobis,
553 2137 700 2209 quomodo
714 2136 807 2192 irater
862 2138 1017 2193 manifeste
1026 2138 1211 2209 dicentqnod
1220 2138 1357 2193 Christus
1366 2140 1441 2194 sitid
1451 2140 1529 2209 quod
1538 2142 1691 2205 esthemo,

64 2229 156 2281 ·csl·.’
171 2226 277 2283 Petrus
293 2229 381 2283 homo
397 2231 469 2293 erat,
485 2242 543 2282 non
555 2226 704 2281 hominem
714 2226 804 2281 habe·
862 2231 892 2282 ut
902 2228 947 2283 sic
958 2228 1115 2285 nobiscum
1125 2227 1232 2293 babeat
1242 2243 1342 2282 veram
1358 2228 1579 2299 trater-nitatem,
1592 2234 1621 2284 et
1635 2248 1694 2286 nou

64 2314 184 2371 hristus
201 2316 288 2373 bomo
304 2321 380 2386 aral,
397 2317 426 2370 id
441 2319 488 2371 est
502 2316 650 2370 hominem
666 2314 801 2385 hahebat,
860 2317 959 2371 fictam
976 2317 1197 2372 humanitatem.
1222 2317 1294 2371 ltem
1315 2317 1386 2370 dicit
1410 2317 1488 2372 idcm
1509 2319 1691 2389 Apostolus:

72 2409 235 2476 exponunt.
251 2406 277 2459 N
281 2406 391 2477 unquid
407 2405 498 2477 igitur
511 2405 577 2459 tirel
594 2404 747 2475 pluraliter
759 2404 803 2459 in·
859 2405 993 2478 Amyclas
1006 2423 1146 2479 nusquam
1158 2406 1364 2479 apprehendit,
1378 2407 1433 2461 scd
1444 2423 1546 2463 semen
1559 2408 1695 2464 Ahrelun

74 2492 156 2566 Ergo
166 2494 288 2550 tillietus
300 2495 443 2551 ell‘etrus
452 2494 588 2550 homines
599 2496 703 2549 erant?
712 2494 801 2551 ltem:
859 2496 1018 2567 apprendit
1028 2495 1134 2564 (Hebr.
1145 2502 1188 2565 u),
1201 2495 1230 2550 id
1241 2499 1287 2550 est
1296 2495 1325 2549 in
1337 2496 1477 2551 unitatem
1485 2514 1623 2567 personae
1635 2500 1696 2553 uni-

64 2584 803 2655 rpessibilisetmortaliseratsirutunusexnobis‘?
859 2585 910 2640 vit.
923 2584 1692 2657 Undedebuittratribuspcrnmniesimilerilihidd,

64 2688 88 2737 ,u
97 2673 242 2744 passibile
252 2677 351 2744 potest
364 2673 452 2729 nobie
464 2673 542 2727 atilli
555 2672 583 2745 in
595 2673 698 2729 eadem
707 2672 802 2745 eigni·
859 2674 912 2731 sed
927 2674 957 2729 in
968 2673 1048 2730 nullo
1059 2663 1246 2729 substantiali
1258 2674 1345 2729 nobis
1354 2674 1461 2729 similis
1472 2678 1528 2745 cst,
1541 2676 1566 2729 si
1579 2692 1638 2730 nan
1648 2682 1694 2733 ost

65 2763 285 2833 reconvenire,
302 2779 393 2834 quare
408 2779 467 2818 non
479 2759 693 2826 bomotQuare
703 2761 802 2833 potius
822 2752 825 2757 ’
858 2762 888 2817 id
903 2762 982 2834 quod
998 2766 1043 2818 est
1059 2763 1157 2832 homo,
1174 2763 1321 2833 quomodo
1342 2778 1414 2834 crgo
1430 2765 1594 2833 peremnia
1611 2765 1692 2821 tratri

64 2850 159 2906 dimus
173 2852 338 2909 accidentia
352 2851 440 2906 nobis
451 2854 480 2906 et
491 2850 531 2905 illi
543 2866 612 2907 essa
624 2851 799 2920 communia,
858 2852 1063 2907 assimiletus‘.t
1077 2852 1220 2923 Agnosce
1237 2851 1341 2907 saltem
1354 2853 1433 2924 quod
1450 2853 1513 2923 ipse
1528 2855 1691 2924 Apostolus

73 2955 144 2997 cese
155 2940 477 3012 hominethunquid
491 2939 629 2995 convenit
644 2939 801 2995 nobiscum
857 2942 942 2996 aliter
956 2941 1046 2997 sentit
1060 2957 1147 3013 quam
1164 2943 1195 2997 tn
1215 2940 1251 2995 de
1267 2939 1396 2996 Christo.
1415 2941 1468 2995 Vel
1488 2944 1647 3013 responde,
1664 2945 1690 2998 si

64 3028 255 3101 identalihuS,
272 3032 302 3084 et
319 3045 379 3085 non
401 3029 431 3083 in
454 3028 723 3097 substantialibus?
737 3032 800 3085 Au·
817 3034 953 3115 cpotes.
969 3030 1000 3087 Si
1014 3030 1151 3086 Christus
1168 3045 1221 3101 per
1232 3029 1521 3091 omninassimiletur
1536 3031 1688 3100 iratribus,

64 3134 104 3173 us
121 3118 284 3190 dicitquod
302 3119 423 3174 habitus
440 3124 486 3173 est
506 3117 636 3173 hominis
651 3119 800 3190 susceptio
856 3136 929 3191 ergo
944 3119 974 3175 in
997 3118 1244 3193 substantialibus
1267 3133 1376 3190 genere
1399 3121 1428 3172 θῖ
1451 3119 1561 3189 specie,
1579 3124 1607 3174 ct
1622 3121 1688 3175 aliis

71 3209 167 3263 restis
187 3225 250 3281 quac
266 3225 323 3265 nou
337 3213 430 3263 mutet
445 3207 520 3279 quod
532 3207 675 3281 restitut.
693 3207 725 3262 ln
740 3223 798 3280 quo
855 3207 1102 3264 substantialibus
1111 3209 1139 3263 et
1150 3207 1288 3262 omnibus
1298 3206 1641 3263 naturalibusl'idontur
1650 3226 1687 3265 an

69 3296 152 3352 multi
169 3297 343 3369 gloriantur.
363 3298 430 3353 Non
444 3296 485 3350 ait
498 3299 595 3351 tamen
611 3296 798 3369 Augustinus
855 3296 1001 3353 sententia
1014 3296 1192 3369 apostolica,
1203 3295 1291 3365 volis,
1308 3295 1400 3363 nolis,
1423 3299 1451 3350 tc
1467 3296 1623 3351 convincat
1637 3298 1686 3369 qui

63 3401 141 3440 nomo
153 3390 314 3456 susceptus
332 3390 378 3442 est
395 3385 489 3443 vestis
508 3385 591 3441 verbi
602 3385 796 3456 assumentis,
854 3387 946 3442 diois:
960 3386 1158 3456 Haecepecies
1168 3385 1605 3441 nomononconveniluhristo.
1616 3387 1686 3441 ltom

66 3475 124 3531 aei.
137 3474 173 3529 Et
183 3476 213 3529 in
221 3492 279 3546 quo
289 3476 432 3531 consistat
443 3475 604 3531 similitudo
615 3472 797 3535 ostenditdi-
853 3477 922 3551 quid
940 3475 1036 3549 magis
1052 3473 1183 3532 naturale
1200 3477 1246 3530 θεῖ
1266 3472 1377 3527 bomini
1393 3490 1479 3545 quam
1496 3478 1632 3530 constare
1648 3493 1686 3531 ex

64 3563 195 3619 uodnon
210 3568 301 3619 mutet
317 3565 396 3636 qnod
417 3564 551 3621 vestitur.
570 3563 684 3629 Quibus
694 3562 795 3618 verbis
853 3581 941 3621 carne
959 3568 987 3621 et
1002 3565 1112 3630 anima,
1131 3580 1198 3619 cum
1218 3563 1256 3617 sit
1271 3578 1339 3618 esse
1363 3562 1498 3617 animalis
1521 3566 1683 3621 secundum

64 3652 125 3709 liud
136 3654 198 3709 vult
209 3655 377 3723 ostendere,
388 3654 446 3708 nisi
458 3653 514 3710 hoc
530 3653 608 3726 quod
622 3652 653 3706 in
667 3668 794 3724 suscep·
851 3652 1582 3726 prudentiemhujussaeculi3necnaturaehumanae
1591 3670 1684 3725 capax

64 3742 184 3801 laminis
201 3759 261 3797 non
281 3745 332 3803 θεῖΙ
346 3746 488 3799 mutatum
507 3741 552 3816 uel
570 3757 748 3798 conversum
763 3742 793 3798 in
851 3746 907 3813 θεῖ,
920 3743 968 3799 cui
981 3744 1050 3799 talis
1066 3741 1240 3814 compositio
1255 3757 1314 3796 non
1325 3740 1471 3810 competit.
1488 3740 1519 3796 Si
1535 3757 1608 3814 ergo
1624 3760 1683 3798 non

64 3830 186 3888 terbum
204 3832 266 3887 Dei.
280 3832 366 3900 Deus
386 3831 466 3887 enim
482 3831 578 3887 hctus
594 3834 639 3887 θεῖ
650 3831 749 3901 homo,
762 3837 791 3887 ut
850 3833 989 3899 contenit
1001 3832 1121 3889 Christo
1135 3831 1194 3886 hoc
1213 3829 1278 3885 sine
1300 3846 1358 3901 quo
1381 3829 1480 3883 nullus
1499 3834 1681 3901 potestesse

64 3918 197 3992 ariptura,
206 3936 266 3975 non
274 3920 472 3977 conversione
481 3920 642 3977 divinitatis
651 3920 681 3975 in
690 3937 788 3991 cerne,
849 3923 948 3991 homo,
960 3921 1108 3995 quomodo
1119 3918 1277 3991 peremnia
1289 3917 1431 3973 tratribus
1439 3919 1640 3975 assimilatur?
1649 3921 1679 3976 Si

64 4010 312 4080 sumptione-lion
322 4026 395 4082 erpo
407 4010 457 4082 qui
469 4010 605 4065 inventus
617 4012 662 4063 est
674 4010 789 4065 utalius
847 4011 976 4065 bominis
992 4010 1044 4065 tibi
1059 4008 1149 4065 sunili
1161 4007 1345 4079 cpnlingeret
1360 4007 1529 4079 dissidium,
1546 4011 1678 4081 nunquid

66 4099 162 4157 carnit
186 4099 310 4154 ueritate
336 4099 473 4155 humanae
498 4101 622 4154 naturae.
648 4099 788 4173 Nunquid
846 4100 973 4171 amplius
983 4098 1035 4154 tibi
1046 4097 1152 4152 similis
1164 4096 1370 4153 dicereturlsi
1383 4112 1455 4169 ergo
1467 4095 1605 4154 Christus
1620 4116 1678 4155 non

64 4186 161 4260 nuqua
176 4188 221 4244 sic
233 4188 463 4258 uniturbomini,
476 4191 506 4242 ut
521 4188 616 4242 vestis
631 4188 787 4261 appellatio
846 4191 962 4245 constet
975 4204 1014 4243 ex
1029 4203 1154 4259 corpore
1175 4189 1202 4241 θῖ
1217 4185 1328 4255 anima,
1345 4187 1493 4257 quomodo
1511 4204 1565 4259 per
1581 4190 1677 4244 omnia

64 4279 85 4331 rt
97 4276 129 4333 ia
143 4278 296 4347 vestitum,
317 4281 349 4332 ut
365 4278 453 4333 bomo
477 4276 591 4333 dicatur
613 4278 722 4347 vestis,
741 4279 787 4333 vel
845 4276 988 4349 tratribus
1002 4276 1206 4333 assimilatur?
1222 4274 1301 4347 Ergo
1312 4277 1361 4328 aut
1372 4266 1512 4331 c'ontitere
1527 4275 1677 4333 Christum

64 4382 90 4423 m
103 4369 217 4422 naturae
228 4366 316 4440 cujus
327 4368 443 4422 vestie?
454 4366 535 4423 Sicut
546 4366 626 4433 Deus
637 4369 684 4421 est
698 4366 786 4422 homo
802 4367 829 4428 D
843 4368 963 4438 plenum
978 4366 1127 4421 hondncm
1143 4368 1251 4420 nostrae
1272 4366 1383 4419 naturae
1403 4381 1456 4433 pcr
1473 4366 1569 4419 omnia
1585 4368 1676 4436 parti-

64 4454 133 4511 dem
147 4459 260 4511 naturae
276 4472 343 4511 cum
358 4454 501 4511 homine?
843 4458 1043 4531 cipem„et·eu
1058 4456 1154 4511 anima
1168 4459 1197 4508 et
1212 4469 1300 4527 carne
1321 4455 1513 4522 constantem,
1535 4458 1584 4508 aut
1599 4471 1675 4527 nega

64 4559 106 4601 er.
119 4544 198 4601 XIV.
210 4544 316 4600 Cuaero
328 4545 397 4616 quid
410 4544 449 4599 sit
458 4544 507 4599 ille
518 4544 637 4599 babitus
648 4544 698 4617 qui
710 4562 785 4616 prac-
841 4548 941 4617 ipsum
950 4561 1005 4618 per
1015 4544 1112 4621 omnia
1122 4543 1210 4599 nobis
1221 4545 1329 4613 praeter
1339 4543 1491 4615 peccatum
1502 4542 1672 4599 assimilari.

64 4654 65 4664 ¹
80 4633 117 4690 de
132 4632 242 4704 Verbo,
255 4651 323 4689 oum
333 4635 456 4691 dicitur:
475 4633 554 4699 Deus
570 4638 616 4688 θεῖ
631 4634 719 4691 homo
734 4650 784 4689 se·
842 4637 874 4691 ln
885 4652 943 4707 quo
955 4635 1028 4691 nihil
1039 4635 1226 4707 depressum,
1236 4632 1289 4686 scd
1297 4631 1408 4703 aliquid
1417 4636 1463 4686 est
1471 4635 1612 4700 erectum,
1623 4634 1672 4703 qui

64 4723 190 4779 ndstos.
217 4723 334 4778 Habere
358 4724 437 4778 enim
460 4724 587 4779 animam
614 4726 643 4779 et
665 4739 784 4778 carnem
840 4725 1174 4797 soluspotuitcreaturae
1183 4738 1246 4776 suae
1256 4721 1335 4775 illabi
1344 4720 1672 4777 sineulladiminutione

64 4814 139 4881 ιῖιιθ,
149 4816 181 4869 ut
196 4812 306 4868 dicunt.
320 4811 373 4867 est
387 4812 542 4884 accidens,
554 4829 591 4867 an
606 4812 782 4883 substantia,
840 4832 903 4870 sum
926 4815 1112 4883 substantiae.
1135 4814 1238 4869 Omnia
1262 4813 1342 4869 enim
1365 4830 1431 4885 quoe
1456 4811 1507 4867 Dei
1530 4813 1600 4866 sunt
1619 4827 1673 4883 per

64 4898 107 4957 aid
117 4901 198 4972 quod
209 4917 267 4957 non
278 4905 325 4957 est
340 4902 396 4958 hoc
412 4902 458 4955 vel
466 4901 555 4972 -illud,
572 4901 780 4973 respondeant.
839 4908 973 4960 naturam
984 4907 1063 4974 eunt,
1073 4906 1102 4959 θῖ
1113 4903 1241 4959 hominis
1252 4903 1447 4975 pergratiam,
1458 4905 1486 4957 et
1497 4901 1594 4958 omnia
1605 4918 1671 4974 qum

64 4988 110 5045 im
124 4992 222 5060 potest
242 4990 300 5045 dici
316 4990 395 5062 quod
411 4990 494 5059 nibil,
512 5006 578 5045 cum
594 5006 629 5046 eo
643 4989 781 5048 Christus
838 4993 967 5049 bominis
983 4997 1052 5049 sunt
1067 5008 1121 5064 pcr
1135 4996 1283 5062 naturam,
1303 4991 1390 5047 etiam
1405 4992 1457 5046 Dei
1474 4995 1543 5047 sunt
1557 5008 1611 5062 per
1625 4992 1671 5046 di-

64 5078 112 5135 ilis
126 5078 194 5134 aliie
208 5079 390 5135 hominibus.
411 5079 516 5134 Petrus
537 5083 582 5133 est
598 5079 628 5135 id
642 5080 720 5152 quod
736 5084 782 5137 ast
837 5082 1017 5154 gnationem.
1028 5081 1098 5136 lnde
1110 5085 1155 5136 est
1164 5080 1242 5153 quod
1251 5081 1332 5135 Dens
1345 5080 1433 5136 bomo
1448 5083 1476 5136 et
1487 5080 1574 5136 homo
1590 5082 1670 5137 Deus

68 5182 129 5223 aon
150 5168 238 5223 babet
263 5168 430 5237 hominem,
456 5167 593 5225 Christus
616 5173 736 5225 nonest
751 5170 781 5225 id
836 5171 994 5227 verissime
1005 5170 1193 5242 praedicatur,
1203 5174 1232 5225 et
1239 5171 1320 5225 Deus
1331 5173 1451 5242 propter
1461 5171 1670 5226 humanitatem

64 5256 193 5313 thome.
205 5257 237 5311 ln
248 5273 306 5328 quo
316 5273 389 5329 ergo
399 5256 695 5323 similestQuomodo
707 5275 780 5331 ergo
837 5277 932 5332 suam,
949 5263 978 5316 et
992 5260 1081 5316 homo
1097 5260 1177 5316 Deus
1192 5262 1313 5331 propter
1328 5259 1508 5315 divinitatem
1524 5276 1626 5330 suem3
1643 5264 1671 5315 ot

64 5346 80 5402 t
94 5344 200 5401 Dicent
214 5346 355 5401 forsitan:
372 5346 402 5400 ln
416 5347 473 5401 boc
484 5347 598 5405 similos
609 5351 688 5417 sunt,
701 5348 779 5420 quod
837 5365 966 5423 persona
975 5348 1303 5423 eademestutriusquc,
1312 5349 1668 5422 sicutAugustinusdicit:

64 5434 168 5490 ihabct
184 5451 304 5490 caruem
320 5438 348 5489 et
361 5437 497 5491 enimam.
515 5436 572 5492 Sed
584 5437 700 5506 Petrus,
713 5454 780 5493 cum
839 5439 993 5495 Christum
1008 5455 1077 5494 essc
1091 5439 1124 5493 id
1134 5438 1209 5511 qnod
1220 5444 1266 5494 est
1276 5438 1365 5504 Deus,
1380 5445 1408 5494 ct
1418 5456 1486 5493 esse
1497 5440 1529 5494 id
1539 5439 1614 5511 quod
1624 5443 1669 5492 cst

65 5538 137 5579 esee
151 5524 250 5594 homo,
263 5524 441 5595 praedicatur
455 5526 621 5580 substantia
637 5532 780 5583 constans
837 5530 931 5584 laonio.
942 5526 1282 5594 Quodetuoscrcdimns
1291 5531 1319 5583 el
1331 5528 1513 5593 confitemur,
1523 5527 1591 5598 qnia
1604 5527 1669 5581 liaec

64 5628 86 5669 re
101 5617 130 5670 et
144 5613 251 5672 anima.
264 5614 418 5671 tlumvero
434 5613 571 5674 Christus
587 5616 694 5674 dicitur
709 5633 779 5675 esse
837 5621 883 5676 est
897 5618 972 5675 fides
983 5621 1149 5679 communis
1161 5618 1291 5679 omnium
1302 5622 1482 5675 sanctorum.
1499 5616 1556 5675 Per
1566 5615 1609 5691 id,
1622 5617 1669 5675 in-
