3796 6022
398 254 477 319 ‘DE
498 253 677 320 oculeus
698 247 1038 320 uccuustasrlcls
1062 294 1110 305 -—
1133 256 1214 320 LIB.
1233 257 1273 321 ΙΙ.
1385 245 1388 248 ’

1646 262 1707 329 tet

64 455 84 511 'a
95 455 273 528 repleamur,
287 420 817 528 Sacrificiumpermanushngaliper-
831 437 861 498 Α
874 472 981 526 panem
992 459 1020 512 et
1030 459 1131 513 vinum
1143 461 1223 515 creat
1236 474 1290 530 per
1303 462 1447 514 naturam.
1461 460 1611 516 Eudemia
1622 463 1705 519 altari

71 544 112 600 nil
127 545 205 600 aliud
227 545 420 617 intelligimus
443 562 529 617 quam
550 547 648 617 ipsum
663 545 816 616 cooperari

64 650 97 689 aa
112 635 271 689 devotioni.
288 634 470 705 Coeperatur
483 639 580 690 autem
595 634 751 689 nobiscum
762 650 816 705 pro

64 739 71 778 r
87 724 215 792 orando,
232 723 378 794 modoque
395 723 519 777 mirabili
538 727 565 778 et
581 723 724 778 invisibili
739 723 817 778 bona

64 811 133 866 ibus
149 812 260 866 uostris
283 813 486 884 suggerendo.
505 813 556 867 Vel
573 812 647 867 forte
664 812 816 884 singulare

64 899 83 955 it
104 915 158 970 pro
182 900 305 971 plurali,
332 902 430 973 angeli
454 917 508 972 pro
533 902 717 973 angelorum.
741 901 817 954 Dicit

75 987 180 1042 beatus
196 989 370 1060 Gregorius,
388 989 463 1044 libro
479 989 670 1063 Dialogcrum
686 1007 724 1058 rv,
737 989 816 1060 qaod

64 1093 101 1131 sa
125 1078 334 1132 immolationis
364 1079 435 1133 hora
461 1079 496 1132 ad
522 1095 625 1134 vocem
650 1078 815 1133 sacerdotis

64 1168 153 1220 untur
167 1167 244 1234 coeli,
262 1168 370 1221 adsunt
384 1168 558 1239 angelorum
575 1168 673 1236 chori,
689 1167 814 1222 summis

64 1254 214 1324 metantur,
230 1260 347 1311 terrena
360 1257 533 1312 caelestibus
547 1257 724 1329 junguntur,
740 1259 769 1312 et
783 1257 815 1312 tit

64 1359 71 1396 ι
86 1358 124 1398 ex
138 1344 308 1399 visibilibus
325 1348 353 1400 et
369 1346 581 1401 invisibilibus

64 1484 129 1540 Cur.
147 1485 272 1542 XXXV.
290 1488 333 1542 Dc
351 1489 492 1544 Oratione
504 1505 560 1560 pro
575 1488 735 1544 defunctis.

64 1610 156 1682 quitur
170 1611 320 1666 Memento
336 1613 435 1678 etiarn,
456 1613 590 1683 Domine,
613 1617 669 1668 etc.
686 1615 768 1669 Sicut
784 1616 813 1670 in

874 546 971 601 oblata
987 547 1152 602 sanctificat
1165 563 1219 618 per
1237 548 1377 620 gratiam,
1399 564 1452 618 per
1465 550 1557 604 verba
1572 552 1706 607 Actionis

874 635 987 704 primae.
1001 635 1065 690 lam
1077 641 1145 690 tunc
1156 637 1234 691 enim
1244 640 1311 691 ante
1322 637 1585 694 sanctificationem
1593 641 1706 695 sancti-

872 724 957 778 ttcata
969 729 1038 779 sunt
1049 729 1077 779 et
1087 741 1104 779 a
1113 726 1310 780 comminibus
1319 727 1425 782 usibus
1434 732 1579 798 separata.
1593 730 1706 786 Deinde

872 827 1020 883 persacra
1030 814 1121 868 verba
1133 816 1274 869 secundae
1290 815 1422 870 Aetionis
1437 818 1619 872 sanctificata
1637 836 1705 889 pro-

872 903 1018 958 movendo
1029 903 1169 972 viviticat,
1187 904 1257 958 dum
1273 919 1307 958 ea
1321 904 1352 957 in
1368 920 1477 975 eorpus
1488 908 1516 959 et
1527 907 1704 978 sanguinem

872 991 982 1047 tthrieti
998 992 1257 1061 transubstantiat‚
1271 996 1298 1046 et
1313 993 1470 1062 benedicit,
1483 993 1552 1049 dum
1563 995 1608 1050 eis
1619 1010 1704 1050 sum-

872 1097 927 1134 mae
942 1080 1159 1136 benedictionis
1175 1080 1312 1136 effectum
1322 1082 1436 1149 tribuit,
1454 1099 1521 1153 quae
1539 1084 1624 1138 estin
1636 1085 1703 1139 uni-

870 1173 928 1224 tate
943 1170 1047 1240 capitis
1064 1173 1092 1225 et
1102 1170 1316 1239 membrorum,
1333 1171 1369 1225 de
1380 1187 1437 1241 qua
1453 1173 1537 1225 tertia
1548 1174 1632 1228 Actio
1642 1190 1703 1229 me-

870 1259 962 1313 minit.
978 1258 1070 1331 Signa
1090 1260 1144 1313 tria
1167 1259 1265 1314 crucis
1289 1275 1355 1330 quae
1378 1259 1426 1313 hic
1447 1259 1518 1313 hunt
1534 1263 1702 1331 operatione

777 1398 780 1405 .
870 1347 1021 1403 Trinitatis
1032 1365 1085 1419 per
1095 1349 1233 1403 virtutem
1245 1349 1354 1417 crucis,
1372 1349 1531 1403 ostendunt
1541 1349 1617 1404 facta
1632 1366 1701 1406 esse

869 1453 936 1508 quae
945 1437 1102 1507 praemissa
1111 1440 1189 1492 sunt.
1199 1437 1291 1510 Signa
1300 1438 1378 1492 enim
1386 1437 1462 1491 facta
1473 1437 1703 1510 hucusquepost

870 1527 1126 1582 consecrationem
1134 1542 1193 1582 non
1202 1527 1457 1582 consecrationem
1469 1530 1637 1597 operantur,
1648 1528 1701 1584 sed

870 1613 937 1685 ejus
947 1614 1057 1669 faciunt
1066 1615 1375 1670 commemorationem
1384 1614 1701 1687 sivetestittcationem,

64 1699 229 1768 illatione,
254 1701 302 1754 ubi
328 1702 396 1755 vitae
422 1702 557 1757 animalis
581 1707 812 1758 sustentamenta
870 1703 948 1758 sicut
962 1718 1052 1775 supra
1068 1704 1208 1759 diximus.

64 1786 137 1859 abal,
154 1788 278 1860 rogabat
293 1806 346 1859 pro
362 1789 439 1844 vivis
455 1806 461 1845 :
479 1791 517 1845 ita
532 1791 563 1844 in
578 1790 632 1844 hac
648 1792 743 1861 tertia,
761 1791 810 1846 ubi
827 1755 854 1820 Β

66 1875 142 1930 rium
170 1877 279 1931 oblitus
304 1882 332 1932 et
360 1879 389 1932 in
418 1880 564 1934 anteriora
588 1895 621 1934 se
646 1881 811 1935 extendens

71 1965 132 2020 Deo
147 1967 263 2035 quaerit,
287 1972 372 2039 rogat
396 1983 448 2038 pro
473 1968 620 2023 defunctis
641 1970 690 2041 qui
708 1970 811 2024 eodem

64 2055 112 2109 ent
127 2054 203 2124 cibo,
226 2059 257 2110 ut
279 2057 383 2111 merito
407 2057 559 2112 charitatis
581 2059 650 2112 dum
664 2058 732 2112 aliis
748 2061 811 2113 orat
903 2061 1067 2131 Peripsum
1077 2066 1106 2114 et
1117 2077 1183 2114 cum
1193 2061 1267 2131 ipso.
1281 2059 1373 2131 Signa
1388 2061 1487 2114 crucis
1502 2076 1569 2130 quae
1583 2058 1648 2115 haee
1663 2059 1705 2114 ul·

72 2143 141 2212 sibi,
159 2143 294 2214 impetret
308 2148 337 2199 et
352 2146 409 2199 sibi
430 2148 458 2200 et
480 2146 557 2200 aliis.
584 2147 689 2201 Sciens
713 2150 811 2201 autem
866 2150 939 2205 timo
947 2150 1033 2218 flunt,
1046 2149 1101 2204 alia
1111 2165 1200 2204 causa
1216 2148 1301 2202 fineri
1312 2148 1623 2220 dignoscunturquam
1638 2163 1703 2203 om-

64 2231 123 2286 lam
144 2233 353 2287 salvandorum
377 2234 443 2304 (pro
468 2235 541 2289 solis
565 2235 642 2289 enim
658 2236 810 2291 salvandis
867 2239 914 2293 nia
930 2239 1070 2308 superius
1085 2239 1192 2308 posita.
1204 2237 1356 2308 Siquidem
1367 2237 1424 2291 ista
1435 2253 1489 2292 nec
1500 2240 1621 2307 propter
1631 2253 1701 2292 con·

64 2324 129 2390 post
137 2321 295 2375 decessum
305 2339 392 2376 suum
402 2324 499 2393 poenis
508 2325 690 2396 purgatoriis
699 2325 810 2379 detine·
868 2327 1063 2383 sacrationem
1080 2326 1161 2395 flunt,
1174 2341 1228 2381 nec
1240 2324 1428 2397 propterjam
1441 2326 1525 2379 factae
1539 2341 1702 2380 conseera-

64 2408 119 2464 imo
130 2411 175 2464 eis
187 2410 285 2464 locum
296 2411 445 2483 refrigerii
456 2416 541 2484 rogat
552 2413 685 2482 concedi,
703 2414 809 2469 deinde
866 2417 956 2472 tionis
976 2416 1214 2471 testificationem
1236 2415 1300 2470 sive
1319 2414 1500 2468 memoriam.
1517 2413 1613 2477 Quare
1629 2430 1702 2486 ergo

64 2513 83 2567 ι,
95 2503 125 2552 ut
141 2498 232 2553 Deum
248 2504 326 2554 sicut
341 2505 387 2553 est
402 2501 539 2570 videant,
556 2503 592 2555 ad
607 2503 740 2556 ultimum
755 2519 809 2573 pa·
867 2507 952 2574 fiant,
971 2508 999 2559 at
1016 2520 1108 2576 quare
1126 2505 1297 2576 quinquies,
1314 2508 1342 2558 et
1358 2518 1448 2574 quare
1463 2505 1508 2556 tcr
1523 2502 1553 2555 in
1569 2501 1660 2557 calice
1674 2505 1704 2558 et

883 1846 953 1901 Car.
971 1845 1124 1900 XXXVll.
1140 1846 1186 1901 De
1201 1846 1299 1919 signis
1314 1845 1426 1901 ultimis
1441 1846 1515 1918 quid
1530 1862 1546 1900 a
1560 1846 1690 1920 reliquis

1142 1933 1268 1990 differat
1283 1936 1314 1988 in
1330 1951 1428 1989 eausa.

64 2587 88 2641 le
98 2602 156 2657 quq
167 2587 277 2642 dictum
288 2592 349 2643 est:
363 2589 472 2643 Pacem
489 2607 581 2644 meam
597 2591 634 2645 do
648 2592 745 2658 vobis,
758 2608 809 2664 pa·
867 2594 915 2648 bis
930 2596 1013 2648 extra
1030 2593 1153 2648 calicem
1169 2594 1254 2661 hant,
1278 2592 1410 2646 breviter
1432 2590 1622 2661 aperiendam
1645 2595 1701 2646 est.

64 2675 185 2748 elinque
198 2676 281 2732 vohis
295 2678 391 2739 (donn.
408 2679 479 2747 xiv),
499 2695 601 2748 pacem
620 2681 735 2735 scilicet
756 2698 810 2736 su·
868 2682 1256 2753 lpsacapituliverbaplane
1267 2679 1701 2752 indicant,adquidhaecsigue

64 2780 151 2833 acam,
164 2781 251 2837 qaam
263 2767 349 2821 etiarn
365 2768 452 2838 paulo
469 2772 536 2838 post
553 2769 583 2823 in
599 2771 683 2825 tertia
701 2770 810 2840 repeti·
867 2771 966 2826 crucis
982 2771 1061 2825 fiant.
1073 2770 1216 2835 Quoniam
1225 2769 1302 2823 enim
1313 2769 1429 2823 dudoeis
1439 2785 1512 2823 crux
1528 2769 1646 2841 quidem
1656 2774 1703 2825 eet
1792 2816 1798 2824 .

70 2853 175 2926 Aphas
191 2854 255 2923 Dei,
274 2854 408 2909 Ecclesia
429 2856 486 2910 sibi
505 2858 608 2912 donari
623 2858 752 2928 postulat
767 2859 810 2913 di·

64 2956 68 2996 :
84 2942 166 2997 Duria
182 2943 268 2997 nohis
275 2960 388 3015 pacem.
402 2945 472 2999 llaec
485 2962 542 3016 pax
558 2947 711 3002 inanitate
727 2948 809 3019 capi·

72 3033 271 3088 membrorum
287 3035 434 3103 consistit,

64 3175 115 3230 tar.
133 3176 270 3230 xxxvl.
285 3177 329 3232 De
343 3180 470 3250 mystico
485 3181 732 3251 superhumerali.

64 3315 144 3371 [nens
161 3300 325 3371 Papitulum
348 3303 435 3357 nohis
458 3321 576 3376 quoque
597 3311 807 3363 commemorat

64 3393 806 3461 rasanctorum,quoruminterventusacerdosvult

64 3493 130 3533 rare
145 3479 223 3549 quod
239 3480 377 3549 postulat.
392 3480 619 3537 navicularum
636 3501 753 3556 quoque
769 3487 805 3540 de

73 3567 241 3622 sacerdotio
257 3570 427 3638 sumptium.
444 3570 526 3625 Sicut
541 3572 618 3626 enim
629 3572 659 3626 in
671 3574 806 3629 rationali

64 3655 116 3711 dos
131 3657 236 3728 legalis
248 3658 360 3713 ferebat
372 3659 401 3712 in
416 3663 534 3730 pectore
551 3679 592 3716 xu
608 3662 720 3732 lapides
737 3680 805 3735 pre-

64 3762 69 3799 r
83 3746 239 3800 duodecim
255 3748 424 3803 nominibus
440 3749 567 3806 tiliorum
583 3752 674 3807 lsrael
690 3754 805 3808 inscul-

64 3833 242 3905 sicutsupra
257 3836 368 3891 dictum
387 3839 447 3907 est,
469 3838 506 3892 ita
523 3839 552 3893 in
569 3840 805 3910 superhumerali

64 3926 87 3977 at
98 3940 189 3995 super
197 3924 337 3980 humeros
347 3927 422 3981 duos
433 3926 546 3996 lapides
557 3928 723 3999 onicbvnos
732 3945 804 3985 auro

64 4027 107 4067 ros
116 4015 144 4067 et
152 4013 264 4068 eisdem
272 4015 441 4069 nominibus
450 4015 804 4089 insignitosSaxquippe

64 4116 90 4156 ia
104 4101 135 4155 in
150 4118 208 4155 uno
224 4106 315 4172 erant,
334 4108 362 4159 et
377 4119 432 4158 sex
447 4105 476 4157 in
491 4104 593 4160 altero.
609 4105 719 4161 Noster
733 4122 802 4162 vere

64 4188 127 4259 dos,
144 4190 221 4245 sicut
237 4193 478 4262 supradiximus,
490 4195 607 4247 nomina
619 4197 800 4263 sanctorum,

64 4283 199 4334 memorat
209 4280 321 4348 verbis,
332 4284 401 4336 tunc
413 4285 507 4351 portat
517 4283 546 4336 in
557 4282 691 4337 rationali
703 4288 802 4354 pecto·

868 2859 1047 2922 scandalum,
1064 2858 1206 2930 peritihus
1223 2863 1319 2911 erilem
1339 2856 1467 2911 stultitia
1485 2857 1513 2917 tl
1531 2858 1599 2913 Cor.
1616 2858 1647 2928 r),
1664 2874 1701 2913 ne

868 2949 954 3004 toties
970 2949 1072 3003 iterata
1085 2946 1275 3018 consignatio,
1284 2949 1312 2999 et
1325 2946 1354 2999 in
1366 2946 1537 3000 memoriam
1548 2947 1701 3002 Trinitatis

828 3045 854 3107 c
867 3038 1010 3108 triplicata
1022 3036 1213 3109 ignominiam
1221 3035 1321 3106 potius
1333 3050 1436 3105 parere
1449 3035 1600 3089 videretur
1611 3053 1699 3107 quam

866 3126 993 3195 laudem,
1010 3126 1076 3180 ideo
1092 3125 1210 3197 signum
1231 3123 1330 3178 crucis
1346 3127 1391 3177 ter
1404 3127 1545 3191 repetens
1561 3124 1591 3176 in
1606 3125 1698 3194 calice

864 3219 985 3286 propter
995 3215 1155 3283 Christum,
1166 3212 1254 3284 cujus
1266 3213 1391 3285 sanguis
1403 3211 1443 3265 ibi
1453 3214 1509 3279 est,
1520 3212 1603 3267 ethis
1614 3214 1698 3268 extra

865 3307 986 3361 calicem
996 3308 1115 3375 propter
1126 3303 1242 3358 Patrem
1256 3306 1285 3356 et
1296 3302 1432 3373 spiritum
1446 3304 1592 3371 sanctum,
1608 3317 1696 3356 asse·

864 3397 901 3451 rit
915 3411 1033 3450 crucem
1049 3394 1085 3447 ad
1101 3393 1191 3447 totius
1206 3391 1357 3446 Trinitatis
1369 3391 1518 3460 pertinere
1533 3391 1658 3462 gloriam
1668 3393 1699 3445 et

863 3485 1015 3540 honorem.
1029 3482 1092 3537 Per
1103 3482 1212 3553 ipsam,
1225 3481 1333 3551 inquit,
1350 3479 1501 3535 Christum
1516 3479 1631 3534 scilieet
1645 3494 1698 3548 per

863 3589 949 3645 quem
964 3572 1059 3644 gloria
1080 3570 1176 3625 Patris
1185 3569 1320 3636 innotuit,
1348 3575 1377 3623 et
1401 3584 1467 3621 curn
1492 3569 1567 3639 ipso.
1590 3567 1695 3637 Neque

863 3655 1696 3732 enirnipseChristusalienusessepotestagloriaPatris

863 3767 929 3805 cum
945 3764 1003 3822 quo
1019 3749 1083 3819 ipse
1100 3751 1146 3803 est
1168 3763 1245 3802 unus
1271 3746 1366 3812 Deus,
1384 3745 1460 3798 etin
1476 3744 1549 3814 ipso.
1573 3743 1606 3797 ln
1628 3744 1695 3815 ipso

862 3853 987 3910 namque
1017 3840 1063 3892 est
1096 3835 1247 3907 plenitudo
1279 3833 1452 3888 divinitatis.
1484 3831 1570 3887 Unde
1600 3832 1695 3905 gloria

862 3930 907 3982 est
921 3928 983 3981 Deo
1002 3925 1081 3980 Patri
1101 3927 1148 3996 qui
1169 3924 1255 3978 talem
1274 3922 1376 3994 genuit
1395 3921 1516 3989 Filium,
1533 3923 1562 3975 et
1572 3920 1694 3991 Spiritui

861 4019 964 4070 sancto
981 4015 1070 4086 cujus
1087 4013 1255 4083 operatione
1272 4011 1301 4064 in
1317 4011 1402 4065 utero
1418 4008 1551 4082 Virginis
1567 4013 1614 4065 est
1624 4024 1694 4065 con·

861 4108 975 4175 ceptus.

895 4193 1037 4248 Sericum
1055 4206 1146 4245 unum
1168 4192 1279 4244 tantum
1302 4188 1421 4260 signum
1445 4187 1494 4241 frat
1513 4188 1693 4244 nominando

859 4284 985 4351 Patrem,
998 4283 1028 4337 et
1042 4296 1132 4334 unum
1147 4282 1258 4333 tantum
1275 4276 1453 4332 nominando
1469 4275 1610 4346 Spiritum
1625 4293 1693 4331 san-

64 4381 104 4421 un
118 4383 171 4422 eos
188 4367 317 4422 imitatur
331 4371 485 4424 sanctitate
500 4373 528 4424 et
539 4372 664 4441 puritate
674 4373 800 4442 mentis,
816 4357 845 4421 D
861 4376 954 4440 ctum,
976 4369 1045 4442 quid
1068 4368 1126 4423 sibi
1147 4367 1250 4421 volunt
1269 4366 1323 4420 tria
1344 4366 1430 4436 signa
1445 4380 1498 4435 pro
1514 4365 1692 4420 nominando

65 4455 802 4531 ‘ateminsuperbumeralisuperatrumquehume·

64 4544 291 4599 rumindextera
303 4547 508 4616 prosperitatis
524 4551 552 4603 et
567 4549 597 4602 in
612 4549 733 4604 sinistra
749 4549 802 4605 ad·

63 4631 120 4686 atis
135 4633 263 4688 imitatur
278 4650 331 4689 eos
353 4639 440 4704 prout
462 4639 559 4706 potest
575 4638 604 4691 in
619 4638 801 4708 perfectione

64 4734 103 4774 m.
114 4720 270 4792 Sequitur:
287 4721 350 4777 Per
361 4739 444 4795 quern
461 4725 647 4790 haecomnia,
664 4727 799 4797 Domine,

64 4807 173 4863 arbona
185 4825 282 4863 creas.
295 4810 442 4882 Scriptum
459 4818 505 4866 est
518 4813 573 4878 Qui
587 4815 701 4868 vivitiu
711 4821 800 4871 aeter-

64 4896 167 4951 rreavil
183 4898 278 4951 ornain
301 4899 392 4953 sirnul
408 4901 514 4968 (Eccfi.
536 4905 630 4973 xvur).
647 4902 799 4968 Quomodo

69 4998 188 5055 semper
199 4989 300 5040 creat?
311 4987 368 5042 Sed
379 4989 476 5044 omnia
492 5005 616 5060 corpora
634 4993 745 5048 creavit
759 4993 800 5047 si·

64 5076 196 5145 quantum
211 5075 248 5127 ad
263 5076 432 5146 materiam,
449 5078 579 5149 quotidie
590 5083 688 5134 autem
703 5085 797 5149 creat,

72 5161 152 5231 facit,
168 5163 299 5234 singulis
315 5165 470 5220 tribuendo
486 5167 617 5237 speciem
632 5169 796 5240 propriam,

64 5249 131 5305 dam
142 5250 227 5305 illud:
239 5251 333 5306 Pater
343 5270 425 5309 iueus
435 5257 755 5328 usqueraodoaperatur
769 5265 799 5314 et

64 5353 149 5395 cerer
162 5339 258 5407 (doen.
275 5349 315 5405 v).
332 5341 363 5395 ln
379 5358 414 5397 eo
429 5347 525 5398 autem
542 5346 620 5415 quod
637 5346 719 5415 dixit,
736 5347 800 5403 litae

72 5426 101 5481 id
113 5430 160 5481 est
169 5427 343 5499 hujusmodi
354 5432 450 5485 omnia
465 5436 573 5504 (nequa
589 5434 668 5488 enim
679 5435 715 5489 de
726 5435 800 5489 duo-

64 5515 200 5570 ·cundum
211 5518 352 5588 speciem,
363 5535 459 5591 neque
468 5521 504 5576 de
514 5538 572 5577 uno
581 5523 745 5579 secundum
756 5525 799 5580 rei

64 5605 118 5659 tem
129 5604 239 5661 diceret
248 5607 707 5684 omnia).Videcrdinem:prime
717 5613 796 5669 Deus

858 4459 1009 4516 Christum
1024 4459 1054 4513 in
1069 4457 1160 4512 calice
1176 4456 1276 4510 facta?
1290 4455 1414 4524 Propter
1429 4453 1535 4507 trinam
1550 4452 1691 4523 prolatio-

859 4565 926 4604 nem
955 4547 1099 4620 promiuis
1123 4546 1274 4600 Christum
1316 4541 1503 4614 designantis
1527 4541 1692 4611 triplicatur

858 4638 945 4694 etiam
965 4637 1085 4708 signum
1105 4634 1214 4689 crucis.
1231 4633 1304 4687 Cum
1319 4631 1396 4686 eninr
1412 4645 1589 4700 pronomen,
1605 4632 1637 4684 ut
1652 4629 1692 4684 ait

858 4726 1049 4799 gramaticus,
1070 4724 1105 4777 ad
1129 4738 1216 4776 omne
1240 4720 1383 4790 pertineat
1399 4718 1600 4788 suppositum,
1617 4714 1690 4772 siin

857 4816 950 4885 prima
966 4812 1127 4885 prolatione
1143 4808 1327 4881 pronominis
1346 4809 1428 4862 iteret
1448 4807 1585 4878 signum,
1609 4806 1638 4861 ei
1657 4806 1689 4862 in

856 4903 923 4957 aliis
938 4917 997 4957 non
1012 4900 1109 4968 tieret,
1125 4899 1162 4952 ad
1177 4897 1263 4951 aliam
1279 4896 1343 4950 sive
1358 4895 1431 4950 alias
1446 4894 1598 4950 videretur
1611 4895 1688 4952 refe·

856 4991 980 5046 rendum
995 5005 1064 5044 esee
1078 5001 1235 5059 personas.
1250 4985 1417 5040 Notandum
1428 4984 1515 5039 etiam
1526 4985 1606 5058 qaod
1620 5001 1689 5041 cum

855 5079 911 5134 alia
927 5079 1014 5152 signa
1030 5077 1093 5132 sola
1108 5090 1195 5130 manu
1210 5074 1377 5129 sacerdotis
1395 5074 1475 5143 fiant,
1492 5073 1550 5129 ista
1564 5075 1637 5130 liunt
1650 5075 1687 5130 de

856 5183 980 5238 corpore
991 5165 1112 5220 Christi.
1126 5163 1181 5218 Hic
1189 5163 1268 5217 enim
1278 5162 1343 5233 ipsa
1354 5162 1464 5218 Christi
1476 5163 1631 5219 crucifixio
1637 5180 1686 5219 re-

855 5259 1060 5329 prarsentatur,
1070 5254 1156 5325 quasi
1164 5252 1302 5308 Christus
1310 5268 1398 5323 quem
1407 5257 1587 5322 praesentem
1597 5252 1689 5308 oredi-

856 5361 933 5415 mus,
951 5344 996 5400 sic
1005 5359 1060 5414 pro
1076 5342 1163 5397 nobis
1178 5342 1207 5396 in
1223 5341 1306 5413 ligno
1320 5341 1419 5395 crucis
1431 5343 1640 5397 estextensus.
1653 5341 1687 5395 In

855 5435 914 5489 tine
927 5431 1053 5504 Capituli
1067 5430 1159 5503 hrains
1174 5431 1269 5485 elevat
1283 5445 1388 5484 vocem
1403 5430 1556 5498 sacerdos,
1572 5432 1604 5484 ut
1618 5427 1686 5499 ejas

856 5521 1037 5578 continentia
1066 5520 1103 5574 ab
1140 5518 1278 5574 omnibus
1314 5517 1505 5595 confirmetur
1527 5517 1597 5572 dum
1615 5531 1686 5582 ¹res·

856 5611 995 5687 pondent
1011 5609 1121 5691 Amor,
