3816 6030
47 238 110 308 905
693 243 922 309 SERMONES
939 243 1126 309 CENTUM.

1715 253 1775 316 906

48 443 90 498 lio
101 443 241 515 procedo,
253 459 336 499 amor
346 443 512 516 utriusque,
529 442 682 515 lapsorum
697 443 879 513 sublevator,
896 422 926 487 Α
941 458 995 514 ρει
1013 446 1199 499 terrenorum
1214 443 1359 500 actionem
1372 449 1401 502 ει
1418 449 1579 519 generandi
1596 450 1776 522 voluptatem

50 533 213 588 dolentium
224 533 409 588 consolator:
433 532 504 587 mihi
516 535 597 604 aperi
610 549 617 604 3
633 533 660 587 si
674 534 721 586 vis
737 533 883 603 spirituali
942 532 1020 587 circa
1037 532 1093 586 ima
1108 532 1255 588 subsistit.
1266 534 1331 589 Vita
1340 550 1409 590 vero
1427 538 1638 594 continentium
1652 557 1706 612 ρει
1714 543 1776 596 ιιι·-

50 621 160 694 gaudio
175 621 329 676 laetifioari.
356 621 407 676 lsti
423 624 520 677 tomen
541 626 603 677 ιιεε
619 622 697 677 sicut
720 625 790 677 sunt
805 639 883 678 unus
941 624 1034 674 tutum
1045 622 1296 691 exercitationem,
1308 627 1335 678 et
1352 624 1499 680 bonorum
1515 643 1637 698 operum
1657 630 1776 685 exlribi·

50 710 143 781 Deus,
156 710 281 765 siesunt
292 710 429 765 Pontifex
436 727 525 766 unus.
538 711 813 788 Sanctificatitaque
821 713 885 766 Tri·
943 709 1054 764 tionem
1068 709 1105 763 ad
1121 708 1223 764 altiora
1239 726 1272 765 so
1288 713 1427 784 subrigit.
1450 715 1515 769 Vita
1541 731 1612 772 vero
1627 718 1777 790 virginum

51 798 130 853 nitas
150 798 316 854 Ecclesiam
335 799 423 853 istam
443 800 524 855 intus
540 804 569 855 ει
584 799 669 855 foris.
688 801 770 856 lntus
785 802 821 857 ab
838 801 885 856 in·
944 813 996 867 per
1008 798 1107 852 cordis
1119 800 1283 870 puritatem,
1299 804 1327 855 ει
1343 803 1647 876 earnisintegritatem
1662 808 1698 862 nd
1714 823 1777 863 cm-

52 888 242 959 quinamento
259 889 392 959 spiritus
405 888 479 944 foris
490 889 527 944 ob
546 889 764 961 inquinamento
776 891 885 944 carnis.
944 886 1030 941 lestia
1041 902 1074 941 se
1085 887 1209 957 extollit,
1218 889 1313 944 Habet
1323 890 1447 946 aedilicia
1456 892 1580 965 lapidea,
1593 895 1682 951 habet
1693 896 1779 952 ebur·

52 977 150 1032 Habet
161 993 234 1049 ergo
250 977 385 1033 Ecclesia
400 977 467 1047 ista,
482 978 513 1033 id
527 981 573 1033 est
587 978 694 1048 anima,
711 979 824 1049 lapides
834 995 888 1050 ρει
944 992 1009 1031 neu.
1023 976 1248 1048 Lapideahabet
1261 995 1315 1050 per
1328 980 1396 1035 illos
1414 982 1464 1054 qni
1479 986 1548 1038 sunt
1570 985 1600 1039 in
1616 985 1673 1041 fide
1688 985 1776 1057 ssrmi,

53 1066 189 1136 virtutes,
202 1067 377 1121 caementum
394 1083 447 1137 per
462 1066 644 1136 charitatem,
664 1066 887 1122 fundamentum
945 1066 1076 1121 eburnea
1093 1082 1148 1137 ρει·
1171 1067 1238 1123 illos
1255 1069 1305 1139 qui
1329 1072 1398 1124 sunt
1422 1073 1555 1127 castitate
1576 1074 1670 1129 nitidi.
1687 1074 1777 1145 Lapis

54 1171 108 1228 per
116 1154 473 1226 Christum,parietesper
484 1156 887 1226 contemplationem,tectum
945 1171 1133 1226 namqueper
1143 1156 1310 1212 firmitatem
1330 1159 1480 1231 significat
1495 1161 1592 1217 fidem.
1610 1162 1692 1219 Ebur
1705 1179 1778 1220 vero

57 1244 235 1316 perbonam
251 1244 406 1314 actionem,
423 1244 636 1317 longitudinem
652 1261 706 1316 per
716 1245 887 1315 fldem,alti-
944 1259 998 1314 per
1006 1246 1118 1298 aatnrae
1129 1244 1321 1317 frigiditatem
1331 1247 1480 1319 significat
1491 1250 1663 1307 castitatem.
1684 1252 1779 1308 Habet

54 1333 186 1389 tudinem
201 1349 254 1404 per
269 1349 363 1404 spem,
378 1333 564 1388 latitudinem
580 1349 633 1405 per
648 1334 829 1404 charitatem,
840 1351 888 1389 su·
945 1335 1047 1403 portas
1063 1333 1210 1404 diversas,
1224 1350 1276 1404 per
1286 1337 1496 1407 quasdiversae
1514 1340 1641 1394 nationis
1666 1343 1695 1395 ει
1709 1357 1779 1396 con·

55 1421 184 1478 crarium
194 1438 248 1492 per
263 1422 320 1477 hoc
337 1423 416 1494 quod
434 1421 511 1477 facta
525 1426 572 1477 est
586 1423 621 1477 ad
646 1424 805 1496 imaginem
823 1423 886 1494 Dei,
945 1422 1125 1476 versationis
1136 1422 1272 1477 homines
1283 1439 1298 1477 a
1309 1439 1342 1478 se
1352 1424 1462 1479 dudum
1473 1430 1603 1483 remotos
1613 1428 1734 1500 inducit,
1751 1432 1780 1485 et

55 1511 180 1566 chorum
199 1527 252 1582 ρει
262 1512 319 1566 hoc
334 1512 413 1583 qnod
438 1511 514 1566 facta
538 1514 584 1566 εει
598 1511 634 1565 nd
650 1512 703 1567 Dei
718 1512 888 1567 similitudi·
947 1510 1029 1565 cives
1041 1526 1114 1566 suos
1123 1513 1152 1564 ει
1162 1510 1344 1568 domesticos
1356 1513 1435 1569 facit.
1445 1515 1540 1570 Habet
1547 1519 1781 1588 portas,p0rhm

53 1616 130 1666 nem,
141 1616 311 1671 uavcmper
321 1600 553 1670 sensualitatem,
566 1588 677 1655 atrium
688 1617 741 1672 per
757 1618 887 1673 carnem,
946 1600 1062 1671 gregis,
1078 1602 1192 1669 portam
1214 1601 1353 1673 piscium,
1370 1607 1485 1673 portam
1509 1607 1651 1677 veterem,
1667 1609 1781 1677 portam

54 1690 448 1761 altareperoorcontritum.
469 1689 721 1744 Habetetvitreas
739 1690 887 1746 fenestras
903 1735 930 1799 B
946 1687 1045 1757 vallis,
1069 1693 1184 1758 portam
1213 1692 1367 1762 stercoris,
1393 1695 1509 1763 portam
1535 1694 1638 1765 fontis,
1667 1699 1782 1766 portam

54 1794 228 1850 persensus
239 1778 420 1849 spirituales,
431 1779 722 1849 turrimpernomen,
736 1796 887 1852 signaper
947 1792 1100 1848 aquarum,
1131 1781 1245 1848 portam
1273 1795 1432 1852 equorum,
1461 1785 1576 1853 portam
1599 1782 1782 1854 judicialem.

55 1867 484 1938 praedicationem,interiorem
495 1867 695 1922 dealbaturam
705 1884 759 1939 ρει
773 1869 888 1924 mundi·
947 1864 1076 1930 Quorum
1091 1867 1246 1937 mysticam
1271 1869 1520 1941 significationem
1531 1872 1618 1928 vobis
1638 1872 1780 1947 breviter,

57 1957 127 2010 tiam
150 1956 259 2026 cordis,
276 1956 453 2011 exteriorem
475 1971 530 2026 per
543 1957 715 2012 munditiam
741 1959 887 2029 corporis,
947 1956 1034 2024 prout
1049 1954 1192 2011 Dominus
1207 1956 1297 2028 dedit,
1314 1957 1471 2015 adnotabo.
1486 1960 1575 2015 Porta
1591 1961 1696 2034 gregis
1721 1965 1785 2018 erat
1868 1966 1870 1972 ’

56 2045 324 2100 duodecimcereos
342 2044 556 2116 perduodecim
573 2046 890 2117 apostolorumdoctri·
947 2042 1007 2113 illo,
1024 2043 1076 2098 ubi
1091 2047 1153 2100 eret
1168 2045 1324 2101 Probatica
1338 2047 1464 2118 piscina,
1480 2048 1509 2102 id
1525 2051 1572 2104 est
1590 2050 1678 2105 ovilis
1694 2050 1784 2120 pisci·

58 2136 140 2189 nam:
152 2133 288 2189 Pontifex
298 2133 366 2206 ejus
377 2138 424 2189 εει
434 2134 562 2189 Trinitas
573 2139 685 2191 saneta.
696 2135 890 2209 Coneturigi-
948 2148 996 2200 na,
1013 2132 1081 2203 quia
1096 2133 1138 2187 ibi
1153 2133 1347 2190 abluebantur
1364 2151 1469 2192 cernes
1479 2138 1589 2210 ovium,
1605 2155 1672 2210 quae
1688 2139 1718 2194 in
1733 2155 1785 2195 sa-

57 2225 115 2294 tur,
132 2222 239 2278 fratres
255 2223 434 2289 charissimi,
453 2224 659 2296 unnsquisque
675 2228 818 2296 vestrum,
838 2241 891 2281 eo·
950 2220 1063 2276 milicie
1085 2223 1280 2293 ponebantur.
1303 2224 1391 2280 Porta
1405 2240 1477 2280 vero
1506 2227 1621 2299 gregis,
1645 2243 1681 2283 eo
1706 2228 1785 2300 quod

58 2314 154 2382 netur,
171 2312 301 2385 inquam,
317 2316 358 2382 ut,
386 2312 552 2367 secundum
567 2328 601 2367 ea
625 2329 691 2384 qnae
708 2330 798 2385 supra
814 2315 892 2369 dieta
952 2311 1018 2366 ovis
1034 2311 1178 2367 innocens
1194 2312 1302 2367 animal
1322 2316 1377 2383 εει,
1403 2314 1553 2386 significat
1576 2315 1783 2373 innocentiam.

59 2403 139 2470 sunt,
148 2400 371 2456 tabernaculum
380 2400 433 2456 Dei
442 2401 539 2467 sictut
550 2402 654 2473 inipso
666 2403 891 2476 digneturlleus
951 2400 1008 2454 Per
1032 2400 1107 2455 hono
1136 2402 1233 2474 itaque
1255 2405 1370 2473 portam
1394 2403 1573 2460 inducuntur
1592 2408 1735 2462 nocentes
1757 2408 1786 2464 et

58 2489 202 2544 habitare.
214 2490 341 2562 Magnus
352 2493 398 2544 est
407 2490 484 2544 enim
495 2490 599 2561 honor,
612 2508 719 2565 magna
730 2494 889 2565 securitas,
950 2489 1024 2544 frunt
1038 2490 1226 2547 innoeentes:
1243 2495 1385 2546 nocentes
1401 2508 1455 2563 por
1468 2494 1593 2564 culpam,
1610 2495 1785 2551 innoeentes

58 2594 166 2650 magna
178 2578 273 2650 gloria
284 2577 376 2633 Deum
385 2574 415 2633 in
424 2594 457 2634 εε
473 2579 582 2634 habere
594 2580 797 2637 habitatorem.
821 2582 892 2637 Pro·
950 2593 1004 2650 per
1013 2577 1168 2649 justitiam.
1182 2580 1239 2635 Per
1249 2580 1365 2652 culpam
1379 2580 1464 2651 foris,
1476 2582 1682 2653 perjustitiam
1693 2584 1784 2641 intus.

57 2668 219 2723 videndum
229 2669 328 2740 itaque
344 2669 431 2724 nobis
448 2685 635 2741 summopere
650 2673 706 2741 est,
716 2674 748 2726 ut
761 2671 836 2727 tales
852 2672 894 2727 si·
951 2667 1037 2722 Foris
1049 2666 1120 2739 lupi,
1135 2671 1216 2724 ratus
1235 2685 1318 2725 oves.
1336 2669 1410 2741 Lupi
1426 2686 1480 2740 ρει
1494 2671 1693 2741 rapacitatem,
1712 2687 1786 2728 oves

59 2773 127 2812 mus
137 2756 215 2812 intus
225 2760 253 2812 ει
261 2757 346 2829 toris,
358 2758 438 2813 intus
449 2776 502 2830 per
509 2759 607 2829 fldem,
622 2759 696 2816 foris
714 2776 768 2831 ρει
784 2760 893 2817 bonam
950 2772 1005 2827 ρει
1020 2757 1248 2828 simplieitatem.
1264 2757 1288 2812 0
1304 2759 1479 2830 quambene
1493 2763 1588 2831 porta,
1605 2761 1635 2816 in
1649 2776 1708 2833 qua
1718 2762 1786 2817 talia

62 2847 276 2917 operationem,
288 2849 320 2902 ut
331 2847 475 2904 Dominus
485 2848 651 2920 majestatis
661 2850 698 2904 ad
715 2866 771 2905 nos
780 2851 893 2921 venire,
952 2844 1023 2900 feeit
1046 2845 1167 2901 dextera
1192 2845 1331 2902 Excelsil
1362 2849 1450 2903 Porta
1472 2849 1601 2919 piscium
1624 2852 1788 2907 vocabatur

62 2939 91 2990 et
105 2935 182 3006 apud
197 2951 253 2991 nos
268 2936 407 3008 dignetur
420 2937 519 2992 facere
535 2938 729 2995 mensionem.
752 2939 810 2995 Sed
826 2941 895 3011 quia
953 2937 1036 3006 porta
1052 2934 1111 3005 ills,
1128 2951 1283 3007 perquam
1298 2936 1399 3007 pisces
1414 2938 1449 2991 de
1464 2938 1539 2993 mari
1556 2939 1694 2996 veniente
1717 2940 1789 2996 infe·

61 3023 289 3096 talessineejus
300 3027 539 3098 gratiaessenon
556 3043 729 3098 possumus,
745 3028 840 3098 ipsam
852 3029 896 3082 in·
915 3023 1105 3112 crebontur.
1132 3024 1218 3079 Porta
1239 3025 1296 3079 ista
1319 3025 1468 3097 signifieat
1483 3027 1694 3098 poenitentiam,
1721 3044 1788 3102 quae

64 3117 220 3168 cessanter
229 3130 355 3170 necesso
367 3118 413 3169 est
429 3119 461 3170 ut
473 3116 674 3187 imploremus.
688 3118 755 3189 lpse
768 3133 895 3189 namque
955 3113 1041 3184 quasi
1051 3128 1139 3168 unam
1151 3112 1317 3169 columnam
1334 3113 1423 3168 habet
1440 3114 1508 3169 hinc
1519 3131 1573 3185 per
1592 3117 1790 3188 compunctio·

63 3202 384 3275 dabitgratiem,etnon
400 3204 497 3259 solum
504 3207 638 3277 gratiam,
650 3206 704 3261 sed
711 3209 739 3261 ει
755 3206 893 3278 gloriam:

62 3292 188 3363 gratiam
198 3292 295 3363 invia,
309 3292 474 3366 gloriamin
492 3296 603 3365 patria3
619 3295 744 3367 gratiam
759 3295 789 3350 in
806 3312 895 3351 mun·

63 3381 111 3450 do,
128 3379 254 3452 gloriam
268 3383 298 3436 in
314 3382 400 3452 coelo,
418 3383 541 3455 gratiam
556 3385 586 3438 in
601 3385 752 3455 praesenti,
770 3383 896 3457 gloriam

62 3469 94 3523 in
108 3468 227 3539 futuro,
244 3473 366 3542 gratiam
384 3471 414 3526 in
429 3472 544 3544 itinere,
566 3472 693 3544 gloriam
715 3473 746 3527 in
770 3489 896 3544 perven-

62 3559 142 3613 tione
152 3574 160 3629 ς
172 3559 296 3630 gratiam
311 3558 341 3613 in
360 3563 502 3631 tempore,
525 3561 650 3632 gloriam
665 3562 697 3616 in
712 3563 895 3633 aeteruitat03

62 3650 178 3720 gratam
186 3645 443 3719 injustificatione,
456 3649 581 3720 gloriam
590 3651 620 3704 in
630 3650 820 3723 beatitudine,
831 3669 898 3724 gra·

63 3738 133 3790 tiam
146 3737 175 3790 in
185 3735 436 3808 merito,gloriam
443 3737 576 3792 inmeriti
585 3740 717 3810 praemio,
726 3741 819 3813 inqua
826 3740 900 3794 vivit

59 3828 88 3881 et
104 3828 212 3897 regnat
226 3840 280 3896 per
295 3826 394 3880 omnia
408 3826 520 3881 saecula
542 3828 733 3884 saeculorum,
757 3834 860 3885 Amen.

383 3914 513 3970 SEHMO
528 3916 577 3970 111.

172 4002 217 4058 De
236 4003 432 4060 Dedicalione
450 4005 599 4061 Ecclesiae
614 4007 785 4080 anagogice.

101 4093 211 4162 Lauda,
220 4093 396 4160 Jerusalem,
410 4093 564 4150 Dominum
573 4095 667 4167 (Psal.
679 4098 798 4167 ειιιιιι).
811 4097 899 4152 leru-

66 4182 160 4238 salem
173 4182 277 4237 civitas
292 4185 405 4253 sanctu,
422 4186 451 4237 ει
470 4184 574 4239 civitas
590 4184 700 4255 Sancti,
718 4189 820 4240 sancto
841 4185 899 4240 Ec·

66 4271 158 4326 alesia
168 4272 223 4342 est,
236 4287 303 4344 quae
319 4273 397 4326 siout
412 4272 518 4328 civitas
531 4273 704 4344 aedificatur,
720 4275 900 4330 etoedifreatn

954 3217 1022 3256 nem
1031 3202 1141 3272 cordis,
1151 3202 1272 3256 alteram
1281 3202 1349 3257 indo
1360 3218 1413 3272 per
1424 3203 1645 3260 confessionem
1657 3205 1734 3276 oris3
1750 3198 1791 3262 td·

955 3294 1032 3344 ctum
1044 3306 1115 3346 vero
1127 3291 1256 3362 desuper
1265 3290 1498 3346 satisfactionem
1510 3293 1682 3364 operis.Per
1699 3295 1788 3351 istam

954 3395 1025 3435 vero
1035 3379 1424 3450 invehunturinquietudine
1435 3381 1539 3436 soeculi
1550 3383 1709 3452 praesentis
1729 3383 1791 3456 agi·

954 3469 1016 3540 tati,
1026 3468 1213 3523 salescilicet
1223 3470 1384 3538 amaricati,
1394 3469 1488 3525 fetore
1501 3472 1642 3542 corrupti,
1661 3472 1787 3527 undosi-

956 3556 1099 3627 tateelati,
1117 3557 1281 3628 squammis
1291 3559 1403 3612 veteris
1413 3558 1543 3614 hominis
1557 3559 1678 3630 hispidi,
1701 3576 1786 3617 oceno

957 3645 1085 3703 carnalis
1096 3646 1299 3701 delectationis
1310 3646 1423 3717 polluti,
1436 3664 1452 3702 a
1463 3648 1528 3702 luce
1537 3649 1602 3703 veri
1623 3647 1702 3704 Solis
1718 3648 1790 3705 alie-

958 3738 999 3807 ni,
1011 3738 1074 3791 rete
1084 3735 1161 3790 beati
1170 3736 1248 3789 Petri
1258 3736 1303 3789 vel
1316 3735 1383 3807 ejus
1394 3735 1488 3790 vicem
1500 3737 1652 3808 agentium
1666 3738 1701 3792 de
1717 3738 1789 3793 fluc-

957 3826 1038 3881 tibus
1054 3824 1211 3879 mundanis
1222 3824 1331 3894 educti,
1341 3828 1370 3879 et
1380 3825 1409 3878 in
1419 3829 1551 3879 sanctam
1567 3825 1744 3896 Jerusalem,
1762 3824 1793 3880 id

958 3912 1794 3986 estEcclesiam,squummispeccatorumdetraotis,indu·

958 4003 1006 4059 cti,
1019 4002 1093 4057 Sunt
1110 4004 1206 4055 tamen
1223 4001 1352 4073 quidem,
1372 4003 1432 4073 qui,
1454 4003 1491 4057 ad
1508 4003 1730 4058 similitudinem
1744 4020 1794 4060 an*

957 4091 1126 4164 guillarum,
1136 4090 1331 4160 pelleveteris
1341 4091 1470 4146 hominis
1481 4107 1515 4146 εε
1525 4092 1719 4166 stringentes,
1729 4092 1791 4149 luto

957 4179 1096 4235 vitiorum
1112 4178 1303 4251 inhaerentes,
1313 4179 1361 4234 vel
1377 4195 1458 4250 saepe
1470 4181 1517 4236 vel
1532 4197 1651 4252 semper
1664 4183 1794 4238 retoDo·

958 4268 1099 4323 minicnm
1120 4265 1274 4340 effugiunt,
1291 4272 1320 4322 ει
1342 4285 1464 4324 ειιιειιιιι
1479 4271 1515 4325 ad
1537 4270 1634 4326 lucem
1658 4271 1792 4328 veritatis
1823 4296 1829 4307 ·

64 4360 195 4415 diversis
205 4364 388 4416 ornamentis
396 4365 526 4416 ornatur.
538 4362 633 4418 Habet
646 4364 824 4419 haeccivitas
835 4380 901 4419 san·
914 4356 942 4422 D
958 4374 1017 4414 non
1028 4357 1160 4427 veniunt,
1172 4359 1204 4412 ut
1214 4356 1256 4411 ibi
1274 4358 1489 4414 mortificentur
1507 4359 1577 4429 sibi,
1587 4360 1795 4429 ,vivificentur-

65 4451 121 4518 cte,
131 4447 163 4513 id,
171 4451 218 4504 ost
226 4448 372 4519 Ecclesia,
381 4449 495 4520 lapides
504 4467 588 4523 suos,
598 4468 715 4509 mamm
730 4468 827 4524 suum,
839 4456 900 4509 tur·

64 4552 115 4592 res
124 4550 207 4608 suas,
223 4537 349 4593 aedificia
365 4553 429 4609 sun,
445 4543 546 4609 portas
562 4557 644 4597 snus,
662 4543 757 4599 Habet
773 4543 898 4614 lapidea,

64 4624 180 4681 scilicet
191 4627 305 4697 fideles,
323 4627 372 4699 qui
384 4627 462 4681 sicut
471 4644 524 4698 per
541 4633 716 4686 caementum
738 4632 814 4703 lapis
826 4631 900 4703 jun·

64 4715 252 4787 giturlapidi,
266 4717 310 4771 sio
321 4732 376 4787 por
384 4716 557 4773 charitatem
572 4718 741 4792 junguntur
757 4721 826 4776 sibi.
839 4720 901 4775 Ha·

64 4803 901 4879 betmurumpermunimemvirtutumquibusipsacon·

65 4893 200 4948 travitin
221 4894 363 4964 firmatur,
390 4910 427 4950 ιιε
450 4895 521 4950 vitiu
545 4896 687 4951 irruentia
700 4896 835 4952 auferant
858 4898 901 4953 ilh

66 4982 230 5052 spiritualia
241 4982 329 5038 bona.
347 4982 443 5039 Habet
463 4986 561 5039 turres
578 5001 632 5055 per
649 4985 716 5041 illos
732 4986 902 5058 quisuatin

66 5071 313 5140 contemplatione
329 5071 484 5127 sublimes.
506 5071 596 5138 Quasi
612 5090 738 5146 namque
757 5078 856 5131 turres
870 5076 901 5130 in

66 5164 170 5214 sancta
182 5159 316 5214 Ecclesia
326 5159 471 5231 levantur,
482 5162 551 5216 dum
561 5162 685 5232 perfecti
697 5164 817 5236 quique,
826 5165 898 5219 reli-

67 5247 901 5322 ctisterrenis,ndcoelestiapercontemplationemsubli·

66 5340 193 5392 mantur.
211 5336 306 5392 Habet
321 5336 446 5392 aedilicia
461 5339 584 5409 minora,
602 5340 690 5395 habet
705 5341 830 5413 maiora,
846 5343 901 5397 ha-

65 5427 117 5483 bet
128 5427 264 5481 maxima.
278 5427 391 5481 Minora
411 5427 499 5483 habet
519 5427 645 5483 aedificia
655 5445 709 5500 per
723 5431 813 5486 vitam
829 5447 901 5487 con-

63 5516 900 5592 jugatorum,majorapervitumcontinentium,mnxima

65 5621 120 5692 ρει
145 5607 235 5665 vitam
257 5607 418 5683 virginum.
435 5607 500 5664 Vite
524 5624 650 5680 namque
676 5608 904 5689 conjugatorum

314 5698 444 5761 Parnon.
464 5697 637 5765 CLXXVII·

959 4463 1016 4520 que
1031 4452 1060 4502 ει
1072 4448 1174 4502 vivant
1189 4445 1261 4502 Deo.
1278 4445 1365 4501 Porta
1379 4450 1466 4504 vetus
1482 4447 1612 4503 charitas
1637 4451 1693 4503 est.
1709 4448 1792 4503 Sicut

959 4537 1182 4608 scriptumest:
1208 4534 1397 4601 Charissimi,
1419 4551 1476 4590 non
1495 4536 1664 4591 mandatum
1686 4551 1793 4592 novum

958 4626 1059 4682 scribo
1071 4625 1165 4695 vobis,
1175 4622 1230 4679 sed
1237 4622 1406 4678 mandatnm
1418 4629 1511 4693 retus,
1520 4624 1793 4696 quodlrabuistisab

958 4714 1086 4785 initiet!
1100 4714 1183 4769 donn.
1201 4712 1243 4782 ιι).
1255 4715 1312 4768 Ρει
1332 4713 1408 4767 ιιειιε
1426 4716 1540 4783 ροιιειιι
1556 4713 1675 4783 intrant,
1692 4713 1791 4786 quise

958 4805 995 4859 de
1009 4818 1109 4858 amore
1125 4802 1228 4857 saeculi
1243 4800 1425 4856 transferunt
1449 4802 1632 4856 ademeram
1656 4802 1720 4857 Dei.
1736 4803 1794 4858 Per

958 4892 1035 4946 hanc
1045 4891 1164 4946 intravit
1174 4891 1260 4946 beuta
1272 4889 1363 4943 llario
1382 4889 1567 4962 hlngdalcne,
1588 4906 1655 4961 quae
1669 4895 1737 4962 post
1751 4894 1794 4947 tot

958 4983 986 5034 ει
996 4982 1075 5034 tanta
1086 4979 1184 5033 carnis
1202 4978 1342 5032 seandala
1364 4978 1440 5034 faeta
1460 4981 1557 5033 estex
1579 4979 1674 5034 lebete
1682 4981 1791 5051 phiala,

958 5069 994 5124 de
1010 5085 1081 5123 vase
1098 5068 1284 5123 contumeliae
1301 5068 1331 5121 in
1346 5083 1400 5122 vas
1414 5069 1555 5122 translata
1570 5068 1685 5141 gloriae.
1705 5070 1793 5125 Porta

958 5166 1055 5234 vallis,
1072 5182 1138 5237 quan
1155 5168 1217 5220 erat
1234 5168 1335 5220 contra
1350 5164 1457 5219 vallem
1472 5165 1626 5237 iosaphat,
1643 5166 1793 5238 significat

957 5255 1161 5311 humilitatem.
1173 5254 1313 5309 Pcrlrnnc
1334 5253 1442 5308 intrant
1459 5254 1512 5323 illi,
1532 5255 1581 5326 qui
1598 5255 1633 5309 de
1649 5255 1790 5325 superbia

958 5344 1066 5400 dioboli
1082 5344 1206 5398 redeunt
1221 5343 1258 5397 ad
1269 5342 1462 5398 humilitatem
1474 5343 1595 5399 Christi,
1606 5343 1693 5397 Foris
1704 5341 1795 5396 subli-

958 5449 1033 5503 mes,
1045 5433 1125 5488 intus
1136 5431 1274 5487 humiles.
1288 5431 1374 5487 Foris
1386 5432 1500 5489 similes
1510 5433 1610 5500 cedro,
1626 5427 1706 5485 intus
1717 5430 1792 5500 hys-

961 5539 1052 5595 sopo:
1072 5522 1161 5578 cedro
1180 5537 1233 5594 per
1244 5522 1410 5591 elationem,
1427 5522 1559 5594 hyssopo
1575 5536 1629 5591 par
1648 5519 1794 5575 bumilitn·

961 5616 1030 5674 tem.
1048 5613 1105 5671 Per
1124 5612 1282 5672 elationem
1304 5612 1415 5687 aversi,
1441 5627 1495 5688 per
1517 5609 1712 5671 humilitatem
1728 5623 1796 5673 eon·

1600 5697 1636 5767 29
