3796 6022
453 104 795 174 exonerarem
807 104 1019 174 valescat
1039 106 1168 174 LIBER
1188 109 1397 178 OCTAVUS.

1728 98 1814 184 aaa·

63 309 137 365 buit.
150 309 237 366 Anno
252 313 350 366 autem
364 310 478 367 decimo
493 327 571 366 nono
588 311 702 383 imperii
713 310 896 379 Diocletiani,
913 291 942 353 Α
958 310 1058 383 exegit
1071 311 1258 383 Maximiano,
1276 316 1307 369 ut
1322 314 1411 371 simul
1426 315 1584 389 imperium
1599 319 1790 391 deponerent,

64 398 133 452 dam
144 400 302 470 prosperis
313 399 503 456 incrementis
514 400 650 466 Ecclesia
659 400 711 455 Dei
721 417 775 471 per
784 401 900 455 univer-

66 504 132 541 sum
143 489 248 542 orbem
259 477 431 543 dilataretur
441 494 469 543 et
482 494 640 559 cresceret,
653 490 752 544 subito
763 505 901 561 persecu·

66 576 158 630 tionis
173 578 260 632 turbo
276 578 430 648 increpuit.
452 578 487 633 Et
502 579 566 634 brec
583 581 751 650 persecutio
767 593 900 648 eousque

67 665 215 737 flagravit,
227 669 256 720 ut
268 667 354 721 etiam
364 668 471 723 Oceani
481 669 602 722 limbum
611 669 759 731 transiret,
771 673 798 724 et
808 667 900 723 semel

67 758 162 825 caepta
174 755 273 810 rabies
284 773 381 827 usque
392 758 428 811 ad
440 758 596 827 septimum
608 756 792 811 Constantini
801 757 900 829 Magni

66 859 177 898 annum
193 844 308 900 fervere
325 861 383 900 non
400 848 539 900 cessavit.
558 846 618 900 Hac
634 850 776 917 praeterea
792 850 901 917 tempe·

67 935 141 986 alate
163 935 328 988 octodecim
351 935 440 989 millia
463 939 623 1006 martprum
644 936 727 1006 passi
742 939 811 991 sunt
826 937 900 990 intra

68 1023 194 1076 Roman.
211 1022 268 1077 Sed
280 1024 349 1078 dum
364 1024 420 1078 ista
436 1028 588 1097 geruntur,
610 1040 718 1098 graves
733 1041 787 1095 per
798 1041 900 1080 omncs

67 1112 142 1164 linea
161 1111 285 1166 Romani
298 1113 411 1184 imperii
425 1114 619 1169 rebellionum
631 1113 768 1186 fragores
784 1130 903 1169 concre-

66 1202 196 1268 puerunt
206 1216 212 1254 :
224 1201 367 1257 tarausio
377 1203 538 1258 rebellante
550 1203 579 1258 in
591 1203 750 1273 Britannia,
763 1208 791 1258 et
803 1203 901 1258 Achil-

64 1289 110 1342 leo
126 1289 159 1343 in
180 1290 326 1361 AEgypto,
352 1307 417 1345 rum
438 1296 466 1346 et
482 1291 748 1365 Quinquegentiani
773 1291 903 1346 Africam

65 1376 258 1448 infestarent,
281 1383 310 1433 ct
332 1380 467 1435 Narseus
494 1397 547 1435 rex
571 1381 730 1436 Persarum
754 1381 902 1436 Orientem

65 1466 145 1520 bello
167 1471 323 1537 premeret.
348 1468 411 1534 Quo
432 1470 565 1540 periculo
588 1474 685 1525 motus
700 1470 902 1526 Diocletianus

958 400 1791 478 acjunioribussubsttiutia,ipstinprivatolrabituconse·

959 495 1125 545 noscerent.
1140 493 1241 563 ltaque
1254 495 1310 548 sub
1322 511 1379 549 una
1387 496 1433 550 dia
1444 496 1644 554 Diocletianus
1654 499 1732 571 apud
1743 498 1793 553 Ni·

960 580 1137 647 comediam,
1160 581 1356 637 Maximianus
1372 587 1449 654 apud
1466 586 1664 642 Mediolanum
1679 603 1791 658 purpu-

959 685 1021 722 ram
1042 669 1253 739 depcsuerunt.
1275 671 1358 725 Tunc
1381 673 1515 728 Galerius
1541 675 1747 745 Maximianus,
1764 679 1793 731 et

938 756 941 763 '
960 757 1151 813 Constantius
1164 760 1301 832 Augusti,
1314 761 1428 815 induas
1444 765 1678 834 procurationes,
1690 763 1793 819 Orien·

959 848 998 901 tis
1007 848 1122 902 scilieet
1131 852 1160 903 ct
1171 848 1350 919 Occidentis,
1367 851 1529 905 ltomanurn
1541 853 1695 924 imperium
1705 852 1792 924 primi

960 936 1134 1006 diviserunt,
1144 941 1172 992 ct
1180 937 1518 995 GaleriusMaximianus
1529 941 1680 1012 illiricum,
1691 941 1792 996 Asiam

960 1030 989 1080 et
1002 1025 1160 1080 Orientem.
1177 1025 1368 1082 Constantius
1382 1044 1453 1083 vero
1469 1030 1592 1084 Galliam
1609 1031 1795 1101 Hispaniam·

961 1131 1019 1185 que
1038 1115 1220 1184 possidebat.
1245 1116 1441 1172 Maximianus
1464 1122 1560 1173 autem
1585 1120 1793 1190 gravissimam

960 1204 1197 1274 persecutionem
1207 1205 1236 1258 in
1245 1205 1430 1261 Christianos
1441 1208 1592 1262 excitavit.
1606 1211 1643 1262 at
1654 1207 1793 1263 Canatan-

961 1292 1019 1347 iius
1031 1293 1131 1347 mitius
1143 1308 1176 1348 se
1187 1293 1304 1365 agebat,
1314 1298 1341 1348 et
1350 1295 1480 1350 cultores
1488 1295 1602 1350 Christi
1611 1297 1794 1352 venerationi

961 1380 1096 1435 hahebat.
1109 1381 1193 1435 tinde
1210 1382 1261 1435 Dei
1278 1383 1372 1453 gratia
1382 1387 1496 1438 arratum
1506 1385 1714 1455 praedictorum
1726 1385 1797 1440 sub·

961 1473 1061 1524 secuta
1074 1474 1119 1523 est
1129 1470 1254 1540 perditio
1264 1474 1464 1542 tyrannorum.
1475 1473 1549 1527 Nam
1560 1474 1727 1530 Herculeus
1735 1474 1795 1528 Ma·

65 1555 279 1611 Maximianum
299 1557 478 1613 Herculcum
501 1574 538 1613 ex
557 1558 676 1613 Caesare
698 1560 767 1614 iecit
782 1561 901 1633 Augus·
917 1574 943 1636 Β
960 1559 1792 1634 ximianusimperiunr,quodabjecerat,itcrumarripere

66 1646 127 1697 tum
141 1660 149 1711 ς
167 1643 373 1701 Constantium
388 1663 469 1715 rere,
487 1650 515 1701 et
529 1647 738 1703 Maximianum
753 1650 901 1705 Galerium
958 1648 1073 1718 rolens,
1086 1665 1102 1701 a
1114 1647 1309 1704 Constantino
1320 1649 1449 1705 nondum
1463 1651 1638 1722 imperatore
1650 1652 1792 1708 Massiliae

65 1734 205 1788 Caesares
229 1735 329 1808 elegit.
356 1735 449 1790 Porro
474 1735 654 1791 Carrausius
679 1736 782 1791 frauda
809 1738 902 1792 alecti
959 1737 1106 1791 extinctus
1123 1740 1178 1791 est.
1199 1737 1335 1792 Galerius
1357 1742 1454 1793 autern
1475 1743 1631 1812 Augustas
1646 1741 1790 1797 Severum

65 1821 139 1875 socii
158 1823 207 1876 aui
229 1827 274 1878 est
295 1825 425 1880 occisus.
451 1825 572 1879 alectus
595 1842 648 1896 par
662 1825 902 1896 asclepiadotum
962 1826 1114 1880 Caesarem
1129 1826 1164 1879 ad
1182 1826 1292 1880 ltaliam
1305 1843 1372 1882 curn
1393 1829 1524 1883 exercitu
1544 1828 1633 1884 misit.
1652 1829 1791 1884 [ibicum

64 1910 240 1980 praetectum
257 1915 303 1967 est
317 1929 492 1984 oppressus,
508 1914 663 1969 Alemanni
674 1931 802 1986 quoque,
814 1915 864 1986 qui
875 1918 904 1969 ot
959 1915 1254 1984 Urbempossideret,
1264 1915 1387 1970 militum
1397 1933 1518 1971 snorum
1528 1918 1643 1972 scelere
1652 1917 1791 1973 desertus

64 1999 120 2070 ipsi
135 2000 367 2072 rebellaverunt,
384 2018 438 2072 per
450 2003 654 2058 Constantium
668 2002 818 2059 Caesarem
830 2007 900 2058 sunt

63 2089 183 2143 devicti.
201 2090 237 2144 Et
254 2090 521 2162 Quinquagentiani
543 2108 597 2162 per
618 2093 826 2149 Maximianum
844 2095 902 2147 Λιι-

64 2181 186 2248 gustum
207 2183 276 2233 sunt
298 2180 427 2235 edomiti.
454 2181 654 2236 Diocletianus
676 2182 753 2252 apud
775 2183 902 2236 Alexan·

64 2267 158 2321 driam
177 2267 328 2322 interiecit
357 2269 532 2324 Achilleurn.
557 2270 752 2325 Maximianus
766 2272 901 2327 Galerius

65 2355 131 2410 bino
149 2372 219 2410 curn
234 2356 350 2413 Narseo
366 2373 534 2431 congressu
551 2358 666 2427 habito,
683 2360 789 2415 tertius
804 2361 901 2415 victus

65 2444 179 2517 aufugit
195 2446 249 2500 sed
266 2447 373 2501 iterum
384 2448 413 2501 in
425 2447 541 2502 hostem
554 2463 695 2502 rever-aus
706 2450 822 2521 magnis
834 2466 901 2505 eum

65 2534 178 2589 viribus
195 2537 359 2605 superavit.
380 2537 513 2609 Denique
536 2537 737 2593 Diocletianus
757 2538 794 2592 ab
809 2538 900 2594 invito

958 2007 985 2058 ct
1000 2003 1146 2074 proditus,
1165 2004 1315 2060 Ravennae
1335 2006 1501 2060 exstinctus
1518 2009 1573 2060 est.
1591 2005 1791 2062 Diocletianus

958 2108 1086 2164 quoque,
1099 2094 1176 2148 sicut
1185 2093 1247 2164 jam
1259 2095 1368 2150 dictum
1384 2099 1439 2164 est,
1452 2095 1535 2166 regia
1552 2095 1694 2167 dignitate
1704 2096 1792 2168 depo·

958 2181 1793 2256 sita,Salonaedeianctusest.Constantiusdeniquestre-

958 2271 1123 2327 nuissimus
1140 2272 1299 2342 imperator
1310 2271 1437 2327 Eboraci
1449 2273 1602 2342 detleiens,
1615 2289 1692 2327 anno
1704 2273 1793 2344 impe·

958 2361 994 2415 rii
1010 2361 1056 2415 sui
1072 2361 1187 2416 derirno
1201 2363 1314 2433 quinto,
1328 2361 1475 2416 ordinarit
1486 2361 1631 2416 Licinium
1643 2361 1792 2417 Caesarem

959 2449 1792 2520 llispaniarum‚etConstantinumilliumsuumCoesarcm

957 2539 1128 2594 Galliarum.

741 2672 765 2721 Ι

719 2865 867 2944 OlBEit
900 2863 1126 2943 octavus

67 3055 193 3119 Tractat
215 3055 254 3118 de
275 3054 522 3138 imperatoribus
543 3076 564 3120 a
586 3056 777 3120 Constatino
804 3058 926 3140 Magno
954 3076 1055 3141 usque
1081 3057 1122 3119 ed
1150 3059 1312 3121 Zenonem
1334 3077 1342 3137 3
1370 3057 1512 3121 continet
1537 3057 1679 3141 capitula
1701 3057 1777 3122 xlv

849 3249 993 3261 ...υ-..-

152 3417 226 3473 Car.
243 3417 266 3473 l.
282 3417 327 3474 De
342 3418 537 3475 Constantino
550 3418 667 3492 inquam
682 3419 800 3491 Magno.
911 3392 937 3455 C
953 3418 1059 3488 cendit,
1070 3420 1099 3474 et
1115 3418 1253 3473 continuo
1269 3417 1434 3473 subsedere
1450 3431 1556 3485 naves,
1577 3418 1605 3471 et
1618 3417 1684 3487 ipse
1700 3415 1785 3488 lapsa

93 3506 897 3583 ConstantinusigiturMagnas,Constantiimoderatis·
953 3508 1068 3579 equi,in
1077 3507 1469 3579 protundonlveidemersus
1480 3505 1686 3561 interiit.Tunc
1699 3507 1779 3562 Cone

64 3597 136 3667 simi,
149 3602 179 3653 et
191 3598 308 3670 egregii
318 3598 557 3670 principistllius,
567 3600 752 3654 inBritannia
762 3599 814 3653 Dei
824 3602 895 3652 nutu
952 3599 1083 3653 tantinus
1103 3598 1225 3652 llomam
1236 3596 1422 3668 triumphans
1433 3595 1598 3667 ingreditur
1608 3597 1637 3649 et
1647 3595 1686 3649 ita
1697 3595 1787 3650 totius

66 3687 582 3759 imperatorconstitutus,imperarit
593 3690 679 3743 annis
691 3689 809 3760 triginta
820 3688 896 3741 duo·
954 3687 1123 3742 Occidentis
1140 3687 1309 3756 imperium,
1328 3702 1395 3741 cum
1417 3686 1453 3739 ad
1474 3684 1711 3753 Constantinum,
1728 3686 1789 3740 tum

64 3775 125 3832 bus.
139 3777 175 3832 ln
184 3776 317 3831 Orientis
328 3780 425 3832 autem
440 3778 573 3848 partibus
589 3778 732 3850 regnabat
743 3777 897 3831 Maximia-
955 3776 991 3830 ad
1011 3775 1157 3830 licinium
1179 3776 1323 3845 pervenit.
1347 3775 1457 3828 Tamen
1479 3773 1575 3827 adbuc
1599 3772 1744 3845 regnabat
1759 3773 1789 3828 in

63 3881 113 3921 aas
123 3865 268 3922 Galerius
278 3866 375 3920 adbuc
387 3867 673 3939 augustus2a0mae
685 3869 897 3937 autemaprre-
954 3865 1124 3919 Orientibus
1147 3865 1282 3935 partibus
1308 3864 1514 3932 Maximianus,
1539 3862 1587 3916 vir
1609 3862 1734 3933 impius,
1761 3864 1789 3917 et

62 3956 184 4011 amanis
205 3954 351 4010 militibus
369 3955 551 4025 Maxentius,
570 3955 740 4009 Maximiani
760 3955 897 4010 lierculei
955 3957 1051 4009 menta
1068 3955 1163 4022 ferox,
1179 3969 1266 4024 quem
1277 3953 1410 4008 licinius
1424 3952 1687 4023 llomadigressus
1698 3967 1790 4021 expu-

62 4043 148 4114 illins,
161 4044 597 4115 imperatoraratconstitutus;
609 4045 659 4115 qui
669 4046 771 4114 postea
781 4043 809 4097 in
819 4047 897 4098 tanta
955 4059 1048 4114 gnare
1063 4043 1186 4112 paravit.
1205 4043 1240 4097 Et
1256 4058 1323 4097 cum
1336 4043 1399 4114 jona
1414 4042 1493 4096 terro
1509 4039 1616 4095 Licinii
1631 4039 1792 4095 cecidisset

62 4132 120 4189 tace
134 4132 280 4188 vitiorum
293 4133 479 4203 versabatur,
497 4137 528 4188 ut
543 4133 615 4188 nibil
633 4133 689 4187 diri
704 4132 846 4188 facinoris
861 4132 897 4187 ab
956 4132 1106 4188 exercitus
1118 4131 1296 4202 Maximiani,
1309 4148 1378 4202 pars
1388 4147 1455 4202 quac
1467 4132 1620 4200 supererat
1631 4128 1745 4184 Licinio
1757 4143 1791 4185 se

62 4222 124 4293 ejas
135 4223 199 4277 vita
211 4220 259 4276 rel
271 4221 386 4277 actibus
396 4223 624 4278 essetaliennm.
635 4222 728 4294 Igitur
736 4238 802 4276 cum
812 4222 899 4292 septi·
957 4222 1097 4290 subdidit,
1111 4224 1139 4276 et
1154 4221 1351 4275 Maximianus
1362 4220 1487 4290 turpiter
1497 4219 1581 4290 tagit.
1596 4217 1706 4272 Verum
1721 4217 1791 4272 dam

62 4327 135 4367 mum
148 4326 263 4365 annum
274 4311 303 4364 in
313 4311 437 4382 imperio
446 4328 501 4367 suo
510 4310 896 4384 perageret00natantinus,
956 4314 1126 4381 reparasset
1142 4311 1314 4379 exereitum,
1327 4314 1354 4364 ei
1370 4309 1502 4365 secundo
1516 4307 1605 4361 vellet
1619 4323 1686 4360 cum
1702 4306 1788 4361 hoste

63 4401 209 4456 adversus
219 4398 400 4455 Maxentium
409 4401 598 4472 conspirante
607 4415 709 4455 secum
719 4400 833 4472 collega
842 4416 897 4454 suo
956 4401 1133 4472 confligere,
1149 4401 1250 4455 dolore
1271 4401 1453 4454 internorum
1468 4398 1617 4451 viscerum
1633 4398 1790 4464 correptus

64 4487 175 4545 Licinio
186 4489 301 4544 bellurn
312 4491 434 4560 paravit.
448 4490 560 4545 Etcum
572 4490 661 4544 multa
671 4488 706 4543 de
717 4489 897 4543 imminentis
956 4492 1011 4557 est,
1030 4505 1063 4542 ae
1080 4489 1197 4543 demum
1208 4488 1369 4543 luminibus
1382 4487 1484 4541 morbo
1496 4485 1617 4540 amissis
1628 4483 1748 4537 vivendi
1760 4483 1791 4539 tl·

61 4576 124 4633 belli
138 4580 326 4634 necessitate
342 4583 542 4649 pertractaret,
559 4579 632 4632 vidit
646 4594 700 4649 per
715 4592 852 4647 soporem
869 4578 898 4631 in
955 4593 1022 4631 nem
1042 4576 1120 4631 iecit.
1146 4578 1259 4632 luteres
1283 4576 1498 4631 Constantinus
1521 4572 1618 4627 valida
1638 4572 1790 4645 squaloris

63 4669 133 4722 caelo
145 4667 270 4740 signum
282 4672 393 4721 aanctrr
406 4669 503 4722 cruris
513 4687 542 4720 :o
549 4686 604 4736 aar,
612 4667 641 4721 id
651 4670 696 4722 est
712 4667 800 4735 Tirau,
813 4670 841 4720 et
851 4682 899 4719 an·
912 4702 939 4762 D
955 4667 1035 4735 lepra
1052 4666 1249 4735 pertunditus,
1262 4669 1290 4720 et
1304 4681 1370 4719 curn
1381 4681 1397 4718 a
1408 4663 1534 4718 medicis
1545 4661 1642 4717 curari
1654 4677 1713 4717 non
1724 4677 1791 4732 poe·

62 4758 142 4824 gelos
154 4756 217 4810 sibi
229 4756 421 4823 assistentes,
433 4760 460 4811 rt
472 4757 622 4823 direntes3
636 4757 670 4810 ln
679 4757 827 4827 boesigno
840 4756 899 4807 riu·
955 4758 1010 4823 set,
1028 4755 1201 4809 acoemetas
1220 4754 1355 4824 Capitolii
1378 4753 1517 4807 dixerunt
1536 4750 1579 4805 illi
1599 4750 1710 4806 debere
1724 4750 1789 4806 fleri

62 4861 114 4900 rra.
126 4844 165 4900 Et
174 4844 326 4913 evigilans
335 4845 465 4915 signum,
475 4844 552 4916 quod
561 4845 684 4914 viderat,
693 4847 723 4899 in
732 4843 841 4900 vexillo
851 4843 898 4897 dc·
954 4843 1098 4913 piscinam
1115 4844 1144 4897 in
1158 4843 1311 4913 Capitolio,
1329 4845 1356 4896 at
1368 4841 1482 4911 impleri
1495 4840 1643 4912 sanguine
1653 4840 1791 4896 innocen·

61 4935 149 5001 pinxit
161 4932 294 5000 militari,
306 4937 335 4987 et
343 4949 410 4987 curu
419 4950 478 4987 non
487 4933 589 5003 procul
598 4950 615 4988 a
624 4938 711 5004 ponte
722 4934 823 4988 Milrio
835 4949 898 4986 eas·
953 4935 1025 5001 tum,
1038 4936 1066 4987 ct
1077 4933 1189 4987 calente
1201 4948 1235 4987 eo
1247 4932 1338 4987 lotum
1351 4946 1442 5002 posse
1453 4929 1563 4984 sanari.
1576 4928 1635 4984 Sed
1646 4945 1791 5002 aggrega·

62 5025 96 5076 tra
103 5022 274 5094 posuisset,
284 5020 450 5076 Maxentius
458 5021 534 5075 iuria
544 5022 703 5094 instigatus
709 5022 745 5076 ab
752 5022 833 5076 Urbe
844 5037 897 5091 per
954 5021 992 5075 tis
1008 5021 1227 5091 innocentibus,
1240 5022 1309 5075 dum
1324 5020 1392 5090 pius
1403 5020 1543 5089 princeps
1555 5021 1681 5072 matrum
1695 5018 1790 5090 lacry-

61 5117 175 5179 pentem
187 5110 320 5183 navigiis
331 5111 528 5180 compositum
540 5127 695 5182 egressus,
708 5111 854 5166 hostiliter
868 5111 895 5164 ei
954 5125 1018 5164 mas
1033 5111 1115 5178 vidit,
1128 5115 1156 5165 et
1172 5110 1313 5181 ejulatum
1329 5108 1450 5177 audivit,
1462 5107 1542 5161 illico
1556 5107 1674 5163 lacinus
1685 5107 1792 5162 exhor·

63 5200 197 5255 occurrit.
220 5198 354 5270 Cumque
374 5199 512 5270 utrinque
534 5200 641 5254 acriter
660 5204 850 5272 pugnaretur,
868 5201 896 5253 et
953 5199 1020 5267 ruit,
1033 5204 1060 5253 ct
1072 5200 1246 5270 propitiatus
1270 5214 1372 5253 earam
1383 5212 1492 5267 pueros
1502 5196 1596 5268 jussit
1606 5195 1721 5250 restitui
1732 5211 1791 5248 ma·

63 5289 209 5344 exercitus
221 5287 363 5342 Maxentii
373 5287 480 5343 virtute
492 5294 603 5343 sanetae
615 5289 713 5343 crucis
724 5292 895 5360 prosterne·
953 5288 1048 5344 trihus
1060 5289 1134 5342 suis.
1144 5288 1304 5341 Transacta
1321 5291 1418 5342 autem
1433 5286 1491 5354 die,
1507 5286 1705 5356 apparuerunt
1719 5282 1747 5337 ai
1758 5281 1788 5336 in

64 5377 189 5445 ararad
197 5377 310 5433 Urbem
317 5376 598 5450 fugiendoremeare
604 5378 709 5433 volens
715 5377 897 5447 MaxentiuS,
953 5378 1067 5432 somnis
1077 5378 1202 5448 apostoli
1214 5377 1319 5432 Petrus
1330 5382 1359 5431 et
1368 5376 1437 5430 Paul
1443 5391 1477 5428 us
1488 5372 1654 5428 dicentcsei
1665 5371 1789 5425 utadvo·

64 5471 176 5534 ponam
201 5481 290 5538 quern
312 5453 444 5521 diximus
467 5466 595 5538 navigiis
619 5467 830 5538 compositum,
850 5483 895 5522 as·
953 5471 1033 5521 caret
1048 5467 1084 5522 de
1099 5470 1197 5520 monte
1221 5466 1342 5522 Soracte
1367 5465 1552 5536 sylvestrum
1574 5475 1700 5531 papam,
1718 5460 1803 5535 <gata
