3796 6022
126 299 187 369 595
487 297 708 364 APPENDlX
727 298 786 363 AD
808 297 1001 366 HUGONIS
1023 299 1168 365 OPERA
1188 299 1456 366 boGMAach.
1790 307 1851 392 1196

128 503 264 560 afflectes
280 503 378 559 carnis
392 502 429 557 ad
444 517 478 557 ea
488 516 555 573 quse
566 504 643 555 amat
652 516 706 571 per
716 500 904 572 cupiditatem
913 499 962 554 ab
975 480 1005 544 Α
1017 501 1166 564 actionum
1180 517 1290 574 corpus
1305 518 1421 575 sanum,
1437 507 1466 560 et
1480 504 1629 578 integrum
1648 521 1719 562 esse
1742 510 1848 579 possit.

128 594 219 651 ducit.
236 593 370 648 Charitas
384 596 481 647 autem
496 592 544 645 via
560 592 643 662 pacis
660 595 715 660 est,
732 591 800 663 quia
815 591 845 646 in
860 605 960 646 amore
1018 589 1687 666 Hanccustodiamlshosetb,quiadomuisuae
1698 598 1850 667 preficere

129 682 297 739 Conditoris
313 696 437 736 currens
448 680 576 750 enimus,
589 680 662 735 nibil
672 681 752 753 quod
767 680 863 749 laedat,
878 680 962 735 inve·
1017 679 1121 751 noluit,
1144 679 1175 734 in
1188 681 1311 753 inguine
1324 682 1434 738 vulnus
1450 684 1554 739 mortis
1575 685 1688 756 accepit
1703 688 1718 754 (
1732 685 1763 741 ll
1775 687 1848 760 lisy.

127 772 181 828 nit.
198 770 349 841 Cupiditas
364 770 412 824 vis
426 769 510 840 pacis
531 784 590 825 non
605 773 665 839 est,
682 769 751 841 quia
766 772 894 825 mentem
909 783 962 840 per
1017 771 1069 839 iv),
1086 769 1154 840 quia
1167 771 1306 843 quisquis
1322 785 1432 827 sensus
1447 788 1521 828 suos
1536 773 1641 829 timore
1658 775 1774 829 Domini
1789 793 1850 836 mu-

128 859 237 915 multos
252 858 549 927 labores,etdolores
564 858 710 914 distrahit.
723 858 887 931 liujusviee
897 874 964 928 por·
1017 858 1081 912 nire
1097 859 1321 931 negligit„huic
1331 860 1430 917 subito
1438 861 1575 932 irrepens
1583 861 1739 918 delectatio
1751 866 1850 920 carnis

128 950 166 1004 tae
181 952 251 1004 sunt
266 962 376 1003 sensus
392 947 528 1019 corporis
538 990 545 1018 ,
557 948 747 1019 quispercos
757 949 962 1004 animamcon·
1017 945 1108 1001 vitam
1121 947 1227 1003 anime
1236 949 1409 1022 exstinguit.
1428 951 1519 1006 llecte
1532 966 1606 1022 ergo
1616 951 1726 1007 dicitur
1741 970 1747 1007 :
1766 953 1849 1008 Viam

129 1037 312 1109 cupiscentia
327 1037 435 1092 educit.
452 1037 510 1092 Sed
524 1038 601 1093 inter
621 1038 675 1093 bes
690 1040 792 1109 portas
807 1039 902 1110 prima
917 1041 963 1094 est
1014 1036 1163 1107 pacianon
1173 1043 1392 1109 cognorerunt:
1407 1045 1521 1095 nonest
1538 1041 1627 1095 timor
1638 1041 1696 1096 Dei
1703 1049 1850 1099 anteocu-

109 1201 112 1205 ,
128 1126 225 1197 visus,
240 1126 309 1198 quia
324 1126 402 1182 oculi
421 1126 546 1181 aliorum
557 1141 702 1182 sensuum
716 1127 809 1183 duces
829 1130 916 1198 sunt,
934 1131 963 1184 et
1018 1123 1063 1179 los
1081 1141 1181 1181 eorum
1191 1126 1259 1198 quia
1270 1127 1409 1199 quisquis
1417 1127 1491 1183 foris
1500 1145 1611 1185 sensus
1620 1146 1694 1186 suos
1707 1147 1762 1202 per
1771 1132 1853 1186 timo

129 1228 183 1272 eos
198 1214 260 1271 fere
274 1217 306 1270 in
321 1215 401 1270 omni
415 1216 531 1271 actione
546 1216 583 1270 ad
598 1216 870 1287 concupiscentiam
887 1232 964 1288 prae-
1018 1229 1080 1269 rem
1096 1214 1179 1270 Deia
1195 1215 1389 1273 delectatione
1403 1218 1502 1272 carnis
1517 1234 1578 1274 non
1597 1219 1763 1293 restringit,
1785 1237 1851 1293 quae

130 1306 253 1375 cedunt3
266 1305 336 1360 dum
347 1305 424 1360 enim
435 1307 557 1377 gustare
568 1305 733 1377 desideras,
749 1307 834 1376 prius
846 1323 964 1362 manum
1019 1302 1058 1357 sit
1074 1303 1193 1359 internit
1206 1305 1317 1360 amoris
1336 1306 1461 1362 dulcedo
1477 1311 1599 1380 gustare
1615 1325 1674 1364 non
1688 1311 1807 1381 poterit.

129 1393 271 1467 P⁰iliiii⁸i
283 1396 314 1449 ut
322 1393 462 1465 ⁸⁰⁰iPi⁸⁸·
474 1393 625 1465 sedprilffi
633 1410 721 1466 ll¹¹¹¹¹¹¹
732 1396 854 1466 ⁸⁰⁰il³i⁸2
864 1397 964 1452 Viffllm
1019 1408 1090 1465 Car.
1107 1410 1173 1467 Xll.
1192 1411 1268 1478 Quid
1278 1413 1358 1469 Deus
1367 1414 1452 1469 domo
1461 1414 1559 1469 factas
1570 1416 1725 1471 invenerit
1735 1417 1766 1470 in
1775 1433 1853 1471 mun-

130 1482 237 1556 dirigis
251 1485 283 1538 ut
297 1483 392 1556 eligas
410 1499 416 1539 ε
434 1483 621 1550 Hocordine,
634 1486 662 1538 et
675 1485 964 1557 primumpeccatum
1056 1481 1093 1537 do
1107 1482 1183 1554 quad
1197 1499 1280 1538 suum
1301 1491 1400 1550 esset;
1418 1490 1448 1541 et
1471 1487 1550 1567 quid,
1568 1487 1643 1558 quod
1666 1487 1797 1552 diaboli‚·
1824 1494 1853 1543 et

130 1573 330 1644 perpetratum
345 1574 391 1627 est
407 1588 413 1629 :
436 1572 517 1628 Vidit
531 1573 639 1629 mulier
652 1574 774 1646 lignum,
793 1575 868 1647 qaod
883 1581 965 1630 esset
1057 1554 1196 1625 ffl⁰¹¹²⁰d⁰
1211 1561 1279 1610 ΒΜΓ
1280 1572 1335 1629 W
1346 1573 1386 1628 ΡΓ
1386 1573 1403 1612 ⁰
1418 1573 1534 1630 ΝΟΜ
1535 1574 1552 1612 ⁶
1565 1574 1619 1613 ⁰⁶³?
1621 1564 1708 1614 ‘W
1709 1558 1744 1613 1'2·

128 1659 286 1734 pulchrum
296 1661 372 1732 visu,
389 1667 419 1716 et
434 1662 472 1716 ad
489 1664 666 1718 vescendum
681 1679 783 1730 suave,
801 1669 830 1719 et
847 1664 914 1718 tulit
928 1663 966 1719 de
1056 1658 1156 1716 Funes
1167 1661 1424 1718 cecideruntmilri
1438 1663 1469 1719 in
1478 1663 1638 1737 praeclaris
1647 1683 1656 1730 ,·
1674 1665 1788 1721 etenim
1798 1665 1854 1720 11oe-

131 1749 232 1805 fructu
248 1749 326 1823 ejus,
353 1756 384 1805 et
408 1751 535 1807 comedit
557 1751 634 1821 (Ger
652 1753 705 1824 ιιι).
722 1752 853 1809 Primum
873 1753 965 1821 vidit,
981 1748 1138 1850 Breditas
1153 1765 1216 1806 mes
1225 1750 1372 1823 praeclara
1383 1754 1514 1808 estmilri
1523 1753 1619 1823 (Psel.
1631 1756 1692 1823 xv).
1712 1754 1793 1810 Deus
1802 1770 1853 1824 per

132 1838 238 1895 deinde
254 1840 350 1912 attigit
364 1843 392 1895 et
405 1840 481 1910 tulit,
499 1841 616 1897 demum
631 1842 772 1914 gnstavit.
797 1841 827 1897 Si
844 1858 903 1897 non
917 1843 965 1897 ai·
1022 1837 1170 1894 hominem
1185 1840 1326 1895 mundum
1340 1841 1547 1912 redempturus
1563 1842 1592 1897 in
1607 1842 1749 1898 mnndum
1762 1844 1852 1914 venit,

132 1927 237 1999 disset,
254 1944 308 1984 nec
319 1929 477 2002 tetigisset,
488 1945 543 1985 nec
554 1933 717 2003 gustasset.
728 1930 805 1987 Ecce
817 1933 964 2002 quomodo
1021 1928 1050 1981 el
1063 1927 1116 1983 toti
1131 1928 1241 1983 mundo
1257 1929 1406 1985 diabolum
1418 1929 1617 1987 dominantem
1632 1932 1754 1988 invenit.
1773 1931 1852 1988 Deus

131 2017 217 2074 visus
232 2020 300 2075 ante
314 2017 389 2074 alios
405 2034 516 2074 sensus
531 2019 561 2073 in
576 2019 816 2092 concupiscentia
832 2021 918 2076 etiam
935 2022 966 2076 in
1019 2031 1072 2087 per
1087 2016 1236 2073 hominem
1258 2019 1399 2074 mundum
1414 2019 1540 2075 visitans
1568 2021 1599 2074 in
1612 2021 1736 2093 propria
1760 2022 1850 2078 venit.

132 2107 201 2179 ipso
215 2107 284 2164 visu
312 2107 378 2164 fuit.
394 2107 467 2164 Cum
482 2108 561 2163 enirn
575 2109 691 2180 dicitur,
711 2110 786 2166 vidit
795 2111 871 2183 quod
885 2117 966 2167 esset
1019 2105 1119 2176 (donn.
1135 2107 1167 2176 ι),
1179 2107 1305 2163 ethome
1322 2122 1376 2179 per
1386 2108 1489 2172 Deum,
1506 2109 1649 2165 mundum
1663 2126 1722 2165 non
1737 2126 1850 2180 amans,

128 2196 286 2270 poledrum
299 2198 375 2267 visu,
385 2213 455 2254 ecce
466 2198 573 2254 invisu
583 2200 824 2271 concupiscentia
834 2199 964 2256 videndi.
1020 2195 1071 2250 ubi
1088 2196 1636 2267 caputreclinaretnonhnbnit.1)eus
1651 2198 1782 2254 bernoin
1797 2199 1853 2255 hoo

133 2285 207 2343 Cum
223 2287 340 2343 dicitur.
356 2292 387 2342 et
401 2303 503 2356 suave,
519 2302 590 2344 ecce
601 2288 632 2343 in
645 2288 713 2345 visu
724 2289 966 2360 concupiscentia
1020 2285 1131 2341 mundo
1147 2285 1302 2342 elementis
1317 2285 1481 2357 imperarit,
1494 2291 1523 2342 et
1543 2287 1631 2344 homo
1648 2288 1728 2344 Deus
1744 2288 1781 2343 de
1796 2289 1852 2344 hoc

132 2375 284 2448 tangendi.
299 2374 371 2430 Cum
387 2376 494 2431 dicitur
510 2377 548 2431 ud
565 2377 752 2448 vescendum,
768 2393 838 2434 ecce
853 2378 883 2433 in
898 2379 966 2434 visu
1021 2374 1131 2430 mundo
1146 2389 1271 2447 regnum
1287 2390 1321 2431 se
1335 2391 1395 2431 non
1410 2375 1520 2432 habere
1535 2376 1619 2433 dixit.
1644 2377 1725 2450 Ergo
1749 2378 1786 2433 ad
1802 2378 1853 2432 ali-

134 2464 375 2535 concupiscentia
391 2465 541 2536 gustandi.
558 2465 625 2520 Non
639 2465 738 2521 solum
752 2466 921 2539 igiturvisu
935 2467 966 2521 in
1021 2462 1092 2532 quid
1107 2465 1200 2519 totum
1228 2463 1282 2519 Dei
1304 2466 1376 2534 erat,
1392 2467 1420 2520 at
1434 2465 1471 2520 ad
1488 2465 1598 2538 aliquid
1617 2469 1709 2522 toturn
1731 2466 1852 2523 diaboli.

134 2551 376 2624 concupiscentia
389 2553 532 2622 praecedit
546 2554 750 2625 sensusalios,
762 2571 866 2610 verum
879 2554 966 2610 etiam
1021 2549 1126 2607 Totum
1142 2552 1275 2623 Deierat,
1289 2554 1368 2625 quod
1379 2554 1444 2625 ipse
1454 2553 1575 2625 facerat,
1586 2558 1716 2611 ettotam
1731 2556 1852 2624 diaboli,

134 2655 239 2697 omnes
253 2640 303 2695 alii
317 2656 428 2697 sensus
439 2642 469 2696 in
478 2643 721 2714 concupiscentia
728 2644 847 2700 videndi
858 2661 967 2716 praece·
1021 2641 1101 2712 quod
1115 2641 1180 2712 ipse
1199 2643 1383 2713 possidebat.
1409 2644 1489 2699 Deus
1504 2644 1535 2698 in
1550 2644 1696 2716 principio
1711 2645 1853 2700 mundum

133 2731 206 2786 dunt
230 2733 325 2787 semet
349 2730 430 2802 ipso;
455 2734 484 2787 et
506 2735 598 2788 tetum
622 2734 838 2805 quodammodo
852 2734 883 2790 in
897 2735 965 2790 visu
1022 2733 1183 2802 creaverat,
1209 2736 1239 2788 et
1260 2733 1398 2789 diabolus
1415 2734 1591 2805 aprincipio
1616 2735 1758 2790 urendum
1781 2751 1854 2806 poa-

133 2821 217 2894 prius
225 2821 615 2896 perdelectationemagitur
624 2823 768 2896 quidquid
777 2825 966 2897 postmodum
1022 2820 1147 2877 sidebat.
1164 2821 1245 2895 Ergo
1260 2826 1408 2880 certamen
1437 2824 1616 2880 factumest
1639 2823 1710 2892 Deo,
1734 2825 1765 2879 et
1787 2839 1853 2879 car-

132 2927 149 2967 a
164 2912 282 2968 castaus
298 2911 440 2967 sensibus
454 2911 486 2967 in
500 2913 670 2983 operatione
685 2917 879 2985 perpetratur.
896 2914 965 2971 Ideo
1022 2913 1119 2966 tamen
1134 2911 1298 2968 factumest
1308 2913 1436 2970 diabolo.
1449 2913 1528 2970 Deus
1539 2914 1612 2969 dixit
1623 2929 1656 2969 se
1672 2912 1752 2985 quod
1767 2929 1854 2969 suum

130 3007 205 3064 dixit
219 3008 381 3065 Dominus:
395 3007 471 3074 Quin
488 3005 770 3063 vederitmnlierom
779 3009 818 3064 nd
833 3008 968 3078 eoncupi-
1021 3002 1569 3074 eratdeberereciper03diabolusdixit
1578 3019 1613 3058 se
1627 3007 1695 3074 post
1709 3005 1769 3057 tam
1787 3003 1854 3057 lon·

130 3098 281 3165 scandum,
292 3099 357 3172 jam
372 3099 535 3154 moeclratns
550 3103 596 3154 est
619 3099 650 3153 in
666 3100 757 3157 corde
771 3116 825 3156 sua
840 3099 960 3169 (Metili.
982 3087 1090 3165 Cgam
1101 3093 1313 3166 negligentiam
1326 3110 1380 3149 sua
1391 3094 1586 3165 possessione
1597 3108 1656 3148 non
1666 3092 1854 3163 privandum.

130 3187 172 3257 vl,
188 3189 257 3260 quia
271 3187 404 3260 profecto
419 3189 536 3244 animus
546 3189 674 3245 videndo
684 3192 777 3245 totum
788 3189 966 3246 delectabili·
1023 3184 1103 3241 Deus
1112 3185 1185 3241 dixit
1195 3185 1290 3240 aliena
1300 3201 1367 3240 eum
1377 3182 1747 3239 fraudulenterabstulisse
1758 3185 1787 3237 et
1796 3182 1857 3236 vio

129 3280 176 3333 ter
190 3277 301 3351 cogitat
325 3276 469 3349 quidquid
493 3293 561 3332 eum
583 3279 771 3350 postmodum
794 3279 826 3334 in
849 3281 965 3353 agendo
1021 3277 1117 3332 lenter
1125 3276 1271 3346 tenuisse;
1279 3274 1566 3331 diabolusdixiteum
1574 3288 1638 3342 nec,
1647 3287 1713 3327 cum
1721 3271 1854 3336 abstulit,

130 3366 266 3422 delectat.
279 3365 311 3422 Si
325 3365 417 3438 igitur
427 3369 512 3437 porta
523 3367 678 3424 oculorum
691 3368 769 3424 bene
781 3369 892 3424 munita
903 3368 966 3425 fue·
1021 3366 1240 3434 contradixese,
1252 3380 1317 3435 nec,
1328 3380 1394 3419 cum
1404 3364 1508 3432 tenuit,
1517 3360 1675 3434 aliquando
1683 3360 1854 3431 repetiisse.

130 3453 178 3522 rit,
191 3456 250 3510 tota
260 3453 310 3509 illa
324 3454 448 3509 interior
458 3455 563 3512 civitas
580 3457 680 3512 cordis
696 3458 790 3513 nostri
805 3457 843 3513 ab
854 3457 965 3514 insultu
1020 3455 1180 3511 Deusdixit
1190 3458 1338 3526 potentem
1347 3468 1381 3508 se
1390 3449 1854 3522 adsuarecipienda,sivellet,vi-

130 3541 271 3598 vitiorum
284 3542 383 3614 quieta
398 3541 463 3598 erit.
479 3541 538 3599 Sed
558 3544 628 3600 huic
641 3548 735 3617 portae
746 3546 847 3611 nullus
863 3549 966 3603 custos
1018 3544 1103 3600 ribus
1112 3545 1165 3613 uti;
1176 3544 1313 3599 diabolus
1322 3543 1395 3598 dixit
1404 3538 1853 3613 contratjustitiamnonbebcre

131 3645 201 3687 esse
216 3632 314 3703 potest
328 3630 529 3703 meliorquam
540 3632 629 3688 timor
643 3632 770 3704 Domini,
788 3638 819 3690 ut
829 3632 967 3692 illevide·
1017 3632 1133 3688 viribus
1143 3633 1234 3688 abuti.
1251 3633 1332 3688 Deus
1351 3632 1426 3688 dixit
1436 3631 1553 3703 iustum
1568 3645 1627 3685 non
1642 3643 1723 3696 esse,
1734 3627 1760 3682 si
1772 3628 1852 3698 quod

129 3719 201 3776 licet
217 3719 365 3776 carnalem
379 3724 518 3791 mentem,
534 3738 601 3793 quae
617 3722 730 3778 lubrica
746 3727 802 3792 est,
819 3739 856 3779 ne
871 3724 908 3779 ad
918 3740 967 3780 an·
1017 3721 1065 3792 pie
1080 3726 1233 3778 creaverat
1242 3723 1340 3792 perire
1355 3720 1550 3792 permitteret,
1567 3717 1705 3774 diabolus
1716 3716 1792 3772 dixit
1806 3716 1855 3772 in·

129 3810 229 3882 tiques
244 3809 454 3866 delectationes
474 3811 592 3881 redeat,
618 3826 737 3883 sempor
760 3812 790 3866 in
812 3813 966 3883 proposito
1014 3809 1131 3882 justum
1146 3827 1206 3867 non
1225 3826 1306 3881 esse,
1323 3811 1350 3866 si
1369 3812 1448 3882 quod
1463 3810 1568 3880 sponte
1583 3807 1713 3879 perierat
1726 3823 1786 3862 non
1802 3823 1853 3861 re·

129 3898 297 3971 disciplinae
308 3899 532 3972 conligatatque
543 3903 689 3956 coerceat.
702 3900 785 3955 Hanc
801 3900 966 3957 custodiam
1018 3902 1175 3955 stauraret.
1188 3901 1268 3956 Deus
1278 3899 1353 3956 dixit
1371 3915 1406 3956 se
1416 3898 1492 3954 velle
1516 3896 1617 3952 miseri
1637 3911 1691 3967 per
1709 3895 1852 3968 benigni-

129 3986 288 4043 Psalmista
297 3988 495 4057 desiderabat,
508 4005 575 4044 cum
585 3989 714 4046 diceret:
728 3989 850 4063 Confige
859 3992 966 4046 timore
1015 3991 1104 4045 tatem
1120 3990 1268 4061 propiam3
1289 3988 1426 4044 diabolus
1441 3987 1516 4042 dixit
1530 4002 1564 4042 se
1579 3986 1656 4041 nolle
1680 3984 1740 4056 pati
1765 3984 1851 4039 dam-

131 4079 181 4132 tuc
195 4091 304 4132 carnes
323 4092 406 4132 mess
426 4077 523 4146 (Psel.
547 4077 659 4148 cxvm).
675 4079 712 4134 Et
727 4079 873 4150 sapientia
888 4079 964 4134 hanc
1016 4088 1146 4148 numper
1156 4080 1330 4148 potestatem
1341 4076 1477 4132 alienam.
1491 4072 1852 4145 Deusdixitjusturnesse

130 4163 294 4220 costodiam
305 4178 361 4220 nos
372 4164 483 4222 habere
500 4167 622 4238 monuit,
636 4168 755 4240 quando
765 4167 884 4224 virtutis
899 4171 963 4224 stu·
1016 4168 1048 4221 ut
1063 4167 1100 4221 de
1116 4171 1236 4237 peccato
1247 4165 1423 4238 paenitentes
1439 4165 1613 4220 adsalutem
1627 4163 1851 4233 reciperentur,

129 4252 211 4310 dium
224 4252 410 4326 aggredienti
431 4253 555 4311 formam
579 4255 746 4328 disciplinae
760 4256 962 4329 prescripsit,
1015 4254 1153 4310 diabolus
1168 4255 1251 4324 dixit,
1260 4254 1376 4326 justum
1387 4270 1446 4309 non
1457 4269 1527 4310 esse
1538 4252 1851 4323 utinpeccatopersi·

128 4341 233 4399 dicens
245 4357 253 4398 :
263 4340 333 4413 Fili,
344 4343 511 4400 accendens
520 4344 559 4400 ad
566 4346 744 4402 servitutem
759 4346 817 4403 Dei
824 4352 870 4402 sta
886 4346 918 4401 in
927 4346 963 4400 ti·
1014 4347 1128 4399 etentes
1139 4344 1175 4399 ad
1185 4341 1851 4415 salutemcogercntur.Deusdixitsevenisse

128 4447 221 4503 more,
234 4436 467 4504 etpraeparacor
479 4435 603 4491 tuumad
614 4435 960 4507 tentationes(flccli.1r).
1014 4448 1073 4489 non
1089 4435 1121 4488 ut
1134 4432 1270 4487 nolentes
1282 4433 1414 4504 cogeret,
1426 4432 1480 4486 sed
1489 4431 1662 4486 utvolentes
1675 4428 1849 4500 adjuvarem

129 4520 183 4577 Sta
199 4521 231 4576 in
248 4520 362 4588 timore,
378 4536 416 4578 ne
431 4523 459 4578 te
473 4522 674 4580 blandimenta
689 4525 789 4580 carnis
805 4525 960 4581 seducant.
1014 4521 1151 4576 diabolus
1166 4521 1238 4576 divit
1252 4521 1369 4575 interim
1384 4536 1438 4591 pro
1452 4523 1583 4579 temnere
1597 4519 1807 4591 equanimiter
1816 4533 1851 4574 sc

127 4609 273 4682 Praepars
281 4625 334 4666 cor
342 4615 420 4666 tuum
427 4612 464 4666 ad
474 4613 664 4683 tentationes,
672 4629 709 4668 ne
718 4613 845 4669 adversa
856 4629 961 4684 super·
1014 4624 1174 4681 passurum
1195 4610 1331 4665 volentes
1344 4609 1480 4679 perdere,
1497 4609 1525 4663 si
1539 4609 1674 4663 nolentes
1689 4608 1843 4663 retineret.

127 4698 276 4756 venientia
289 4698 437 4773 frangent.
455 4699 622 4755 lasciviam
638 4701 738 4758 carnis
755 4718 809 4773 par
823 4703 960 4757 timorem
973 4705 1001 4767 Ι)
1016 4698 1096 4754 Deus
1111 4698 1185 4754 dixit
1199 4714 1233 4753 se
1248 4698 1278 4752 in
1293 4697 1388 4753 aliena
1411 4698 1447 4752 ad
1471 4696 1638 4770 gehennam
1653 4711 1772 4752 manum
1788 4711 1850 4751 non

128 4787 304 4858 comprim03
320 4803 493 4857 pressuram
506 4788 707 4846 tribulationis
721 4806 776 4862 per
789 4790 959 4862 patientiam
1015 4788 1141 4856 mittere,
1151 4787 1178 4843 si
1187 4803 1242 4842 sua
1252 4787 1462 4854 redderentur,
1474 4785 1611 4842 diabolus
1620 4784 1695 4840 dixit
1704 4800 1740 4840 sc
1750 4784 1848 4840 aliena

125 4873 223 4930 vince.
235 4875 416 4947 Duoquippe
427 4877 572 4948 istasunt,
584 4879 960 4951 qusaproecipueincbcan·
1015 4880 1147 4947 paratum
1162 4875 1297 4945 reddere,
1313 4874 1339 4930 si
1355 4891 1409 4930 sua
1424 4891 1483 4930 non
1497 4873 1694 4929 auferrentur.
1711 4873 1794 4929 Deus
1805 4873 1849 4928 di-

125 4962 200 5018 tium
214 4962 399 5034 propositum
412 4964 591 5022 labefactare
605 4967 711 5038 solent,
728 4968 960 5025 incumbentium
1015 4965 1059 5019 xit
1073 4965 1185 5020 nullum
1195 4979 1229 5019 se
1244 4980 1261 5017 a
1275 4964 1479 5020 misericordia
1494 4978 1586 5034 posse
1601 4962 1766 5034 repellere,
1782 4962 1848 5018 dia·

125 5050 243 5107 scilicet
254 5051 447 5108 tentationum
463 5054 608 5124 molestia,
630 5056 659 5111 et
673 5057 889 5127 praeteritarum
904 5057 958 5112 de·
1015 5053 1104 5109 bolus
1118 5053 1202 5122 dixit,
1214 5053 1241 5107 si
1251 5068 1354 5109 omnes
1363 5052 1508 5123 perderet,
1521 5068 1580 5107 non
1591 5067 1624 5106 se
1639 5066 1732 5121 posse
1748 5067 1848 5123 aequa·

124 5139 314 5196 lectationum
330 5141 481 5197 memoria.
495 5142 556 5199 lllae
571 5159 698 5216 namque
713 5145 782 5200 dum
796 5145 885 5201 solito
895 5161 960 5218 gra·
1014 5142 1133 5198 nimiter
1145 5141 1282 5198 tolerare.
1301 5141 1381 5198 Deus
1400 5141 1474 5196 dixit
1488 5155 1522 5196 se
1536 5140 1664 5195 suadere
1684 5142 1717 5195 ut
1738 5139 1770 5194 in
1785 5142 1846 5195 toto

124 5227 226 5284 viores
242 5229 465 5299 superveniunt,
482 5247 563 5302 saepe
578 5232 784 5302 pusillanimes
799 5250 854 5305 per
867 5234 958 5305 impa-
1013 5231 1051 5287 ab
1067 5231 1163 5286 alieno
1176 5230 1245 5303 jure
1260 5232 1430 5300 secederet,
1446 5229 1583 5286 diabolus
1598 5229 1672 5283 dixit
1685 5244 1721 5285 se
1739 5233 1848 5300 postu·

124 5317 256 5374 tientinm
271 5317 424 5390 dejiciunt.
444 5318 513 5375 letae
527 5328 600 5377 vero
615 5322 684 5377 dum
699 5322 789 5379 solito
806 5323 882 5377 male
893 5322 958 5377 dul·
1013 5319 1075 5376 lara
1089 5324 1121 5375 ut
1134 5319 1301 5390 saltempro
1311 5318 1478 5375 reverentia
1489 5317 1624 5389 pristinae
1635 5317 1847 5379 dominationis

124 5422 176 5464 ces
187 5407 321 5478 redeunt,
330 5421 385 5478 per
395 5406 637 5465 incontinentiam
644 5410 780 5467 incautos
791 5427 826 5467 se
834 5411 955 5466 ducunt.
1012 5409 1110 5481 aliqua
1121 5409 1150 5463 in
1161 5411 1243 5480 parte
1251 5409 1383 5480 requiem
1394 5407 1451 5463 sibi
1464 5423 1523 5462 non
1537 5410 1670 5478 negaret.
1682 5406 1764 5461 Deus
1774 5407 1848 5461 dixit

123 5495 274 5553 Ponamus
290 5511 364 5569 ergo
379 5498 533 5553 custodem
548 5498 690 5568 optimum
704 5503 772 5555 ante
786 5500 890 5555 oculos
900 5515 957 5554 no·
1012 5513 1057 5569 se,
1074 5513 1142 5553 cum
1154 5498 1238 5568 prius
1248 5497 1363 5567 potiore
1381 5496 1526 5568 elegisset
1541 5498 1610 5567 post
1623 5494 1664 5549 illi
1680 5494 1847 5566 abiectiore

123 5587 204 5641 stros
220 5585 354 5642 timorem
370 5585 496 5656 Domini,
522 5588 553 5642 ut
568 5587 637 5642 dum
661 5587 777 5644 scilicet
805 5588 870 5659 ipse
884 5588 956 5643 reli·
1012 5601 1243 5655 concessurum
1259 5585 1395 5641 diabolus
1410 5585 1484 5641 dixit
1497 5582 1565 5655 jure
1580 5599 1614 5641 se
1629 5583 1656 5639 si
1670 5583 1846 5639 electionem

123 5684 253 5750 aprorum¹
265 5675 510 5740 sensuumducas
519 5675 660 5750 custodit,
672 5692 758 5742 omne
768 5675 956 5756 sequentium
1011 5675 1122 5730 babere
1138 5689 1197 5729 non
1211 5678 1328 5745 posset,
1353 5674 1458 5733 saltem
1472 5673 1660 5750 partitionem
1685 5672 1844 5737 iacturum,
