3796 6022
127 275 186 342 611

508 269 728 340 APPENDIX
749 272 806 338 ab
829 266 1021 339 HUGONIS
1044 267 1188 340 OPERA
1209 267 1470 341 DOGMAthA

1799 273 1860 343 612

128 480 300 534 occurrunt.
316 477 446 531 Primum
461 479 507 530 est
516 491 619 531 eorum
631 476 681 547 qni
692 492 843 548 nunqnam
857 476 959 532 vulne·
973 464 1002 526 A
1019 477 1235 533 nobisevicino
1244 478 1392 549 sapitipsa
1398 478 1518 534 miseria
1526 479 1627 551 deque
1633 479 1728 549 erepti
1740 493 1855 536 sumus.

127 568 183 622 rati
194 570 273 623 sunt.
283 565 451 621 Secundum
462 568 508 619 est
517 580 620 620 eorum
629 565 680 636 qui
690 569 757 635 post
764 565 886 621 vulnera
896 581 961 636 per-

127 655 203 711 iecte
214 657 284 709 sunt
292 654 396 709 senati.
409 654 540 708 Tertium
551 657 598 708 est
606 669 709 708 eorum
717 654 960 725 quibusobducta

127 745 247 816 quidem
257 747 327 797 sunt
336 743 470 811 vulnera,
481 746 509 796 et
519 743 617 797 tamen
625 743 721 797 adhuc
734 747 961 813 permanserunt

127 832 292 899 cicatrices,
309 831 339 885 id
354 834 401 886 est
415 830 573 886 vulnerum
590 831 687 902 signa.
703 831 844 902 Quartum
860 835 906 888 est
916 847 963 888 eo·

126 937 192 976 rum
207 922 237 974 in
251 920 362 992 quibus
377 920 441 991 ipsa
457 920 554 975 adhuc
569 920 693 975 vulnera
709 920 819 975 hiantia
837 925 916 992 sunt,
933 924 962 975 et

127 1011 254 1066 necdum
277 1009 385 1064 obduci
409 1012 571 1079 coeperunt.
598 1008 629 1064 Si
652 1009 744 1081 igitur
765 1009 961 1079 pervaluere

125 1102 247 1170 peccata
269 1098 472 1170 intelligimus,
498 1098 518 1151 ii
542 1098 592 1169 qui
616 1099 646 1151 in
673 1099 786 1169 peccati
811 1098 961 1153 desiderio

125 1190 307 1258 permanent,
324 1186 411 1257 quasi
423 1185 546 1240 vulnera
562 1189 662 1257 aperta
676 1186 794 1241 habent.
816 1185 872 1252 Qui
886 1202 959 1241 vero

126 1281 281 1348 peccatum
295 1275 445 1344 deserunt,
464 1278 492 1329 et
507 1278 605 1328 tamen
621 1274 718 1329 adhuc
743 1279 825 1329 reatu
848 1276 960 1345 peccati

127 1380 181 1435 per
196 1362 431 1419 satisiectionem
445 1363 531 1433 plene
547 1364 666 1435 purgati
680 1379 738 1418 non
755 1365 838 1433 sunt3
864 1365 895 1418 in
913 1365 961 1419 his

128 1453 215 1524 quasi
232 1453 367 1524 quaedam
382 1451 469 1523 signa
484 1452 640 1506 vulnerum
654 1456 890 1522 permanserunt.
906 1453 962 1518 Qui

125 1543 223 1595 autem
238 1544 306 1609 post
316 1541 617 1612 perpetratsscelerc,
634 1543 664 1595 et
674 1541 961 1611 peccandieffectum

1019 565 1054 620 Et
1069 566 1202 621 derelicti
1212 566 1370 638 aliquando
1385 567 1493 622 melius
1507 582 1561 638 per
1571 567 1793 623 tribulationem
1807 583 1854 646 co·

1017 655 1750 729 gnoscimus,quamstrictetenendasueratgrntia
1769 672 1855 728 quam

1017 743 1372 815 temporequietisminus
1381 744 1710 801 tortassisamabamus.
1719 746 1856 817 Propter·

1018 847 1054 886 ea
1067 833 1098 886 in
1112 831 1239 904 quodam
1254 831 1320 887 loco
1335 831 1487 904 Scriptura
1501 833 1666 889 admonens
1682 849 1739 889 nos
1759 834 1830 892 dicit
1845 854 1852 893 :

1020 919 1092 991 Fili,
1103 923 1134 976 in
1147 927 1279 993 tempore
1288 920 1431 977 malorum
1440 937 1477 977 ne
1485 922 1639 978 immemor
1646 923 1692 978 sis
1701 922 1854 996 bonornnr3

1023 1014 1053 1064 et
1067 1009 1098 1063 in
1113 1015 1246 1081 tempore
1259 1009 1402 1064 bonorum
1422 1025 1460 1065 ne
1479 1010 1632 1066 immemor
1649 1011 1695 1066 sis
1713 1012 1855 1068 malorum

1019 1096 1126 1168 (Eccli.
1144 1099 1199 1167 ιι).
1216 1098 1357 1153 Memoria
1372 1114 1498 1171 namque
1512 1099 1659 1154 bonorum
1674 1101 1706 1155 in
1719 1104 1851 1172 tempore

1018 1186 1218 1241 tribulationis
1234 1188 1363 1241 animum
1378 1202 1432 1257 per
1446 1203 1531 1257 spem
1545 1188 1643 1259 erigit;
1660 1191 1689 1242 et
1712 1190 1853 1245 memoria

1018 1275 1163 1330 malorum
1178 1276 1208 1329 in
1223 1279 1354 1346 tempore
1365 1266 1574 1346 prosperitatis
1583 1276 1620 1330 ad
1632 1277 1799 1333 custodiam
1810 1279 1855 1334 rui

1019 1365 1185 1419 cautionem
1198 1364 1277 1419 iacit.
1293 1364 1424 1435 Cumque
1440 1365 1553 1420 alterno
1569 1380 1676 1435 sapore
1692 1381 1727 1421 ae
1742 1370 1852 1422 utrum·

1019 1469 1077 1524 que
1089 1456 1318 1523 contempserat,
1334 1469 1389 1508 nec
1408 1453 1593 1508 adversistas
1607 1469 1661 1523 per
1670 1455 1854 1526 desperatio·

1019 1557 1087 1596 nem
1108 1540 1220 1613 dejicit,
1247 1556 1301 1596 nee
1316 1543 1500 1613 prosperitas
1515 1557 1569 1612 per
1587 1543 1705 1598 inanem
1724 1544 1853 1600 laetitiam

128 1629 279 1699 deserunt,
296 1632 325 1683 et
339 1633 452 1685 reatum
467 1631 580 1699 peccati
595 1629 681 1700 plena
698 1630 901 1685 satisfactione
913 1631 963 1686 ob·
1019 1633 1147 1685 mentem
1162 1629 1310 1685 dissolvit.
1330 1629 1406 1684 ilinc
1416 1630 1526 1701 populo
1542 1629 1635 1687 lsrael
1649 1648 1665 1686 a
1680 1631 1787 1704 Mopse
1804 1650 1854 1705 per

127 1716 248 1786 ducunt,
264 1717 354 1772 abiis
370 1718 457 1772 etiam
480 1718 545 1789 ipse
567 1719 723 1773 vulnerum
747 1719 874 1791 vestigia
896 1721 961 1773 dis·
1019 1718 1249 1789 increpationem
1273 1719 1404 1774 dicitur:
1429 1718 1510 1773 Gens
1530 1719 1641 1793 absque
1665 1721 1801 1788 consilio,
1826 1729 1853 1777 et

128 1808 294 1862 cesserunt.
311 1806 359 1862 Sic
374 1811 497 1862 sanctus
513 1811 575 1862 erat
590 1807 711 1878 Paulus,
734 1809 784 1880 qui
799 1812 867 1878 post
882 1812 960 1863 tanta
975 1781 1003 1846 Β
1019 1808 1086 1862 sine
1098 1808 1269 1878 prudentia.
1298 1807 1416 1861 Utinam
1432 1815 1583 1880 saperent,
1596 1814 1626 1864 et
1647 1810 1852 1883 intelligerent

125 1896 201 1950 mala
216 1896 332 1949 dicebat
349 1912 355 1950 :
373 1896 462 1951 Nitril
474 1896 549 1950 milri
563 1898 700 1951 conscius
715 1913 779 1951 sum
791 1897 819 1966 (I
827 1898 894 1953 Cor.
908 1899 958 1969 ιν).
1020 1912 1054 1951 ac
1065 1896 1227 1950 norissima
1234 1896 1433 1968 providerent
1444 1897 1455 1950 l
1465 1897 1563 1967 (Dent.
1573 1900 1680 1969 xxxn.)
1695 1897 1771 1964 Quia
1779 1900 1852 1956 enim

125 1983 199 2050 Quia
214 1985 352 2039 nimirum
365 1985 581 2055 prmteritorum
597 1987 752 2040 vulnerum
767 1987 796 2039 in
812 2001 845 2041 se
861 2002 897 2041 ne
921 1987 961 2040 si·
1020 2000 1074 2039 nec
1085 1984 1246 2055 praesentia
1255 1984 1306 2038 [lei
1314 1985 1459 2039 beneficia
1468 2000 1664 2058 cognoscere,
1675 2003 1732 2043 nec
1741 2004 1851 2061 suape-

125 2088 184 2145 gna
208 2073 328 2145 quidem
352 2075 487 2130 invenire
510 2079 633 2146 poterat,
657 2091 745 2146 quem
769 2077 805 2130 de
828 2079 962 2131 anteacta
1020 2073 1113 2127 ricula
1127 2072 1225 2127 lutura
1244 2072 1408 2143 praevidere
1424 2076 1568 2144 poteraut,
1586 2076 1675 2146 quasi
1692 2077 1852 2147 prudentia

126 2162 271 2234 pravitate
288 2163 471 2218 conscicntia
485 2178 544 2219 non
559 2165 729 2219 accusabat.
1020 2177 1158 2233 saporem
1173 2162 1202 2215 in
1218 2162 1324 2216 mentis
1340 2162 1435 2232 palato
1452 2178 1511 2218 non
1526 2162 1683 2220 habebant.

164 2253 228 2306 llos
245 2256 410 2324 sequuntur
424 2253 443 2307 ii
460 2255 521 2325 qui,
531 2257 560 2308 et
571 2253 597 2308 si
605 2255 694 2308 vitam
706 2254 961 2323 sinepeccutodn-
1058 2251 1305 2323 lluoigitnrsunt,
1315 2266 1382 2322 quae
1392 2251 1479 2307 nobis
1489 2255 1849 2326 sempersaperedebent,

127 2356 195 2397 cere
211 2346 370 2413 nequeunt,
388 2346 655 2414 nunqnamqtamen
680 2343 775 2413 culpae
799 2342 961 2397 criminalis
1022 2343 1051 2394 et
1065 2341 1140 2394 mala
1163 2339 1300 2395 videlicet
1322 2343 1423 2394 nostra
1439 2356 1505 2412 quae
1521 2341 1692 2413 evasimus,
1710 2347 1740 2399 ot
1765 2345 1853 2416 gratia

125 2430 235 2485 vulnus
243 2436 449 2501 perceperunt.
464 2431 593 2486 Primum
602 2446 698 2503 genus
708 2432 960 2503 estpeccantium,
1021 2429 1074 2484 Dei
1084 2444 1173 2501 quam
1187 2429 1340 2483 consecuti
1349 2444 1463 2483 sumus.
1475 2429 1559 2485 Mens
1568 2431 1676 2486 etenim
1692 2433 1785 2488 stulta
1794 2448 1853 2488 curn

127 2519 291 2575 secundum
303 2520 516 2590 poenitentium,
532 2519 650 2574 tortium
661 2535 763 2575 eorum
774 2520 824 2592 qni
836 2535 889 2591 per
899 2537 962 2591 poe-
1020 2517 1163 2572 malarum
1178 2517 1405 2571 delectationum
1420 2517 1551 2573 laborem
1566 2535 1626 2574 non
1634 2522 1780 2592 meminit,
1796 2536 1853 2577 eas·

126 2608 277 2664 nitentium
288 2612 358 2664 sunt
369 2608 504 2678 correcti,
516 2612 652 2679 quartum
661 2624 763 2663 eorum
772 2609 824 2680 qui
840 2624 895 2679 per
907 2609 962 2664 ini·
1021 2607 1087 2662 dem
1102 2606 1324 2677 delectationes,
1335 2607 1487 2679 siquando
1499 2608 1615 2678 pulsata
1629 2608 1720 2665 tuerit
1730 2610 1846 2666 tentatio

126 2698 267 2769 quitatem
276 2699 557 2766 nonsuntcorrupti.
567 2697 733 2753 Primisunt
743 2698 827 2769 aegri,
838 2699 962 2753 secundi
1021 2711 1068 2766 ne,
1083 2697 1190 2751 iterare
1206 2712 1265 2752 non
1280 2696 1516 2767 pertimescit30t
1530 2698 1781 2768 quemadmodum
1792 2716 1851 2756 mu·

126 2787 241 2842 suntad
252 2787 406 2841 sanitatem
418 2786 566 2856 conversi,
579 2787 654 2840 tertii
666 2790 736 2842 sunt
746 2787 851 2856 sanati,
866 2788 963 2858 quarti
1021 2785 1076 2840 lier
1084 2785 1295 2857 cumangustin
1303 2785 1436 2856 pariendi
1442 2786 1593 2858 premitur,
1605 2788 1854 2859 concupiscentie

126 2864 196 2931 sunt
211 2877 288 2931 sani.
307 2876 351 2930 Ex
366 2875 414 2930 llis
430 2876 503 2930 satis
519 2875 620 2948 colligi
630 2879 728 2947 potest
738 2877 841 2949 dequo
853 2892 963 2949 genere
1022 2874 1150 2928 carnalis
1165 2874 1390 2929 delectationem
1401 2875 1595 2947 abominatur,
1605 2876 1738 2932 sedcum
1746 2893 1852 2934 memo·

130 2964 282 3019 hominum
292 2965 348 3019 iste
357 2964 737 3036 sitquicicetricessnasad
745 2968 964 3037 corruptionem
1021 2964 1065 3017 ria
1080 2963 1217 3017 dolorisa
1232 2967 1328 3018 mente
1337 2964 1508 3034 recesserit,
1521 2965 1627 3018 iterum
1643 2966 1744 3020 carnis
1759 2966 1854 3022 illeoc-

127 3070 268 3109 reversas
283 3054 406 3127 plangit.
424 3054 572 3108 Poenitere
598 3056 677 3108 enim
690 3054 751 3126 jam
773 3059 911 3126 coeperat,
936 3060 965 3111 et
983 3052 1093 3164 ebrus
1109 3053 1303 3123 concupiscit,
1320 3056 1438 3123 totaque
1450 3053 1587 3108 aviditate
1602 3053 1639 3108 ad
1655 3069 1760 3111 earum
1774 3069 1856 3126 expe·

128 3143 695 3214 peccatumJ‘amvoluntatedeseruerat,
708 3145 761 3200 sed
777 3148 876 3200 reatus
891 3161 963 3216 pec·
1023 3142 1158 3196 rientiam
1167 3142 1287 3212 rapitur,
1298 3142 1366 3212 quia
1377 3142 1422 3195 eis
1430 3145 1558 3212 quantus
1567 3143 1714 3200 admistus
1720 3144 1855 3214 sitdolor,

129 3233 325 3288 catinondum
336 3233 432 3287 adhuc
441 3234 471 3286 in
482 3248 517 3287 eo
531 3233 617 3303 plene
625 3237 747 3287 sanatus
757 3238 829 3305 erat3
837 3235 965 3305 etprius-
1022 3246 1082 3285 non
1096 3231 1278 3285 recordatur.
1292 3230 1367 3283 Nam
1377 3230 1404 3284 si
1419 3230 1495 3285 bene
1512 3231 1662 3287 memoriae
1678 3237 1800 3303 superet
1814 3233 1856 3288 do

130 3338 218 3394 quam
233 3321 421 3392 pervenisset
435 3321 471 3375 ad
487 3322 633 3394 integram
648 3323 803 3378 sanitatem
818 3323 961 3393 vulneris,
1021 3320 1067 3374 lor
1082 3321 1156 3390 ipse,
1173 3320 1224 3390 qui
1235 3319 1341 3374 malam
1356 3319 1581 3375 delectationem
1590 3323 1739 3393 sequitur,
1750 3338 1855 3394 nequa·

130 3411 963 3482 corruptusestperiterationeminiquitatis.Underecte
1022 3408 1854 3480 quamitainirenismensadejusappetitumtraheretur.

129 3501 213 3570 prius
234 3500 351 3569 dicitur,
369 3504 559 3571 putruerunt,
581 3514 616 3553 ac
644 3500 750 3554 deinde
779 3499 961 3573 adjungitur,
1021 3497 1090 3568 lpsn
1104 3512 1222 3569 quoque
1232 3498 1326 3570 gratia
1336 3499 1466 3569 accepta,
1478 3499 1504 3552 si
1513 3499 1755 3571 animusabejus
1765 3516 1857 3556 recor·

130 3596 277 3662 corrupta·
292 3595 360 3644 sunt
372 3589 532 3644 cicatrices
541 3605 622 3654 mese,
636 3587 723 3643 Prius
730 3590 964 3660 enimprevade·
1022 3587 1139 3641 datione
1149 3603 1209 3641 non
1220 3586 1379 3657 desiperet,
1394 3586 1431 3641 ab
1441 3586 1551 3658 injuria
1561 3587 1726 3644 conditoris
1737 3590 1787 3644 vel
1796 3590 1857 3646 solo

132 3677 241 3734 sideria
252 3680 289 3733 ad
300 3678 567 3746 mentemredeunt,
578 3677 656 3731 etsie
665 3677 965 3748 quodammodocica·
1022 3677 1133 3747 pudore
1142 3692 1198 3730 nos
1210 3691 1349 3731 coercere
1358 3675 1589 3746 potuisset.Quia
1600 3677 1692 3749 igitur
1703 3678 1857 3735 cicatrices

130 3769 221 3825 trices
233 3768 369 3824 obductae
380 3767 505 3822 interius
515 3769 765 3837 computrescunt.
775 3766 962 3822 Deindevero
1022 3769 1211 3837 peccatorum
1226 3768 1395 3819 nostrorum
1409 3780 1596 3837 nequaquam
1616 3766 1806 3837 aperirentur
1825 3765 1857 3823 ad

131 3874 199 3913 cum
213 3857 350 3911 voluntas
366 3856 442 3910 mala
457 3871 552 3927 usquc
568 3855 605 3909 ad
620 3856 819 3926 operationem
837 3856 879 3911 ire
895 3873 964 3927 per·
1023 3858 1130 3924 actum,
1148 3854 1206 3908 nisi
1214 3854 1297 3924 prius
1306 3853 1477 3924 putrefactas
1488 3857 1592 3909 essent
1600 3869 1655 3925 per
1663 3855 1855 3924 desiderium,

131 3947 263 4015 mittitur,
283 3946 345 4017 jam
361 3946 435 4015 ipsoe
451 3945 606 3999 cicatrices
622 3944 707 4016 quasi
723 3960 761 3999 ex
781 3946 965 4015 superabnn·
1024 3958 1119 4014 neque
1135 3943 1194 3998 ullo
1210 3942 1296 3997 modo
1305 3958 1359 4013 per
1367 3958 1458 4013 prava
1466 3943 1616 3998 desideria
1624 3959 1711 3999 mens
1719 3945 1802 4000 intus
1809 3961 1857 4017 pu·

132 4035 212 4089 denti
220 4034 549 4103 saniecorrnmpuntur.
558 4034 653 4088 Causa
671 4037 965 4105 quoquecorruptio-
1023 4036 1177 4102 tresceret,
1194 4033 1288 4086 sinon
1302 4032 1859 4102 prinsmemoriaprmteritarummise·

131 4123 178 4178 nis
198 4122 372 4192 explanatur
388 4138 455 4177 cum
473 4122 581 4177 dicitur
600 4138 605 4178 :
625 4124 651 4177 A
683 4122 762 4177 facie
781 4124 966 4196 insipientius
1023 4122 1133 4177 riarum
1142 4137 1274 4191 suarum,
1282 4125 1310 4176 et
1318 4120 1622 4190 praescntisbeneficii
1632 4121 1860 4180 Deiconsidera

132 4227 214 4267 aree.
227 4212 375 4281 Sapiensa
385 4211 651 4281 sapiendodicitur,
661 4227 720 4267 non
729 4213 965 4285 illequisepores
1023 4211 1102 4265 tione
1118 4211 1310 4281 desipuisses
1319 4210 1440 4282 plangat
1454 4210 1510 4265 iste
1519 4211 1823 4281 insipientiamsunm
1836 4215 1860 4268 et

131 4301 227 4374 palato
237 4301 298 4355 oris
309 4300 444 4371 percipit,
457 4301 511 4354 sed
531 4299 595 4371 ille,
615 4301 665 4372 qui
685 4302 837 4356 veritatem
852 4301 966 4374 judicio
1025 4300 1118 4354 dicat:
1129 4300 1316 4354 Putrueruut
1328 4306 1357 4354 et
1369 4300 1860 4371 corruptassunteicatricesmeer

132 4392 239 4447 mentis
247 4389 469 4459 comprehendit
479 4405 486 4459 3
496 4391 667 4444 undeetiam
675 4406 736 4461 cor,
746 4392 825 4463 quod
833 4393 966 4448 veritatis
981 4413 1009 4478 D
1025 4388 1103 4443 facie
1118 4389 1303 4461 insipientie
1312 4404 1396 4443 meoe.
1409 4388 1467 4443 Sed
1480 4389 1552 4444 libet
1564 4388 1661 4444 adhuc
1671 4391 1859 4447 considerare

133 4496 242 4551 expers
249 4484 306 4545 est,
315 4479 729 4549 nonabsurdcinsipiensdici
735 4484 841 4550 potest.
854 4481 966 4536 Notan-
1026 4493 1117 4549 quere
1131 4493 1190 4532 non
1206 4477 1380 4548 simpliciter
1392 4477 1466 4531 dixit
1482 4477 1520 4532 ab
1537 4477 1708 4549 insipientia
1725 4496 1802 4551 mea,
1818 4478 1860 4535 vel

132 4573 201 4627 dum
217 4587 289 4627 vero
305 4569 445 4641 estquod
461 4585 521 4623 non
534 4568 674 4640 quaslibet
688 4570 822 4624 veritatis
837 4571 966 4642 cognitio
1026 4571 1147 4638 propter
1159 4567 1359 4637 insipientiam
1377 4583 1482 4636 meam,
1498 4567 1584 4622 seda
1603 4566 1665 4622 teci
1679 4569 1861 4641 insipientia

132 4663 252 4732 proprie
264 4661 409 4731 sapientia
420 4658 537 4727 dicitur,
550 4658 609 4712 nisi
625 4657 674 4711 illa
685 4674 751 4728 quae
763 4675 821 4713 non
838 4658 902 4714 solo
917 4675 968 4715 au·
1025 4660 1247 4726 meae,utrnmne
1263 4656 1380 4727 aliquid
1397 4655 1484 4711 nobis
1493 4656 1550 4710 ista
1564 4655 1733 4727 adjectione
1743 4658 1861 4732 signare

134 4751 206 4821 nitu,
217 4751 270 4805 sed
280 4747 761 4821 peripsamexperientiamrerum
771 4750 967 4818 comparetur.
1026 4747 1161 4801 voluerit.
1176 4746 1296 4800 Primun
1311 4747 1376 4815 ipse
1392 4744 1497 4799 modus
1513 4745 1655 4816 loquendi
1671 4746 1861 4802 consideran·

136 4838 322 4893 Familiarius
333 4839 411 4892 enim
425 4837 641 4909 quodammodo
653 4839 740 4909 atque
751 4837 912 4907 perfectius
922 4853 970 4892 ex·
1026 4837 1082 4891 dus
1098 4840 1161 4905 est3
1178 4835 1246 4906 quia
1261 4850 1342 4905 saepe
1358 4834 1388 4890 in
1397 4834 1497 4889 divino
1506 4833 1625 4907 eloquio
1634 4834 1745 4890 similis
1756 4836 1861 4907 positio

135 4927 698 4999 perta,quamauditacognoscimus,et
711 4926 909 4999 cognitionem
920 4942 970 4982 ve·
1026 4925 1184 4993 invenitur,
1197 4941 1265 4979 eum
1280 4924 1396 4993 dicitur,
1413 4939 1429 4977 a
1446 4923 1525 4978 tacte
1539 4924 1673 4993 Domine,
1690 4924 1740 4979 vel
1756 4942 1773 4980 a
1788 4926 1862 4982 facie

138 5015 232 5071 ritatis
249 5031 336 5087 qnam
351 5015 381 5069 in
397 5017 485 5071 nobis
500 5017 633 5072 doctrina
656 5016 775 5071 inchoat
789 5016 970 5086 experientia
1026 5014 1403 5086 ininrici(l'sal.xmn):sive
1412 5013 1592 5085 etiam,quod
1601 5013 1698 5086 magis
1708 5014 1862 5071 obsturnm

136 5106 331 5159 consummat.
341 5102 607 5173 lpsaetiamrerum
618 5106 852 5160 docentenatura
868 5105 971 5160 didici·
1028 5107 1083 5173 est,
1101 5119 1167 5158 cum
1183 5103 1218 5157 de
1234 5102 1326 5158 rebus
1343 5102 1470 5157 humana
1484 5102 1660 5174 figuratione
1679 5104 1861 5174 carentibus,

135 5193 297 5267 mus,quod
306 5192 970 5266 cujuslibetreiqualitatcmperlectiuspersui
1028 5194 1181 5263 corporeis
1194 5191 1501 5263 nonnunquametiam
1516 5189 1702 5263 incorporeis
1710 5192 1862 5264 egitania·

140 5283 279 5341 contrarii
303 5281 514 5353 experientiam
541 5281 721 5353 judicamus,
749 5283 818 5356 quia
841 5286 869 5339 et
894 5283 971 5339 bona
1029 5282 1090 5339 cies
1106 5285 1286 5338 memoratur
1300 5298 1367 5354 qnae
1381 5280 1412 5335 in
1422 5297 1480 5336 usu
1494 5281 1635 5354 loquendi
1646 5296 1727 5337 nunc
1741 5282 1860 5339 minime

136 5374 277 5449 quaelibet
292 5376 361 5428 tunc
375 5371 548 5443 jucundius,
560 5371 802 5429 etdelectabilius
821 5373 971 5445 amplecti·
1028 5387 1098 5428 esse
1109 5369 1728 5446 cognoscitur,tunctunenmissedubium
1739 5376 1863 5445 nonest,

136 5461 491 5536 mur,cumpostlongam
499 5460 969 5536 miseriamfatigatirespiramus.
1028 5463 1107 5536 quod
1118 5463 1191 5518 satis
1208 5479 1246 5519 ex
1260 5467 1319 5516 tarn
1333 5461 1481 5536 frequenti
1489 5460 1708 5534 Scripturarum
1715 5462 1864 5535 positione

139 5555 344 5629 llincquoque
355 5551 490 5626 estquod
501 5549 797 5608 Deimisericordiam
813 5555 894 5611 tanto
911 5569 972 5610 am·
1030 5552 1131 5629 colligi
1141 5556 1248 5627 potest.
1266 5550 1340 5620 Quia
1355 5551 1435 5610 enim
1444 5551 1555 5626 ubique
1571 5553 1744 5610 occurentis
1759 5551 1865 5612 taciem

137 5647 217 5727 plius
227 5648 257 5708 io
268 5651 369 5711 nostra
377 5645 551 5706 liberatione
560 5645 711 5723 diligimus
724 5663 731 5707 :
743 5651 852 5722 quanto
863 5647 970 5725 magis.
1029 5648 1178 5705 declinare
1193 5661 1253 5705 non
1266 5660 1441 5720 possumus,
1457 5660 1589 5723 congrue
1604 5645 1635 5704 in
1649 5643 1806 5723 Scriptura
1814 5660 1867 5726 per
