3796 6022
46 97 108 173 261
445 102 788 176 EXOEHPTlONUM
816 104 1017 177 PRIORUM
1044 100 1173 177 LIBER
1193 102 1403 180 OCTAVUS.
1722 114 1782 180 262

49 328 110 368 non
127 311 240 382 solun,
256 311 377 384 signum
396 314 495 368 erucis
515 314 618 384 praelio
638 314 734 385 dedit,
755 330 789 369 ac
810 331 844 370 se
861 314 890 369 ia
905 293 934 356 Α
948 315 1040 369 cessit
1065 314 1272 385 hthanulphus
1290 314 1358 387 ejus
1378 315 1574 388 propinquus,
1597 315 1648 388 qni
1672 317 1781 388 etipse

48 400 278 490 bellurn,·etiam
295 401 320 454 si
341 416 428 456 nemo
450 406 635 473 sequeretur,
659 402 754 458 victor
770 403 890 458 immisit
950 403 1073 458 Romam
1089 403 1202 474 irrupit.
1220 404 1250 456 ln
1267 419 1325 474 qun
1341 402 1502 474 irruptione
1518 403 1678 459 Placidiam
1688 405 1783 460 Theo-

50 491 183 545 iutnrus.
201 490 298 545 Prima
310 491 414 544 salutis
431 492 477 544 via
488 493 600 546 exstitit
616 492 890 547 Arbitiolrostilium
948 491 1024 546 dosii
1042 492 1149 559 filinm3
1166 493 1283 546 Arcadii
1299 495 1327 546 et
1346 492 1468 546 Honorii
1489 508 1673 564 germanum,
1691 493 1784 565 capti-

49 581 180 650 partium
205 594 317 633 comes.
343 577 397 644 Qui
427 597 493 633 cum
522 581 657 651 ignarum
683 581 890 651 imperatorem
948 596 1016 634 vam
1038 580 1170 650 abduxit,
1196 584 1224 634 et
1249 596 1312 634 eam
1339 581 1395 634 sibi
1418 582 1603 636 matrimonio
1625 581 1783 652 copulavit.

51 668 454 738 circumpositisexcepisset
465 669 592 736 insidiis,
609 685 774 725 conversus
790 671 825 724 ad
842 687 891 725 re·
949 668 1031 734 Quod
1055 668 1242 739 postmodum
1268 668 1438 738 reipublicae
1462 669 1546 723 valde
1566 669 1686 740 protuit.
1709 671 1785 725 Nam

51 755 218 810 verentium
233 757 391 825 praesentis
404 758 541 828 Augusti,
555 773 621 811 eum
633 774 691 812 non
703 760 800 814 solum
811 761 891 831 peri·
949 756 1027 812 idem
1050 757 1256 827 htlranulphus
1277 758 1350 810 satis
1372 757 1488 811 demum
1508 758 1633 812 fideliter
1647 760 1785 830 Augusto

53 846 121 899 culo
133 845 280 908 liberavit,
293 861 396 899 verum
408 846 494 899 etiam
506 846 645 901 instruxit
660 849 781 902 auxilio.
795 849 830 903 ht
841 850 892 902 ubi
951 846 1082 900 Honorio
1105 845 1249 901 militavit.
1273 845 1419 898 Arcadius
1439 862 1510 900 vero
1529 848 1686 916 imperator
1701 850 1785 917 post·

52 935 88 988 ad
100 933 414 1005 contignamiseendoe
424 948 533 1005 pugnae
549 936 642 1004 spatia
654 940 891 1006 perventumest,
950 951 1038 1006 quam
1054 951 1120 987 cam
1136 937 1217 1004 patre
1233 933 1402 988 Theodosio
1418 934 1558 989 tredecim
1570 935 1667 1005 annis,
1679 938 1706 990 et
1718 951 1785 990 cum

53 1038 185 1093 magnus
202 1022 289 1075 turbo
309 1025 463 1076 ventorum
480 1022 508 1076 in
530 1038 580 1077 ora
596 1023 726 1078 hostium
741 1025 834 1093 irruit,
853 1026 893 1080 ie·
952 1022 1041 1077 fratre
1067 1023 1199 1077 Honorio
1229 1021 1451 1092 quatuordecim
1472 1023 1657 1094 imperasset,
1683 1022 1785 1079 relicto

52 1111 257 1180 rebanturque
272 1124 326 1180 per
341 1126 439 1164 eorem
465 1111 579 1181 spicula
602 1115 782 1182 nostrorum,
806 1118 893 1186 atque
951 1111 1119 1166 Theodosio
1142 1115 1208 1166 orto
1231 1126 1375 1164 annorum
1397 1110 1457 1164 salio
1479 1110 1636 1166 defunctus
1651 1116 1706 1167 est.
1724 1110 1785 1168 Sub

53 1199 132 1253 ultra
147 1214 318 1253 mensuram
341 1199 460 1253 humani
483 1200 559 1254 irtus
575 1216 628 1270 per
644 1202 729 1257 inane
745 1203 895 1273 deportata
952 1197 1010 1271 quo
1035 1204 1096 1256 orta
1122 1203 1168 1254 est
1188 1198 1315 1254 haeresis
1338 1198 1640 1270 Priscillianistarum,
1663 1216 1721 1271 qua
1736 1202 1788 1272 qui

54 1303 206 1360 nusquam
215 1288 332 1356 cadere,
348 1288 522 1360 priusquam
533 1290 740 1362 impingerent,
753 1292 894 1346 sinebam·
952 1289 1151 1358 involvuntur,
1168 1291 1303 1343 astruere
1319 1291 1462 1342 conantur
1477 1286 1615 1343 tatalibus
1630 1289 1725 1344 stellis
1735 1289 1788 1344 ho·

53 1384 119 1443 tnr;
141 1381 170 1430 et
193 1392 261 1447 quae
286 1377 343 1447 ipsi
363 1377 554 1432 vehementer
573 1379 753 1433 intorserant
773 1384 895 1450 excepta
952 1379 1047 1432 mines
1057 1377 1223 1448 colligatos.
1238 1377 1663 1448 Pelagianaquoquelroeresis,
1672 1379 1787 1450 quaqui

55 1468 138 1521 venti
157 1467 266 1536 impetu
287 1466 421 1535 supinata
442 1470 617 1535 retrorsum,
641 1469 724 1537 ipsos
741 1469 898 1524 infeliciter
952 1467 1132 1538 polluuntur,
1150 1467 1304 1521 destruere
1317 1469 1460 1520 conantur
1471 1466 1619 1521 orationes
1633 1482 1708 1539 quas
1719 1466 1790 1523 lacit

55 1555 258 1626 contigebant.
281 1553 437 1624 Prospexit
460 1557 558 1626 itaqrre
580 1552 638 1610 sibi
666 1557 800 1612 hurnanae
824 1574 896 1611 eon·
953 1555 1086 1609 Ecclesia
1103 1572 1156 1624 pro
1173 1554 1321 1608 fidelibus

56 1645 195 1698 scientiae
210 1659 312 1713 pavor.
325 1643 398 1696 Nam
417 1645 555 1697 continuo
571 1660 651 1712 sese,
668 1662 759 1715 parva
774 1662 897 1702 suorum
955 1663 1024 1717 (Ἀρ,
1043 1662 1080 1716 χ,
1097 1662 1141 1715 00
1155 1660 1286 1716 Honorio
1301 1667 1330 1716 οι
1354 1660 1647 1733 Tppfflyosjojmpm
1662 1661 1789 1735 impera.

55 1750 148 1787 manu
170 1733 246 1800 tusa,
272 1731 377 1786 victori
403 1732 571 1786 Theodosio
596 1733 714 1788 hostilis
738 1736 898 1806 prostravit
1309 1732 1434 1787 toribus.

57 1819 829 1892 exercitus,Eugeniusquecaptusntqneintcrleetus
840 1828 895 1878 est.
992 1820 1142 1875 Honorius
1159 1820 1250 1892 igitur
1263 1821 1422 1891 imperator
1437 1821 1563 1876 Arcadio
1578 1821 1717 1877 defuncte
1733 1823 1790 1877 im·

56 1910 247 1981 ,ar—tmgastea
261 1924 334 1962 vero
351 1925 405 1962 sua
422 1924 491 1962 sese
509 1926 595 1963 marm
612 1911 771 1980 percussit.
789 1912 897 1983 Sieqne
956 1910 1068 1980 paravit
1078 1910 1165 1964 {anuis
1178 1909 1329 1965 sexdecim
1342 1926 1408 1964 cum
1418 1909 1586 1964 Theodosio
1598 1915 1703 1980 nepote
1711 1926 1789 1982 su03

56 2000 167 2053 horum
182 1998 308 2051 duorum
330 1999 475 2069 sanguine
491 1997 601 2052 bellum
620 1999 705 2053 civile
725 2001 899 2055 restinctum
957 1999 1010 2053 sed
1026 1998 1186 2066 llonoriuS,
1203 1997 1349 2069 siouty'am
1365 1998 1475 2052 dictum
1489 2003 1545 2067 est,
1557 2002 1656 2068 partes
1668 1999 1792 2072 regebat

55 2091 114 2143 est.
133 2087 266 2157 Denique
283 2085 476 2140 fidelissimus
486 2087 646 2156 imperator
657 2091 756 2142 contra
767 2104 899 2144 errorem
958 2087 1122 2157 Hesperiae,
1134 2086 1303 2141 Theodosio
1313 2103 1384 2142 vero
1396 2086 1514 2141 Arcadii
1524 2087 1584 2142 lilio
1595 2087 1792 2159 subjacebant

55 2175 217 2249 gentilium
235 2176 408 2245 insurgens,
427 2191 494 2229 eum
515 2174 647 2230 funditus
663 2179 797 2233 evertere
811 2194 899 2234 eura·
957 2174 1115 2232 orientales
1136 2176 1307 2246 provinciae.
1327 2175 1419 2230 Porro
1436 2175 1643 2246 Athanulphus
1662 2192 1718 2232 rex
1731 2162 1799 2234 Goss

55 2266 109 2320 vit.
128 2264 211 2336 Lege
227 2264 317 2335 igitur
331 2263 385 2316 lata
402 2265 544 2335 precepit
554 2264 699 2319 idolorum
711 2266 817 2338 templa
835 2268 899 2324 solo
956 2266 1084 2335 thorum,
1097 2265 1282 2337 eujussupra
1294 2264 1790 2337 meminimusapudllareinonam,

56 2358 148 2410 wnus
164 2352 268 2407 everti.
286 2352 362 2407 Nam
377 2367 473 2425 usque
489 2353 526 2406 ad
541 2353 608 2424 eyes
627 2357 760 2426 tempora
779 2357 816 2412 ad
832 2373 899 2412 aras
959 2355 1109 2426 Hispaniae
1126 2353 1239 2423 urbem,
1257 2353 1324 2409 dolo
1340 2369 1462 2408 suorum
1477 2354 1597 2409 occisus
1613 2357 1669 2426 eet,
1687 2353 1794 2412 euiSe⁴

57 2443 208 2499 idolorum
230 2442 310 2513 ignis
334 2442 562 2512 accendebatur,
592 2447 621 2498 et
650 2443 790 2499 libamina
814 2449 900 2518 atque
957 2445 1079 2515 gericus
1090 2443 1416 2514 successit,quipacem
1430 2444 1568 2513 optimam
1578 2459 1645 2498 oum
1656 2443 1787 2501 Honorio

58 2531 210 2587 sacrificia
226 2529 434 2585 offerebantur.
445 2530 503 2584 Sed
518 2530 582 2586 baec
599 2547 685 2587 omna
701 2533 899 2605 Theodosius,
957 2532 1132 2602 imperatore
1149 2532 1312 2603 constituit,
1336 2534 1365 2586 et
1385 2532 1543 2587 l'lacidiam
1567 2532 1635 2604 ejus
1658 2549 1794 2590 sororem

58 2620 229 2676 catholicus
245 2620 413 2689 imperator,
430 2618 596 2691 exstirpare
615 2622 757 2677 radicitus
772 2624 901 2694 impera·
959 2637 1061 2676 secum
1073 2620 1197 2675 honeste
1209 2620 1338 2675 habitam
1348 2621 1373 2675 ei
1386 2621 1523 2676 restituit.
1536 2622 1687 2679 Honorius
1697 2626 1796 2679 autem

58 2711 111 2780 vit,
128 2708 241 2778 evellit,
259 2708 401 2779 corripuit
415 2712 444 2762 et
460 2710 676 2766 condemnavit.
694 2712 788 2767 Porro
803 2713 902 2770 Theo·
959 2710 1038 2764 illam
1052 2710 1244 2765 Constantino
1260 2709 1358 2764 comiti
1374 2709 1578 2781 desponsavit,
1591 2715 1619 2765 et
1634 2728 1701 2767 eum
1716 2711 1794 2783 apud

60 2799 169 2855 deeius
199 2798 357 2868 imperator
379 2799 455 2852 bene
478 2797 539 2869 jam
564 2801 720 2872 tranquilla
750 2803 902 2873 republica
961 2801 1131 2855 Ravennam
1147 2798 1352 2873 imperatorem
1373 2800 1527 2854 ordinavit.
1541 2800 1595 2854 His
1606 2816 1677 2856 vero
1689 2800 1796 2857 diebus

60 2888 141 2960 apud
163 2886 361 2941 Mediolanum
385 2887 592 2958 egritudinem
617 2889 749 2947 incurrit.
774 2889 835 2955 Qua
854 2891 901 2946 iu·
919 2922 946 2987 c
961 2887 1796 2961 Lucienovenerabilipresbyterorevelatumcsteorpue

61 2980 262 3050 gravescente
280 2977 407 3047 quietem
421 2977 563 3030 naturalis
580 2978 683 3033 mortis
699 2980 810 3034 invenit
824 2996 901 3035 enno
961 2977 1183 3050 protomartyris
1201 2976 1351 3046 Stephani.
1374 2976 1486 3031 Flornil
1508 2992 1625 3048 quoque
1645 2992 1699 3048 per
1718 2979 1797 3034 idem

60 3067 150 3139 regni
166 3067 213 3120 sui
232 3065 346 3120 decimo
363 3067 463 3134 sexto,
480 3067 548 3120 vitae
567 3082 638 3121 vero
655 3084 717 3122 suae
733 3069 901 3141 quadrage-

61 3159 151 3211 simo.
164 3154 277 3210 Floruit
287 3169 342 3223 per
351 3154 427 3208 idem
439 3158 554 3225 tempus
568 3155 767 3227 Hieronymus
778 3159 901 3230 presby-

61 3250 116 3314 ter,
134 3249 204 3315 post
219 3244 405 3314 septuaginta
421 3243 528 3297 divinae
543 3245 619 3316 legis
636 3245 792 3317 interpres.

115 3352 190 3407 Gne.
203 3350 255 3404 lX.
268 3349 312 3404 De
322 3350 454 3404 Arcadio
466 3356 495 3405 et
505 3338 637 3407 Hermrio
648 3352 847 3426 principibus.

99 3458 250 3513 Arcadius
276 3456 434 3526 imperator
458 3456 627 3512 Theodosio
651 3462 733 3528 patre
751 3460 901 3530 defuneto,

64 3549 177 3622 potitus
198 3547 322 3616 imperio
343 3561 409 3599 eum
426 3544 558 3599 Honorio
574 3546 662 3601 fratrc
678 3563 733 3602 suo
749 3549 903 3619 imperavit

65 3638 155 3693 annis
168 3634 322 3690 tredecim.
340 3633 449 3688 l'erum
466 3635 612 3690 Arcadius
624 3636 785 3706 imperabat
796 3637 903 3709 inpar-

65 3728 148 3782 tibus
165 3723 307 3794 Orientis,
325 3725 353 3777 et
365 3723 514 3776 Honorius
530 3725 559 3777 in
575 3725 709 3794 partibus
724 3726 902 3781 Occidentis.

68 3815 233 3885 Utriusque
249 3816 345 3867 tamen
358 3828 427 3866 cura
443 3811 540 3882 palatii
557 3813 674 3868 duobus
689 3815 904 3885 potentissimis

67 3905 141 3959 viris
162 3902 273 3956 credita
297 3902 442 3970 manebat,
463 3901 569 3956 llusrno
594 3906 622 3956 et
643 3903 787 3958 Stilieoni.
812 3905 905 3958 Porro

68 3993 190 4060 milites,
216 3991 265 4062 qui
289 3994 391 4045 contre
413 3990 579 4062 Eugenium
609 3996 765 4062 tyrannum
787 3993 905 4048 vivente

68 4081 240 4137 Theodosio
249 4080 424 4151 imperatore
433 4079 556 4149 profecti
570 4079 695 4151 lucrant,
708 4097 773 4136 cum
784 4082 906 4151 prelato

70 4169 319 4239 Rufinoprincipe
328 4168 612 4238 Constantinopolim
631 4172 744 4223 reversi
757 4170 907 4235 suntQui·

961 3071 1077 3136 tempus
1093 3065 1279 3136 Augustinus
1300 3065 1502 3137 Hipponensis
1517 3065 1661 3122 Ecclesiae
1676 3067 1796 3139 episeo-

961 3171 1027 3226 puS,
1038 3154 1793 3225 doctorqueegregiusl'erumHonoriustransaetis

962 3246 1064 3299 decem
1075 3245 1172 3312 annis,
1189 3243 1298 3313 quibus
1315 3259 1381 3297 curn
1392 3244 1519 3298 Arcadio
1531 3245 1619 3299 hatra
1631 3261 1686 3301 suo
1702 3247 1797 3318 impe·

963 3336 1088 3400 rever-et,
1105 3331 1393 3403 etaliisquindecim‚
1404 3333 1514 3403 quibus
1523 3332 1718 3403 imperaverat
1728 3351 1795 3390 cnm

962 3421 1131 3477 Theodosio
1141 3424 1246 3490 nepote
1257 3437 1312 3475 suo
1323 3421 1414 3476 rebus
1429 3421 1565 3476 humanis
1577 3423 1718 3478 excessit.
1734 3426 1797 3489 Quo

963 3510 1799 3581 deiuncto,toanrresquidamtyrannusllesperioeiuvosit

964 3600 1128 3670 imperium.
1141 3598 1199 3653 Sed
1209 3599 1492 3669 huneArdaburcus
1503 3600 1655 3670 patricius,
1668 3616 1684 3654 a
1699 3600 1798 3655 Theo·

964 3689 1048 3743 doeio
1060 3690 1182 3756 missus,
1191 3689 1265 3741 intra
1274 3688 1796 3760 Ravennaminterfecithssumpsit-

964 3794 1021 3850 que
1036 3777 1224 3832 Theodosius
1241 3776 1475 3831 Valentinianum
1485 3793 1609 3847 puerum
1619 3778 1798 3848 supradictae

966 3867 1114 3936 i’lacidiae,
1135 3869 1164 3919 ct
1187 3866 1370 3920 Constantini
1386 3866 1489 3936 filium,
1511 3870 1539 3920 et
1555 3867 1706 3921 coronavit
1721 3882 1799 3936 eum,

966 3962 1077 4012 etcum
1098 3957 1189 4009 matre
1211 3970 1265 4009 sua
1288 3954 1418 4009 Placidia
1437 3956 1472 4009 nd
1499 3955 1609 4009 ltaliam
1631 3955 1800 4027 destinavit,

966 4047 1107 4116 illumque
1118 4044 1334 4113 imperatorem,
1344 4047 1372 4098 et
1384 4043 1543 4098 Placidiam
1558 4045 1727 4117 designavit
1735 4045 1799 4100 hu-

966 4138 1094 4207 gustam.
1688 4196 1705 4227 4

69 4259 206 4314 husdnrn
214 4257 378 4312 secundum
386 4257 632 4311 consuetudinem
643 4258 677 4311 ad
690 4263 790 4329 portas
805 4275 907 4314 occur·
925 4241 951 4302 D
988 4241 1057 4295 CM'·
1077 4238 1128 4294 xl·
1148 4238 1191 4292 ⁰⁰
1211 4237 1504 4320 7⁹¹¹0⁰d⁰5¹¹⁰l³¹¹¹¹⁸0r⁰
1520 4245 1548 4292 Ν
1571 4239 1776 4294 γ”ῙΡΜῘΠῘθΜ

70 4350 161 4403 risset
177 4349 347 4417 imperator,
365 4346 461 4399 statim
478 4345 586 4399 milites
601 4348 756 4416 praelatum
770 4349 908 4403 llrrdnnm

71 4438 302 4502 interemeruat3
331 4436 393 4488 erat
422 4434 500 4487 enim
531 4439 691 4505 suspectus
719 4436 907 4507 imperatori,

71 4526 156 4598 quasi
176 4526 227 4596 qui
243 4523 429 4595 tyrannidem
445 4528 548 4594 posset
564 4541 728 4580 assruncre.
746 4526 909 4580 l‘raciectus

71 4619 168 4669 autem
193 4613 296 4668 Stilieo
321 4628 422 4666 cemes
447 4613 570 4679 tlothns,
596 4615 716 4682 hlancs,
748 4614 908 4684 laudaiae,

72 4710 159 4776 atque
171 4702 402 4773 Burgundiones
412 4703 441 4755 in
452 4704 704 4757 ormasollicitans
713 4703 821 4758 Gallias
832 4703 911 4760 hello

72 4794 194 4864 pulsare
206 4791 303 4861 erepit,
312 4807 438 4860 sperans
451 4791 507 4845 suh
517 4793 570 4846 lmc
583 4793 761 4846 necessitate
772 4791 912 4847 Eleuthe-

73 4885 116 4937 rio
147 4881 210 4936 tiiin
233 4896 289 4933 suo
308 4895 400 4950 posse
423 4881 586 4935 Romanum
607 4881 762 4951 imperium
786 4881 910 4936 tradere.

73 4971 156 5037 Quod
176 4969 225 5024 ubi
246 4969 418 5039 imperatori
434 4969 567 5024 Honorio
578 4970 756 5040 patefactum
771 4974 826 5038 est,
844 4969 913 5040 jus-

74 5063 111 5116 sit
128 5075 199 5114 eum
211 5057 348 5112 interfici.
365 5056 491 5111 Occisus
503 5061 549 5112 est
564 5073 681 5129 qaroque
696 5059 725 5112 in
737 5057 796 5112 illis
807 5057 913 5113 dicbus

73 5148 268 5205 Eleutherius
290 5147 371 5201 tilius
391 5146 468 5218 ejus.
493 5148 547 5201 llis
570 5147 668 5218 itaque
682 5147 841 5202 transactis
860 5163 915 5202 rex

74 5237 241 5296 Gothorum
268 5237 392 5292 Romam
417 5236 544 5305 obsedit,
571 5239 598 5292 et
624 5237 719 5308 caepit,
743 5236 810 5292 dato
830 5237 914 5308 prius

73 5332 237 5404 proeeepto,
250 5329 281 5382 nt
297 5325 386 5398 siqui
400 5324 430 5380 in
444 5325 510 5381 toea
524 5327 625 5379 saneta
642 5325 860 5398 confugissent,
877 5325 915 5380 li·

75 5420 139 5477 beri
163 5422 194 5475 et
215 5415 351 5474 inviolati
373 5416 578 5487 persisterent.
604 5415 640 5470 Et
661 5430 720 5471 uon
742 5414 833 5472 multo
848 5417 916 5488 post

77 5510 227 5583 Alaricus,
239 5504 291 5595 qni
303 5507 332 5567 et
346 5504 534 5564 Athalaricns
544 5504 701 5565 defunctus
712 5507 768 5566 cst.
781 5503 834 5564 Cui
843 5520 915 5564 sue·

1287 4310 1486 4381 principibus,

1003 4419 1191 4473 Theodosius
1206 4417 1298 4488 igitur
1303 4415 1404 4486 junior
1419 4417 1572 4486 imperavit
1588 4433 1654 4471 rum
1671 4415 1802 4472 Valenti·

968 4509 1056 4564 niano
1067 4506 1266 4577 annisviginti
1277 4521 1345 4558 arno,
1354 4505 1410 4558 Per
1421 4505 1497 4558 idem
1507 4509 1703 4578 tempnsgens
1711 4506 1804 4561 Saxo·

969 4613 1037 4651 num
1049 4597 1085 4649 ad
1102 4595 1281 4649 Britanniam
1296 4593 1391 4647 tribus
1402 4593 1502 4664 longis
1516 4596 1642 4651 navibus
1651 4595 1802 4669 applicuit,
1870 4634 1891 4652 .

970 4688 1101 4741 ettotam
1117 4699 1190 4754 pene
1214 4681 1341 4735 insulam
1357 4682 1393 4734 ab
1410 4683 1543 4737 orientali
1560 4687 1641 4753 parte
1656 4701 1751 4756 usque
1767 4685 1805 4741 ad

971 4773 1181 4830 occidentalem
1193 4771 1357 4840 occupavit.
1375 4771 1456 4825 Tune
1472 4772 1557 4827 etiam
1569 4774 1707 4844 qrroaiam
1719 4774 1805 4830 Pela·

970 4865 1057 4936 glana
1073 4861 1199 4916 haeresis
1224 4861 1388 4930 anglorum
1404 4861 1600 4916 nraculaveral
1617 4863 1714 4934 tidem,
1735 4864 1806 4919 Gal-

971 4953 1058 5008 licani
1073 4949 1205 5022 episcopi
1221 4950 1400 5004 Germanum
1416 4951 1697 5023 hirtissiodoretum,
1708 4956 1737 5009 et
1748 4953 1805 5009 Lu·

972 5058 1040 5114 pum
1056 5039 1321 5095 Trcrassionorum
1341 5040 1476 5111 insignes
1497 5041 1656 5112 episcopos
1671 5043 1709 5097 ad
1724 5057 1806 5098 eam-

972 5132 1038 5185 dem
1050 5128 1419 5199 heeresimexstirpandam
1433 5129 1614 5185 direxerunt.
1631 5129 1673 5185 Bo
1688 5145 1806 5203 quoque

972 5218 1254 5290 temporeEudoxia,
1262 5218 1422 5273 Theodosii
1434 5218 1503 5288 fllia,
1512 5218 1707 5275 Valentiniani
1718 5234 1804 5291 uxor,

973 5309 1144 5380 imperatrix
1158 5308 1254 5363 attulit
1268 5312 1398 5377 catenas,
1413 5307 1522 5378 quihus
1539 5308 1686 5380 quondam
1699 5308 1737 5364 ab
1749 5307 1808 5364 He-

973 5401 1046 5458 rode
1061 5402 1183 5455 sanctus
1202 5398 1305 5452 Petrus
1320 5397 1430 5471 ligatus
1445 5398 1509 5453 tuit.
1529 5398 1584 5453 His
1599 5397 1687 5452 etiam
1701 5396 1807 5454 diebus

975 5490 1005 5552 in
1019 5489 1094 5550 urbe
1104 5486 1425 5564 Constantinopolitano
1435 5486 1822 5564 quidamepisaopnassla·=
