3796 6022
598 231 823 303 SERMONES
843 234 1032 303 CENTUM.
1595 238 1677 306 1062

64 450 114 509 pre
127 434 191 505 fuit,
204 434 272 507 quia
295 450 370 491 voce
392 453 409 491 a
429 435 543 508 peccati
565 436 707 491 raucitate
726 451 781 507 per
794 414 823 479 Α
837 435 905 507 quia
915 434 1126 506 venerationis,
1135 438 1164 491 et
1173 434 1277 508 gratias
1286 435 1673 508 quiapulcbritudinis‘lilo·

64 541 106 579 am
113 525 238 598 gratiam
248 523 406 579 clarificata
416 525 531 580 laudem
540 525 591 580 Dei
602 524 779 597 dignissime
837 524 919 579 noris
929 525 1007 595 aliis,
1019 524 1352 596 gratieeinsemetipsis3
1363 523 1477 581 fruetus
1488 525 1672 600 ejusjucun-

64 614 122 670 ivit.
134 613 258 669 Galbani
267 629 385 685 quoque
394 613 558 686 fumigatio,
580 613 657 668 sicut
668 628 781 669 eorum·
837 613 913 667 ditae
923 613 1011 669 bonae
1020 613 1211 669 conscientias
1219 613 1300 669 intus
1312 629 1411 668 coram
1420 614 1490 685 Deo,
1499 614 1569 670 folia
1580 616 1671 673 decor

64 702 101 758 tri
119 704 282 767 attestatur,
303 701 419 773 reptilia
441 702 533 773 fugat.
560 701 686 773 Heptilia
707 716 779 756 vcro
835 701 906 756 boni
918 702 1046 774 exempli
1056 703 1130 758 ioris
1142 718 1240 758 coram
1249 703 1396 773 proximo.
1407 703 1494 758 Beata
1505 704 1603 776 itaque
1614 705 1672 760 Ma·

64 790 337 863 ocogitalionemin
348 790 484 845 humenis
496 790 637 846 cordibus
648 789 781 861 irreptio·
836 790 878 844 ria
898 791 985 863 quasi
1003 790 1204 847 terrebinthus
1222 806 1322 846 ramos
1337 806 1410 846 suos
1431 792 1579 862 extendit,
1600 795 1669 865 quia

64 882 89 936 te
112 878 290 952 significant.
315 878 406 944 Quasi
419 879 575 950 galbanus,
600 895 672 951 ergo
693 878 779 933 beata
837 878 976 934 charitate
990 879 1077 951 plena
1091 879 1164 949 fuit,
1185 880 1277 934 Deum
1294 880 1496 950 superomnia
1516 884 1545 938 et
1566 883 1669 955 proxi-

64 967 156 1024 nelrix
174 967 320 1022 veraciter
336 969 463 1037 exstitit,
480 968 599 1040 quiade
615 967 662 1022 sui
678 967 778 1024 cordis
835 984 914 1023 mum
930 968 1007 1024 sicut
1019 969 1208 1038 semetipsam
1223 967 1335 1023 dilexit.

65 1052 779 1129 mnisimmundecogitationisirreptionempro-
864 1055 1666 1130 Epoquasivitisfructidcavisuavitatemodorisvitis

66 1147 85 1201 t.
107 1144 235 1216 Ungula,
256 1145 502 1216 quemadmodum
521 1145 627 1216 physci
649 1146 777 1217 trudunt,
835 1145 968 1201 florendo
983 1144 1150 1217 fructificat,
1173 1148 1202 1202 et
1226 1144 1293 1219 ejus
1317 1146 1431 1203 fructus
1455 1148 1590 1205 inebriat.
1616 1151 1665 1208 Sic

64 1233 243 1307 [uoedamest
258 1234 335 1290 sicut
346 1234 456 1306 ungula
472 1234 575 1289 caballi
601 1233 734 1304 formata,
751 1239 779 1291 et
834 1234 920 1291 beata
930 1234 1022 1289 bieria
1032 1249 1085 1306 per
1095 1235 1197 1291 florem
1207 1252 1272 1292 suae
1286 1235 1466 1308 virginitatis
1477 1238 1666 1297 fructificavit

64 1323 202 1395 sungula
213 1323 357 1378 caballina
372 1324 529 1378 nominata.
545 1322 627 1394 Quae,
645 1324 712 1396 quia
723 1323 778 1379 fri·
835 1323 986 1380 Christum
1000 1325 1118 1380 botrum
1137 1327 1248 1380 nostrae
1269 1324 1497 1395 redemptionis,
1520 1328 1572 1400 qui
1592 1345 1666 1388 suos

64 1415 143 1468 iturae
152 1414 208 1483 est,
218 1413 468 1483 concupiscentiae
479 1412 607 1467 carnalis
617 1412 779 1469 maleblan·
836 1414 947 1468 electos
958 1412 1084 1468 inebriat
1093 1412 1124 1469 iu
1134 1413 1242 1469 mundo
1252 1413 1322 1468 vino
1334 1414 1448 1486 gratiae,
1460 1416 1490 1470 in
1506 1417 1581 1473 coelo
1593 1420 1664 1475 vino

64 1500 570 1574 exstinctionemdesignarepotest.
581 1500 778 1566 Quamobrem
836 1501 951 1573 gloriae.
972 1501 1071 1575 Hujus
1085 1501 1154 1558 vitis
1169 1503 1298 1558 fructum
1322 1502 1386 1558 siva
1411 1502 1545 1573 botrum,
1570 1506 1666 1563 idest

64 1590 134 1647 laria
148 1589 336 1645 fuissevelut
349 1590 543 1662 ungulabene
558 1590 778 1663 creditumque
835 1590 995 1663 Christum,
1018 1591 1123 1646 botrus
1138 1590 1185 1646 ille
1202 1606 1289 1663 quem
1313 1593 1371 1648 duo
1385 1592 1443 1647 viri
1461 1593 1667 1665 exploratores

64 1679 196 1735 iacentiae
212 1678 338 1734 earnalis
348 1678 516 1734 incendium
525 1695 592 1735 rore
603 1680 707 1752 gratie
719 1696 778 1736 coe·
834 1678 887 1734 filii
898 1679 989 1734 lsrael
1000 1679 1158 1735 attulerunt
1175 1680 1205 1733 in
1216 1681 1366 1736 desertum
1378 1682 1409 1735 ia
1424 1685 1508 1738 vecte
1526 1683 1602 1739 bene
1621 1683 1665 1740 si-

63 1769 93 1824 in
120 1785 153 1824 se
180 1772 315 1840 potenter
342 1769 526 1824 exstinxisse
542 1784 601 1825 non
616 1768 775 1824 dubitatur.
793 1736 819 1798 B
834 1769 964 1841 gnificat.
981 1768 1048 1840 lpse
1065 1784 1191 1840 namque
1210 1769 1297 1825 uobis
1312 1773 1358 1825 est
1372 1769 1487 1826 fructus
1507 1772 1589 1844 vitae,
1605 1789 1665 1846 quo

66 1872 151 1913 mnas
166 1858 318 1912 inflaturas
333 1860 362 1912 et
376 1861 508 1913 tumores
520 1857 610 1929 pellit,
622 1860 651 1912 et
666 1858 703 1912 ob
719 1857 776 1913 hoc
834 1858 994 1928 pascimur,
1012 1859 1040 1912 et
1053 1857 1148 1912 fundit
1162 1857 1268 1922 nobis,
1291 1858 1369 1913 sicut
1381 1857 1445 1930 jam
1468 1859 1578 1916 dictum
1601 1867 1663 1935 est,

64 1945 776 2017 ahamilitatisvirtutemconvenienterexprimit.
833 1947 928 2017 primo
938 1946 1039 2000 vinum
1049 1946 1163 2018 gratiae,
1174 1946 1280 2001 deinde
1291 1945 1395 2019 gloriae
1406 1963 1464 2018 quo
1472 1948 1663 2009 inebriamur.

64 2035 186 2091 intutam
202 2038 304 2089 sancta
319 2035 372 2089 Dei
387 2034 522 2090 Genitrix
537 2033 777 2089 excellenterha·
833 2034 897 2091 Duo
908 2038 1006 2091 autem
1015 2034 1072 2089 viri
1082 2035 1457 2107 exploratoresprophatas
1473 2039 1663 2108 etapostoloa
1713 2090 1718 2101 ,

63 2140 99 2181 1ae
114 2124 183 2180 dum
198 2124 252 2178 Dei
270 2126 363 2179 mater
386 2124 423 2178 ab
446 2123 552 2196 angelo
577 2123 779 2178 nominaretur
833 2123 971 2196 figurant,
984 2124 1035 2196 qui
1052 2123 1278 2195 secretapatriae
1290 2124 1421 2180 coelestis
1432 2124 1542 2197 Spiritu
1559 2131 1663 2186 sancto

64 2228 97 2270 cr
111 2213 264 2284 respondit
276 2211 609 2268 :Ecceauciflaflcmini
616 2210 685 2267 :fiat
702 2212 779 2268 milri
833 2212 908 2268 duce
919 2212 1156 2284 exploraverunt,
1171 2216 1199 2268 at
1209 2211 1359 2268 Christum
1367 2214 1455 2270 nobis
1465 2231 1519 2286 par
1528 2216 1664 2289 Scriptu-

64 2318 106 2357 um
119 2311 241 2357 verbum
261 2307 338 2355 tuum
352 2300 434 2369 (Luc.
443 2301 473 2372 ι).
491 2299 530 2355 Et
546 2300 630 2373 quasi
644 2300 776 2356 Libanus
832 2317 883 2356 ras
897 2316 970 2357 suas
984 2301 1015 2357 in
1029 2301 1108 2357 hunc
1123 2301 1264 2356 mundum
1280 2302 1448 2358 attulerunt.
1465 2304 1592 2377 Lignum
1606 2322 1661 2362 au·

64 2390 136 2446 isus.
149 2390 281 2444 Libanus
303 2388 453 2445 dealbatio
467 2388 684 2460 interpretatur.
702 2389 778 2444 Bea-
833 2392 892 2445 tem
912 2389 1007 2445 vectis
1030 2390 1144 2463 lignum
1164 2391 1303 2462 designat
1323 2393 1438 2463 erneis,
1462 2395 1491 2447 et
1514 2392 1592 2450 sicut
1612 2395 1663 2453 ille

78 2479 169 2534 llaria
183 2479 263 2534 velut
279 2478 533 2549 Libanusfuitper
544 2479 702 2534 candorem
717 2494 779 2534 cae
834 2478 885 2550 qui
895 2478 1080 2550 praecedebat
1090 2494 1128 2534 ex
1139 2478 1255 2535 duobus
1266 2479 1465 2535 virisbotrum
1475 2482 1662 2552 portantibus

64 2584 124 2625 non
148 2569 262 2625 incisus
290 2583 344 2638 per
366 2567 564 2640 iutegritatem
586 2567 776 2640 virginitatis.
834 2567 1032 2639 botrumpoet
1046 2570 1163 2639 tergum
1177 2568 1353 2639 pendentem
1367 2569 1553 2625 nonviditin
1568 2574 1662 2643 vecte,

64 2674 73 2712 ι
88 2657 254 2713 dicuntnon
266 2656 418 2725 incensus,
436 2655 491 2711 fuit
505 2655 613 2711 etenim
627 2656 708 2712 velut
726 2656 778 2711 Li-
835 2656 880 2711 sic
894 2655 1070 2728 precedens
1085 2654 1296 2727 prophetarum
1311 2671 1425 2712 cuneus
1442 2656 1593 2714 Christum
1608 2676 1667 2718 noa

64 2746 277 2813 uonincensus,
289 2746 357 2817 quia
370 2744 579 2801 lloscastitatis
594 2745 661 2819 ejus
678 2746 778 2801 candi·
834 2745 908 2800 vidit
926 2744 956 2799 in
973 2760 1076 2815 eruce3
1101 2744 1151 2800 ille
1172 2748 1269 2800 autem
1291 2747 1341 2819 qui
1358 2747 1668 2818 sequabaturbotrum

63 2850 93 2891 rs
107 2834 385 2890 incendiolibidinis
401 2851 459 2891 uon
475 2838 521 2890 est
535 2829 671 2890 adustus.
834 2834 917 2903 vidit,
934 2835 1002 2906 quia
1018 2834 1128 2890 chorus
1144 2835 1360 2906 apostolorum,
1377 2835 1428 2907 qui
1441 2840 1509 2907 poet
1523 2838 1622 2908 ipsum
1636 2838 1667 2896 in

64 2925 193 2991 istorax,
203 2922 779 2996 inquit,etpalbanus,etcnpcln,et9utta
836 2923 945 2979 mundo
957 2923 1113 2992 remansit,
1123 2926 1152 2978 et
1167 2924 1236 2993 post
1246 2924 1345 2993 ipsum
1359 2923 1395 2978 de
1405 2926 1514 2981 mundo
1530 2929 1667 2999 recessit,

66 3012 172 3068 ibanas
186 3029 243 3068 non
264 3013 378 3068 incisas
403 3012 543 3084 vaporavi
562 3010 776 3068 factitationem
794 3058 821 3122 0
837 3014 1048 3083 etpraesentem
1059 3011 1585 3091 cumincarnempatientamincruca
1597 3032 1667 3072 con-

64 3101 184 3157 'l'alibus
199 3101 305 3173 quippe
315 3101 496 3156 aromatibus
506 3099 648 3172 gloriosa,
659 3104 687 3155 et
698 3117 779 3172 smpe
838 3101 945 3171 spexit.
962 3100 1071 3154 Decem
1082 3099 1284 3171 exploratores
1300 3100 1351 3171 qui
1364 3102 1465 3172 pravis
1477 3105 1667 3160 sermonibus

67 3193 105 3261 ta,
118 3205 293 3261 semperque
299 3188 485 3259 nominanda,
497 3192 525 3243 et
539 3188 620 3243 nulla
631 3189 779 3246 oblivione
838 3189 926 3245 corda
935 3187 1203 3244 tiliorumlsraelab
1213 3188 1448 3261 ingressuterrae
1458 3192 1668 3262 promissionis

64 3296 72 3334 ι
86 3279 171 3352 virgo
188 3279 279 3333 Maria
295 3295 379 3333 suam
394 3278 605 3334 habitationem
615 3278 779 3350 vaporavit,
837 3280 1016 3347 averterunt,
1029 3277 1135 3332 infidas
1146 3277 1268 3333 taneos
1279 3277 1336 3333 sub
1356 3278 1504 3352 Decologo
1520 3280 1597 3354 legis
1612 3297 1667 3353 po-

64 3368 140 3424 libus
149 3368 307 3424 virtutibus
322 3369 357 3423 ad
369 3368 536 3438 pellendum
547 3366 666 3421 malitiae
682 3366 780 3440 frigus
837 3367 913 3424 sitos
927 3367 1095 3440 designant,
1121 3367 1171 3439 qui
1194 3366 1327 3422 eoelestia
1342 3368 1491 3438 promissa
1513 3385 1568 3440 per
1582 3370 1671 3426 fldem

64 3456 781 3530 anctumconversationeminflammavitldtquasi
836 3457 947 3512 Christi
966 3471 1101 3528 quaerere
1117 3456 1289 3511 detrectant.
1308 3456 1372 3512 Duo
1387 3460 1485 3513 autem
1500 3458 1670 3529 explorato·

65 3563 111 3602 um
127 3562 184 3602 nen
198 3545 317 3601 mistum
334 3546 507 3601 odormeus.
520 3545 619 3601 Arbor
628 3545 780 3602 balsamus
836 3561 896 3616 ras,
909 3546 958 3617 qui
969 3545 1110 3617 populum
1120 3545 1157 3599 ad
1166 3544 1303 3617 ejusdem
1312 3547 1400 3601 terrae
1411 3546 1563 3605 introitum
1569 3548 1667 3604 fideli-

64 3635 161 3691 rimilis
171 3633 488 3704 estviti,foliissimilis
498 3634 780 3690 estrutaealbidiori·
835 3638 881 3690 ter
896 3635 1041 3691 exhortati
1058 3637 1137 3704 sunt,
1148 3633 1260 3689 eleetos
1276 3634 1463 3691 Christianos
1478 3637 1534 3692 sub
1550 3637 1668 3695 duobus

64 3739 189 3797 sperque
195 3724 393 3779 manentibus.
403 3724 500 3778 Arbor
508 3727 604 3778 autem
614 3723 778 3796 balsamus,
835 3724 994 3795 praeceptis
1005 3723 1156 3779 charitatis
1165 3723 1465 3795 positosexprimunt,
1478 3725 1668 3795 quicoelestis

72 3829 145 3869 vero
155 3813 390 3885 xylobalsamum
401 3811 517 3883 dicitur,
529 3811 643 3868 fructus
653 3813 718 3868 siva
730 3830 780 3868 se·
836 3812 1160 3885 patriaejucunditatem
1169 3812 1289 3867 introire
1301 3812 1370 3867 totis
1381 3812 1549 3868 visceribus
1560 3827 1671 3869 coucu-

64 3901 297 3974 rpcbalsamum.
314 3901 483 3957 Percussus
499 3904 596 3956 autem
611 3902 781 3957 cortexbal·
836 3903 965 3971 piscant.
976 3902 1066 3956 lstius
1078 3901 1146 3955 vitis
1156 3899 1270 3954 fruetus
1281 3914 1414 3971 congrue
1425 3901 1557 3956 suavitas
1567 3901 1670 3958 odoris

64 3992 146 4047 trreis
160 3991 310 4047 uncinulis
319 3994 431 4063 guttam
440 3990 540 4045 eximii
554 3990 655 4045 odoris
667 3991 780 4047 emittit.
837 3990 1009 4062 appellatur,
1022 3989 1090 4060 quia
1105 4004 1159 4059 per
1169 3987 1237 4059 ejus
1247 3987 1458 4059 aspirationem
1472 3990 1501 4045 et
1519 3991 1665 4060 praedica·

64 4079 780 4151 ‚dulterantoleocypressinoadmisto,velmelle.
838 4080 957 4148 tionem,
975 4077 1042 4150 quia
1058 4077 1161 4132 suavis
1181 4076 1212 4131 iu
1226 4076 1310 4131 coelis
1330 4079 1386 4147 est,
1405 4093 1422 4131 a
1441 4076 1530 4134 nobis
1544 4082 1573 4135 et
1592 4084 1671 4136 terra

77 4169 259 4241 purafuerit,
276 4172 385 4224 tantam
401 4167 489 4222 habet
511 4167 581 4238 vim,
607 4170 639 4222 ut
654 4184 721 4222 eum
736 4168 782 4223 sol
839 4168 989 4223 odoratur.
1008 4165 1066 4222 Sed
1084 4165 1111 4220 is
1122 4166 1172 4237 qui
1183 4165 1358 4221 nobiscunc
1369 4168 1397 4220 et
1415 4167 1547 4222 suavitas
1567 4168 1669 4224 odoris

66 4258 151 4328 uerit,
168 4258 261 4313 teneri
276 4258 306 4312 in
320 4273 409 4313 manu
425 4272 484 4311 non
505 4255 612 4328 possit.
633 4255 713 4312 Odor
726 4272 781 4312 au·
839 4256 870 4310 in
878 4254 999 4325 mundo,
1011 4254 1200 4326 postmodum
1209 4253 1297 4310 nobis
1306 4254 1361 4311 erit
1372 4255 1503 4311 suavitas
1514 4257 1632 4327 saporis
1641 4257 1671 4312 in

64 4345 449 4419 staebtariaevirginisquasi
459 4346 624 4401 balsamum
634 4361 694 4401 non
706 4345 780 4400 mis·
796 4366 823 4428 D
840 4344 926 4416 coelo,
936 4345 987 4417 qui
997 4359 1076 4399 nunc
1087 4345 1133 4398 cst
1141 4343 1273 4398 suavitas
1292 4343 1392 4399 odoris
1408 4345 1438 4399 iu
1450 4344 1518 4416 ude,
1535 4347 1604 4400 tunc
1615 4343 1671 4399 erit

64 4435 591 4508 stitquiaejussanctametsinceram
600 4435 779 4507 opinionem,
841 4434 973 4490 suavitas
987 4431 1105 4504 saporis
1120 4433 1150 4487 in
1165 4430 1425 4502 contemplatione3
1451 4432 1503 4503 qui
1525 4447 1603 4487 nunc
1626 4434 1672 4486 est

64 4541 127 4581 ram
142 4528 171 4580 et
185 4525 291 4580 coelum
313 4523 492 4594 adimplevit,
515 4524 626 4579 nullius
652 4523 781 4580 infamiae
841 4523 972 4579 suavitas
983 4523 1084 4579 odoris
1094 4523 1125 4576 iu
1136 4537 1199 4593 spe,
1211 4524 1281 4576 tune
1296 4520 1351 4575 erit
1361 4521 1493 4576 suavitas
1508 4519 1625 4591 saporis
1640 4519 1671 4574 in

64 4613 350 4686 irrumpitEpoquasi
356 4613 546 4668 terebinthus
554 4614 782 4670 extendiramos
840 4629 882 4669 re.
905 4610 1042 4668 Videmus
1057 4627 1132 4665 nune
1146 4626 1204 4683 per
1218 4606 1366 4681 speculum
1381 4608 1412 4662 in
1429 4607 1588 4680 enigmate,
1602 4613 1670 4663 tunc

64 4703 156 4759 tremi
162 4703 349 4759 meibonoris
357 4708 386 4757 et
393 4702 510 4774 gratiae.
520 4702 718 4758 Terebintlrus
735 4706 781 4759 est
840 4707 936 4756 autem
955 4701 1121 4756 videbimus
1131 4698 1209 4754 faeie
1224 4698 1262 4753 ad
1276 4697 1383 4752 faciem
1398 4696 1427 4767 (I
1440 4695 1506 4751 Cor.
1523 4698 1597 4766 xru).

64 4792 166 4848 tabens
182 4792 312 4847 resinam
325 4790 463 4845 omnibus
475 4790 780 4861 resinispraestantio·
873 4787 1133 4860 Etflores,inquit,
1142 4783 1671 4843 meifruetcslrcnorisethonestatis.

64 4878 591 4953 rdecongrucsignificatcharitatem,
599 4880 780 4950 dequadici-
840 4879 944 4934 Floras
954 4876 1048 4933 beatoe
1060 4875 1203 4948 Virginis,
1215 4873 1299 4931 idest
1310 4874 1434 4931 virtutes
1445 4873 1524 4947 ejus,
1538 4875 1672 4948 castitas,

64 4969 115 5024 huc
124 4968 456 5025 vobisexeelleotiorem
467 4968 542 5021 viam
556 4968 735 5023 dornonstro.
746 4968 781 5023 Si
841 4967 986 5038 charitas,
1012 4964 1176 5034 humilitas,
1202 4963 1488 5020 immarcessibiliter
1510 4965 1669 5039 florentes,

70 5056 218 5113 hominum
226 5055 329 5129 loquar
337 5055 642 5128 stanpelorum,etc.(l
652 5055 719 5112 Cor.
728 5075 779 5129 χιι,
840 5058 930 5112 flores
941 5058 1010 5112 eunt
1020 5054 1143 5110 honoris
1154 5057 1182 5109 at
1193 5053 1367 5124 honestatis,
1379 5053 1448 5126 quia
1457 5052 1596 5111 Christus
1608 5053 1674 5112 fru-

70 5144 778 5218 postpaucazNuncmanenttrialiaec,f1des,spes,
842 5149 907 5201 ctus
922 5144 1001 5218 ejus,
1021 5143 1071 5216 qui
1087 5143 1123 5199 de
1139 5142 1263 5215 Virgine
1278 5141 1326 5197 hie
1340 5141 1465 5199 floribus
1485 5146 1588 5199 ornata
1603 5159 1676 5215 pro·

64 5251 93 5293 s.
103 5235 203 5308 Major
213 5239 307 5290 antem
323 5234 426 5290 trorum
437 5240 483 5290 cst
494 5235 627 5290 ebaritas
637 5235 781 5291 Terebin—
842 5235 943 5305 cessit,
967 5232 1033 5290 suis
1053 5231 1156 5287 electis
1173 5231 1316 5287 honorem
1330 5234 1359 5288 et
1373 5231 1558 5290 honestatem
1573 5231 1675 5287 tribuit

64 5323 783 5397 ‚aerigiturincoelumperdilectionemDeietdila·
842 5325 873 5380 in
887 5322 990 5394 terris,
1009 5325 1038 5378 et
1055 5321 1169 5378 eisdam
1187 5335 1220 5377 se
1235 5320 1372 5377 daturum
1386 5323 1512 5394 spondet
1531 5322 1561 5375 iu
1576 5318 1673 5376 caelis.

64 5428 177 5469 oseuos
192 5414 223 5467 in
238 5414 411 5470 universum
426 5413 568 5469 mundum
579 5430 634 5485 per
647 5414 781 5471 dilectio·
843 5415 932 5470 Beata
945 5411 1044 5485 itaque
1060 5410 1114 5466 Dei
1127 5408 1262 5467 Genitrix
1281 5410 1365 5484 qnasi
1383 5412 1454 5466 vitis
1468 5405 1673 5480 fructificavit,

64 5501 252 5559 oximillami
258 5502 325 5575 ejus
331 5506 400 5558 sunt
406 5502 529 5558 aliarum
535 5503 706 5559 exercitatio
719 5505 782 5558 vir·
844 5503 913 5577 quia
922 5500 1073 5559 Christum
1086 5515 1190 5557 verum
1202 5501 1331 5572 botrum,
1347 5500 1397 5572 qui
1412 5514 1468 5556 nos
1482 5496 1552 5552 vino
1570 5496 1675 5570 gratim

64 5590 782 5668 ›texhibitiobouorumoperquuisuutbonoris
845 5594 874 5661 et
897 5589 1000 5671 gloriae
1023 5590 1170 5653 inebriare
1194 5605 1254 5652 acu
1276 5588 1401 5667 desiuit,
1427 5585 1591 5666 generavit.
1616 5581 1678 5655 Sed
