3796 6022
153 255 213 315 eu
499 254 719 318 narsumx
739 251 797 315 nu
819 238 1012 317 uuaorus
1035 246 1180 316 ornan
1200 251 1465 318 acaunum.
1821 254 1874 320 ets

152 452 251 508 lumen
275 453 368 524 istud,
393 453 447 507 sed
472 451 575 506 ocules
600 451 698 506 carnis
721 455 846 522 tantum,
870 453 939 523 quia
958 453 985 507 si
999 434 1029 496 Α
1092 452 1154 507 Tru.
1170 451 1289 507 CXXV.
1305 453 1349 507 De
1366 453 1465 507 tribus
1481 453 1629 525 proditus
1642 453 1829 510 obtinentiae.

154 541 259 597 oculos
277 543 383 596 animae
406 541 597 611 illuminaret,
622 541 651 595 in
674 541 731 596 boc
745 541 854 596 lumine
868 541 985 611 positus
1079 540 1196 595 Primus
1207 542 1318 613 gradus
1328 541 1513 596 abstinentiae
1523 545 1570 597 est
1579 545 1750 598 contentum
1760 544 1869 599 csseiia

153 630 249 686 omnis
265 646 367 684 verum
383 633 571 702 agnosceret.
588 630 674 684 Nunc
690 633 787 684 autem
798 631 862 685 sine
874 631 931 684 isto
942 629 985 683 lu·
1042 644 1109 699 quse
1121 630 1240 698 dantur3
1252 630 1414 699 secundus
1427 645 1460 685 se
1469 629 1499 684 in
1508 631 1555 685 bis
1563 633 1731 702 temperare
1741 647 1749 700 3
1760 632 1867 703 tertius,

154 719 232 775 mine
246 719 356 772 veritas
370 718 496 772 videtur.
512 720 556 773 Aa
571 735 625 788 per
639 718 696 773 boc
710 719 790 773 istud
811 719 910 773 lumen
926 733 986 773 non
1042 732 1079 772 cx
1090 719 1138 772 his
1149 719 1261 790 aliquid
1271 719 1423 789 excipere.

152 807 295 861 illuminat
310 806 413 860 oculos
430 821 483 876 per
497 822 573 877 quos
589 807 713 861 videtur.
727 806 809 862 Sicut
820 823 892 879 ergo
906 807 983 860 visi·
1041 805 1102 860 Tm.
1115 806 1248 861 CXXVI.
1263 806 1344 871 Quod
1353 806 1438 860 inulti
1448 805 1510 860 sola
1525 807 1701 862 curiositate
1715 808 1865 863 ueritatem

152 896 319 951 bilelumen
328 895 432 949 oculos
444 895 550 949 mentis
561 894 726 949 illuminare
737 911 797 950 uon
808 898 919 965 potest,
940 895 984 948 sic
1142 904 1145 909 '
1387 900 1530 966 quarunt.

153 986 240 1039 cibus
252 984 350 1038 carnis
362 983 468 1037 mentis
481 982 587 1037 famem
598 987 731 1038 saturare
743 999 801 1039 nou
811 986 918 1054 potest.
929 983 988 1038 Sed
1078 983 1190 1038 Pilatus
1212 983 1407 1055 interrogavit
1428 982 1550 1037 lesum:
1576 982 1653 1047 Quid
1674 989 1721 1038 est
1740 983 1869 1039 ueritas?

153 1076 222 1128 sunt
237 1076 320 1127 extra
342 1072 439 1126 omnia
462 1072 526 1125 baec
550 1075 578 1126 et
599 1071 673 1126 foris
689 1073 884 1140 adhaerentia,
900 1071 986 1143 quasi
1041 1069 1136 1140 (dean.
1153 1072 1249 1144 xum.)
1265 1076 1294 1126 ct
1308 1072 1405 1126 statim
1422 1086 1567 1142 egressus
1586 1074 1632 1125 est
1647 1072 1678 1126 in
1693 1069 1867 1142 praetorium.

152 1161 227 1234 palea
243 1161 328 1216 cibus
340 1159 541 1231 jumentorum
555 1175 562 1229 3
578 1160 626 1214 illa
641 1163 738 1215 autern
752 1177 819 1232 quae
836 1161 986 1215 extrinse-
1041 1159 1122 1214 Fecit
1137 1175 1210 1232 ergo
1225 1160 1436 1231 quaestionem,
1453 1161 1482 1213 et
1495 1174 1554 1213 non
1569 1160 1735 1230 expectavit
1750 1175 1868 1231 respon·

154 1266 208 1305 cus
224 1253 293 1305 sunt
302 1248 390 1318 bcua,
403 1249 488 1318 quasi
499 1265 537 1302 ex
546 1248 631 1319 adipe
642 1249 780 1303 frumenti
791 1251 887 1319 panis,
900 1249 986 1303 cibus
1041 1247 1166 1303 sionem.
1179 1249 1228 1303 Sic
1239 1249 1320 1303 multi
1332 1248 1502 1303 transitorio
1513 1248 1631 1303 fervore
1642 1249 1679 1302 ad
1694 1249 1788 1305 Deum
1803 1265 1868 1305 cou-

156 1336 316 1392 bomiuum.
335 1332 501 1406 ‘Pnopterea
529 1336 580 1389 tilii
609 1336 775 1391 ierusalem
803 1337 903 1407 paleas
929 1352 987 1391 non
1040 1337 1121 1390 versi
1136 1337 1299 1391 vcrabena
1318 1336 1489 1390 desiderare
1511 1336 1753 1415 incipiunt3sed
1774 1337 1868 1393 eadem

155 1425 341 1495 manducant,
350 1424 495 1495 sedadipe
502 1423 640 1479 frumenti
648 1425 801 1494 satiantur,
809 1426 987 1496 quiaomnes
1041 1425 1148 1480 mentis
1162 1426 1355 1480 mutabilitate
1369 1425 1475 1479 iterum
1490 1425 1525 1479 ad
1542 1425 1711 1480 transitoria
1725 1424 1828 1495 effusi,
1843 1426 1867 1480 in

155 1513 205 1586 qui
222 1514 366 1567 internam
382 1512 568 1567 dulcedinem
584 1516 706 1584 gustare
721 1516 883 1584 coeperunt,
903 1513 987 1585 quid·
1042 1514 1148 1568 mentis
1176 1514 1328 1584 proposito
1350 1529 1409 1567 non
1433 1513 1606 1582 persistunt.
1632 1510 1775 1577 Querunt
1802 1529 1868 1586 ergo

155 1602 225 1674 quid
240 1602 428 1656 extrinsecus
442 1602 612 1656 transitorie
635 1602 759 1656 delectat
781 1606 809 1656 et
823 1601 987 1657 secundum
1042 1603 1180 1656 conversi
1195 1617 1249 1672 per
1263 1601 1444 1655 desiderium
1458 1602 1602 1671 veritatis,
1620 1602 1674 1656 sed
1690 1617 1752 1656 non
1766 1617 1868 1674 exspe-

155 1706 274 1745 carnem
284 1689 503 1758 dulcevidetur,
517 1691 693 1760 despiciunt.
707 1691 802 1745 Habet
812 1706 884 1763 ergo
897 1706 986 1745 carno
1043 1693 1121 1744 ciant
1136 1689 1361 1760 responsionem
1376 1690 1474 1744 aversi
1491 1690 1715 1760 perappetitum
1724 1691 1866 1746 vanitatis.

42 1791 45 1796 ’
156 1780 254 1835 cibum
271 1794 367 1849 suum,
385 1794 442 1849 quo
460 1779 607 1847 reficitur,
625 1779 714 1834 habet
732 1783 759 1834 et
776 1780 872 1834 anima
888 1747 1027 1834 cibumB
1171 1778 1232 1832 Tm.
1250 1778 1396 1831 CXXVll.
1413 1777 1458 1832 ue
1473 1778 1584 1849 duplici
1597 1778 1749 1850 superbia.

157 1885 254 1937 suum,
267 1883 325 1938 quo
336 1868 500 1940 saginatur.
514 1867 580 1937 lpse
592 1871 689 1922 autem
700 1868 786 1923 cibus
801 1869 906 1923 animae
922 1884 987 1923 ver·
1079 1867 1141 1921 Duo
1166 1870 1234 1920 sunt
1257 1881 1368 1938 genera
1391 1866 1536 1921 elationis.
1562 1866 1696 1921 Alterum
1719 1867 1799 1923 intus
1821 1884 1866 1939 per

156 1959 236 2014 bum.
251 1957 301 2011 bei
315 1960 369 2027 est,
382 1959 411 2011 et
421 1957 518 2027 ipsum
528 1958 653 2011 verbum
665 1958 741 2012 idem
756 1957 854 2012 lumen
869 1961 914 2012 est
930 1973 988 2028 quo
1042 1956 1226 2025 superbiam,
1243 1956 1367 2010 alterum
1382 1955 1456 2010 foris
1470 1971 1524 2026 per
1538 1958 1638 2025 typum
1654 1956 1801 2011 elationis.
1817 1958 1866 2011 Su·

154 2047 345 2117 illuminatur,
359 2049 387 2100 et
397 2047 482 2101 cibus
494 2062 552 2117 quc
564 2046 712 2101 relicitur:
730 2047 839 2116 lumen,
857 2062 915 2117 quc
931 2047 990 2100 cla·
1041 2045 1143 2115 perbia
1157 2044 1236 2098 euim
1251 2045 1330 2098 intus
1345 2048 1400 2114 est,
1415 2044 1557 2115 jactantia
1568 2045 1651 2100 foris.
1664 2045 1810 2116 Superbia
1819 2046 1866 2100 alia

154 2137 246 2193 rescit
261 2136 297 2190 ad
309 2136 508 2207 cognitionem
519 2136 671 2204 veritatis;
689 2137 785 2206 cibus,
798 2152 855 2207 quo
866 2136 990 2208 pingue·
1042 2137 1097 2202 est,
1114 2149 1170 2205 qua
1185 2134 1215 2187 in
1230 2134 1275 2187 sni
1299 2133 1536 2188 consideratione
1552 2134 1669 2189 animus
1685 2135 1866 2204 intumescit3

155 2227 212 2282 scit
227 2229 255 2281 et
269 2225 421 2279 hilarescit
436 2225 472 2277 ad
488 2240 618 2279 amorem
633 2225 782 2279 bonitatis.
800 2225 900 2294 lpsum
916 2240 989 2296 ergo
1041 2221 1110 2291 alia,
1138 2238 1195 2293 qua
1220 2222 1249 2276 in
1272 2222 1318 2275 sui
1344 2222 1561 2291 comparatione
1587 2226 1713 2278 caeteros
1738 2223 1865 2294 despicit.

154 2315 279 2370 verbum
295 2314 348 2367 lJei
362 2314 457 2383 primo
474 2328 507 2365 se
523 2311 658 2382 effundit,
676 2313 781 2368 deinde
801 2329 834 2368 se
850 2313 985 2369 infundit.
1042 2310 1182 2365 Similiter
1194 2309 1334 2381 jactantia
1351 2310 1434 2379 foris,
1447 2311 1503 2364 alia
1514 2314 1560 2365 est
1570 2326 1628 2383 qua
1638 2311 1668 2366 in
1680 2312 1728 2367 sui
1744 2315 1866 2368 ostenta·

155 2402 285 2459 Eilundit
306 2406 337 2455 ut
360 2401 514 2469 videatur3
540 2400 667 2456 infundit
690 2405 721 2455 ut
744 2402 931 2473 percipiatur.
956 2402 988 2457 Si
1041 2401 1119 2455 tione
1136 2399 1223 2453 bomo
1238 2399 1378 2454 blandum
1395 2415 1428 2454 se
1443 2400 1571 2469 simulat,
1588 2400 1644 2454 alia
1655 2417 1712 2472 qua
1725 2416 1759 2456 sc
1771 2402 1866 2456 crude·

154 2492 282 2547 enimse
298 2506 357 2543 non
373 2488 550 2559 effunderet,
567 2506 627 2543 non
642 2494 894 2561 cognosceretnr3
910 2492 937 2544 si
953 2507 986 2546 se
1040 2486 1098 2540 lem
1113 2490 1141 2541 el
1161 2488 1349 2543 metuendum
1370 2489 1562 2545 demonstrat.
1587 2490 1619 2543 ln
1642 2491 1736 2561 prima
1757 2491 1866 2562 placare

152 2596 212 2636 non
237 2577 418 2645 infunderet,
446 2593 505 2631 non
529 2580 708 2650 gustaretur.
737 2579 834 2632 Primo
858 2594 930 2650 ergo
952 2595 985 2634 se
1039 2575 1149 2645 nititur,
1166 2578 1195 2630 in
1211 2578 1342 2631 secunda
1364 2578 1481 2648 placere
1505 2578 1692 2650 dedignatur.
1716 2579 1763 2633 Ex
1778 2581 1865 2650 primo

40 2676 45 2695 ¹
152 2667 255 2724 effudit
265 2668 293 2720 et
303 2667 493 2737 perceptibile
505 2665 634 2735 fccitper
645 2670 823 2737 creaturam;
840 2670 983 2740 secundo,
1039 2663 1130 2736 igitur
1145 2680 1254 2736 genere
1277 2667 1425 2737 superbiae
1449 2668 1479 2721 iu
1503 2684 1561 2738 quo
1587 2668 1674 2724 bomo
1694 2668 1752 2722 sibi
1767 2669 1865 2739 placet,

151 2772 207 2829 per
221 2771 340 2811 carnem
354 2757 553 2825 assumptam,
576 2756 661 2809 tertio
684 2756 780 2810 adbuc
803 2758 933 2827 quotidie
949 2773 983 2813 se
1038 2755 1165 2825 primum
1184 2757 1316 2811 nascitur
1337 2773 1434 2828 genus
1453 2757 1603 2828 jactantiae
1625 2758 1655 2811 iu
1677 2773 1736 2829 quc
1756 2759 1865 2813 caeteris

150 2845 272 2902 effundit
282 2860 335 2914 per
346 2860 449 2899 vocem
460 2843 626 2898 humanam.
640 2844 710 2900 Post
724 2846 846 2915 primam
858 2845 981 2903 effusio·
1040 2843 1157 2914 placere
1173 2845 1322 2899 desiderat
1335 2861 1341 2914 3
1358 2849 1387 2899 et
1398 2862 1435 2900 ex
1446 2846 1578 2900 secundo
1588 2861 1699 2918 gauere
1711 2847 1864 2918 superbia,

149 2949 217 2993 nem
239 2934 370 2989 infusum
395 2936 440 2988 est
465 2936 493 2986 ct
517 2936 691 3003 conceptum
714 2950 768 3005 par
787 2935 893 2989 visum.
912 2937 983 2990 Post
1041 2933 1071 2986 in
1086 2949 1144 3004 quo
1159 2934 1234 2988 alios
1249 2934 1385 3004 despicit,
1402 2936 1566 2989 secundum
1577 2935 1709 2990 nascitur
1717 2935 1866 3008 genusia-

149 3025 309 3083 secundam
321 3023 501 3078 infusionem
510 3021 640 3076 infusum
650 3026 732 3078 estet
743 3026 917 3094 conceptum
928 3041 981 3096 per
998 3070 1023 3133 c
1040 3023 1167 3092 ciantiae,
1177 3038 1235 3093 quo
1247 3023 1356 3077 sealiis
1367 3039 1427 3077 non
1440 3023 1606 3095 amabilem,
1614 3023 1667 3078 sed
1683 3024 1866 3081 metuendum

146 3114 244 3172 fldem.
263 3116 334 3169 Post
348 3113 463 3167 tertiam
478 3110 653 3167 allusionem
666 3112 828 3167 infunditur
838 3117 867 3167 et
877 3115 979 3168 conci·
1037 3116 1202 3167 monstrare
1214 3112 1336 3166 laborat.

146 3209 226 3278 pitur
241 3220 294 3276 per
308 3204 507 3275 cognitionem
520 3217 527 3272 3
549 3204 577 3256 et
598 3202 693 3273 pascit
707 3202 816 3274 ubique
832 3207 860 3257 ct
873 3203 978 3259 reficit.
1146 3202 1209 3256 Trr.
1225 3201 1385 3259 CXXVlll.
1403 3202 1447 3256 ue
1461 3201 1572 3274 duplici
1584 3202 1762 3259 bumilitate.

145 3295 246 3350 Primo
265 3294 302 3347 ad
323 3291 606 3362 manifestationem,
633 3292 764 3346 secundo
786 3293 977 3363 adsalutem,
1070 3290 1133 3344 lluo
1149 3294 1218 3344 sunt
1233 3304 1343 3361 genera
1358 3289 1540 3345 humilitatis.
1559 3291 1690 3345 Primum
1703 3291 1742 3346 ad
1756 3306 1800 3363 se,
1817 3307 1863 3346 se-

144 3384 232 3439 tertio
243 3382 279 3435 ad
290 3381 525 3435 instructionem.
539 3380 636 3434 Primo
651 3396 688 3435 ue
704 3381 770 3435 mali
788 3384 977 3452 excusentur,
1035 3379 1163 3433 cundum
1179 3380 1215 3434 ad
1229 3380 1314 3433 alios.
1334 3379 1490 3434 Humilitas
1506 3380 1542 3434 ad
1558 3395 1592 3434 se
1606 3383 1653 3435 est
1667 3396 1725 3451 qua
1741 3383 1863 3452 quiaque

146 3470 279 3526 secundo
289 3472 321 3523 ut
330 3469 532 3539 predestinati
549 3468 710 3539 salventur,
728 3471 812 3525 tertio
828 3474 859 3524 ut
873 3471 979 3525 eruditi
1034 3469 1070 3523 de
1080 3471 1242 3539 semetipso
1253 3484 1343 3538 parva
1355 3469 1513 3523 existimat.
1526 3469 1684 3523 Humilitas
1693 3468 1864 3525 adalicsest

145 3559 349 3615 informentur.
862 3623 869 3632 ·
1033 3573 1090 3628 qua
1106 3558 1183 3612 bona
1200 3558 1324 3613 aliorum
1340 3557 1428 3612 hemo
1444 3558 1508 3612 sine
1520 3557 1630 3612 invidia
1640 3561 1669 3612 et
1680 3559 1775 3614 livore
1785 3574 1863 3614 cum-

145 3648 208 3705 Trr.
224 3646 358 3702 CXXlll.
377 3646 459 3711 Quod
474 3646 600 3700 scientia
616 3652 645 3700 ot
661 3662 731 3700 cora
747 3646 908 3718 dupliciter
917 3648 979 3703 Deo
1032 3648 1160 3701 mendat.
1170 3647 1553 3718 Perprimamhumilitaiem
1562 3662 1696 3718 praeesse
1704 3664 1765 3704 non
1773 3648 1861 3720 eapit3

471 3734 658 3789 attribuitur.
1032 3736 1863 3806 persecundamsubesssuoncontemnit.Humilitasfacit

180 3827 316 3900 Cognitio
332 3825 379 3880 vel
395 3825 519 3880 scientia
534 3824 590 3878 alia
606 3824 714 3879 dicitur
729 3825 893 3879 secundum
909 3841 978 3879 con·
1031 3828 1063 3879 ut
1078 3827 1153 3879 mala
1168 3841 1223 3880 sua
1234 3826 1323 3880 homo
1339 3841 1398 3880 non
1412 3828 1546 3880 excuset.
1560 3826 1658 3880 Pietas
1669 3825 1781 3882 facitut
1792 3826 1862 3881 mala

142 3917 371 3987 templationem,
389 3915 445 3968 alia
461 3913 623 3968 secundnm
640 3913 878 3969 insinuationem.
892 3914 978 3969 Simi-
1030 3913 1127 3968 aliena
1142 3930 1201 3969 uon
1216 3918 1369 3988 aggravet.
1388 3915 1458 3969 liem
1474 3915 1624 3968 humilitas
1635 3915 1748 3971 facitut
1758 3931 1824 3989 quse
1834 3916 1862 3969 iu

142 4002 211 4059 liter
226 4020 295 4058 cura
319 4004 384 4072 Dei,
411 4002 466 4056 alia
490 4002 655 4057 secundum
674 4003 903 4073 providentiam,
920 4004 976 4059 alia
1030 4018 1064 4058 se
1080 4003 1169 4057 latent
1184 4004 1350 4058 secundum
1364 4004 1517 4058 veritatem
1533 4003 1669 4075 judicet,
1686 4005 1783 4074 pietas
1798 4005 1862 4059 facit

144 4093 309 4146 secundum
325 4091 562 4162 praeceptionem.
580 4091 748 4145 Secundum
759 4094 978 4163 contemplatio·
1031 4095 1061 4146 ut
1076 4108 1142 4162 quie
1158 4093 1187 4146 in
1203 4093 1280 4146 alliis
1295 4108 1353 4147 non
1369 4093 1514 4162 patented
1525 4093 1676 4147 meliorem
1691 4097 1805 4164 partem
1820 4095 1862 4147 in·

142 4196 210 4235 nem
226 4181 283 4235 scit
297 4195 451 4234 numerum
467 4179 597 4233 omnium
613 4196 731 4250 rerum3
749 4181 912 4236 secundum
928 4183 975 4236 in·
1032 4181 1130 4235 alinet.
1148 4181 1225 4235 llinc
1240 4185 1286 4235 est
1306 4183 1385 4252 quod
1408 4183 1505 4236 sancti
1530 4182 1585 4236 viri
1608 4183 1789 4253 semetipsos
1808 4187 1862 4237 tam

141 4270 338 4325 sinuationem
350 4268 466 4323 nescire
478 4268 593 4338 dicitur,
606 4269 673 4339 quia
685 4270 839 4324 scientiam
850 4288 910 4325 non
920 4272 974 4326 tri·
1033 4269 1165 4324 ‹lisiricte
1181 4270 1352 4341 dijudicant,
1370 4274 1399 4324 et
1414 4274 1537 4324 cunctos
1553 4271 1612 4324 sibi
1628 4272 1732 4327 merito
1746 4277 1862 4343 antepo-

141 4357 214 4415 buit.
232 4358 373 4414 Similiter
388 4357 552 4412 secundum
571 4358 784 4428 providentiam
800 4375 870 4414 cura
886 4366 932 4414 cst
947 4361 973 4415 ei
988 4387 1015 4447 D
1033 4360 1147 4413 nendos
1163 4361 1273 4429 putant.
1287 4360 1393 4414 Vident
1408 4360 1486 4414 enim
1502 4377 1566 4430 sua,
1584 4362 1612 4414 et
1626 4376 1693 4430 quae
1709 4361 1863 4416 manifesta

140 4448 177 4506 de
193 4447 350 4516 omuibus,
367 4447 530 4501 secundum
551 4446 732 4516 Scriptorum
752 4451 780 4503 et
797 4451 973 4520 praeceptio·
1033 4453 1111 4518 sunt,
1124 4450 1612 4520 etquaoccurra3a1101=umautem
1627 4448 1785 4507 manifesta
1800 4454 1861 4505 tan·
1893 4468 1896 4475 ¹

141 4554 209 4595 nem
224 4554 283 4592 neu
300 4541 344 4592 est
360 4553 430 4591 cura
445 4536 487 4590 illi
503 4535 661 4591 debebas
1032 4540 1102 4591 tum.
1119 4539 1192 4592 Cum
1207 4539 1303 4609 itaque
1324 4540 1359 4593 de
1381 4541 1486 4594 alienis
1510 4540 1635 4594 occultis
1654 4539 1792 4611 judicare
1806 4557 1861 4596 non

141 4627 202 4684 Tm.
219 4626 352 4684 CXXIV.
375 4626 419 4681 Dc
438 4626 552 4680 duabus
570 4626 711 4697 partibus
729 4628 975 4699 corroupisoontiec
1030 4629 1859 4699 praesumantnisiquantampietatemovente,benaesse

479 4715 642 4769 irrrrndaum.
1029 4717 1208 4786 existimant,
1226 4716 1309 4786 plura
1325 4720 1393 4771 sunt
1407 4733 1473 4788 quas
1490 4718 1519 4770 in
1535 4733 1568 4772 se
1583 4719 1659 4772 mala
1674 4719 1790 4790 vident,
1813 4719 1859 4772 ubi

178 4805 425 4875 Concupiscentia
440 4805 541 4859 mundi
556 4804 630 4858 duas
651 4807 750 4875 partes
766 4804 864 4876 babet,
880 4807 975 4862 bonc-
1028 4809 1056 4860 et
1071 4806 1226 4860 manifesta
1242 4809 1270 4859 el
1286 4806 1401 4860 occulta
1416 4807 1530 4877 vident,
1546 4823 1634 4878 quam
1650 4808 1763 4879 quaein
1779 4808 1856 4875 aliis,

93 4940 95 4946 ,
141 4895 248 4947 statem
264 4897 292 4947 et
307 4894 469 4948 utilitatem.
491 4893 562 4958 Quae
587 4893 645 4947 duo
665 4909 730 4948 cum
750 4895 859 4964 pariter
875 4896 975 4951 insunt
1027 4895 1078 4949 ubi
1100 4895 1255 4949 manifesta
1279 4898 1389 4949 tuntum
1411 4895 1523 4950 uident.
1550 4896 1638 4967 Nam,
1665 4897 1722 4950 etsi
1743 4896 1858 4969 quando

140 4981 237 5052 magis
254 4982 403 5036 moderata
418 4984 496 5050 sunt,
513 4981 579 5052 quia
596 4982 730 5036 vicissim
747 4999 780 5037 se
795 4986 972 5055 temperant3
1027 4984 1390 5055 quaedamcccultaaliena
1401 4999 1438 5038 ex
1449 4984 1614 5038 manifestis
1625 4984 1856 5055 deprehendunt,

141 5073 170 5125 et
184 5069 235 5140 qui
250 5069 286 5122 ab
302 5069 393 5123 altero
405 5085 438 5123 se
451 5071 634 5141 restringunt
648 5072 684 5125 ad
699 5072 823 5127 alterum
837 5073 975 5129 immode-
1027 5088 1080 5126 sua
1096 5077 1193 5126 tamen
1208 5073 1341 5128 districte
1356 5089 1410 5143 per
1425 5075 1577 5127 veritatem
1589 5073 1742 5146 judicant,
1755 5076 1804 5131 illa
1814 5092 1859 5131 au·

140 5157 233 5213 ratius
245 5173 278 5212 se
291 5156 452 5212 effundunt.
465 5157 522 5212 ulii
533 5159 658 5214 honesta
668 5164 817 5231 appetunt,
830 5162 898 5234 quia
908 5164 973 5218 lau·
1025 5164 1083 5217 tatu
1098 5177 1152 5231 per
1165 5163 1303 5232 pietatem
1321 5163 1502 5232 excusando,
1516 5162 1652 5233 judicare
1667 5179 1727 5218 uon
1742 5181 1857 5236 praesu·

139 5244 254 5303 <labiles
269 5262 391 5318 sperare
406 5247 516 5301 volunt.
530 5247 588 5303 alii
604 5249 727 5304 honesta
744 5255 892 5323 appetunt,
904 5253 973 5326 quia
1025 5255 1117 5306 munt.
1135 5251 1211 5306 Hinc
1226 5266 1299 5324 ergo
1316 5252 1348 5306 lit
1362 5255 1393 5306 ut
1408 5251 1565 5308 inferiores
1581 5268 1614 5307 se
1630 5254 1746 5308 cunetis
1762 5254 1858 5311 existi·

138 5334 338 5409 despicabiles
350 5335 443 5390 videri
454 5337 641 5390 erubescant.
654 5337 710 5391 Alii
723 5339 972 5415 honesiafugiunt
1024 5344 1113 5419 meat,
1130 5344 1158 5396 et
1170 5341 1230 5397 boc
1244 5341 1304 5397 illis
1320 5341 1430 5397 sentire
1453 5341 1538 5398 dulce
1561 5341 1599 5397 sit
1618 5343 1698 5414 quod
1713 5359 1769 5401 sua
1784 5344 1856 5401 mala

137 5429 259 5501 propter
273 5425 475 5482 bumilitatem.
496 5425 554 5480 Alii
576 5423 701 5482 honesta
720 5427 838 5502 fugiunt
851 5434 972 5503 propter
1023 5447 1187 5509 aggravere
1203 5434 1232 5488 et
1245 5431 1370 5487 aliorum
1383 5431 1511 5488 allevare
1525 5432 1632 5504 possit.

32 5560 39 5571 .
138 5516 367 5574 simulationem.
385 5513 502 5572 Utilitas
513 5515 553 5571 iic
567 5518 730 5588 appetenda
745 5523 803 5594 est,
821 5523 853 5577 ut
866 5525 969 5582 natura
1154 5523 1217 5581 Tru.
1229 5520 1364 5578 CXXIX.
1389 5520 1465 5590 Quid
1482 5537 1554 5580 rere
1572 5527 1615 5582 sit
1628 5524 1724 5587 tomo.

136 5600 282 5685 foveatur,
299 5609 328 5667 et
343 5606 428 5684 eulpa
443 5607 641 5684 extinguatur.
1058 5617 1155 5676 Unum
1170 5622 1216 5676 est
1230 5617 1261 5674 in
1284 5615 1403 5677 homine
1426 5619 1474 5677 cui
1494 5621 1552 5681 soli
1563 5618 1712 5696 iudicium
1727 5628 1776 5685 est
1789 5635 1855 5685 eum
