<?xml version="1.0" encoding="UTF-8"?>
<!DOCTYPE html PUBLIC "-//W3C//DTD XHTML 1.0 Transitional//EN"
    "http://www.w3.org/TR/xhtml1/DTD/xhtml1-transitional.dtd">
<html xmlns="http://www.w3.org/1999/xhtml" xml:lang="en" lang="en">
 <head>
  <title>
</title>
<meta http-equiv="Content-Type" content="text/html;charset=utf-8" />
  <meta name='ocr-system' content='tesseract 3.04.00' />
  <meta name='ocr-capabilities' content='ocr_page ocr_carea ocr_par ocr_line ocrx_word'/>
</head>
<body>
  <div class='ocr_page' id='page_1' title='image "./patrologiaecurs28unkngoog_0165.png"; bbox 0 0 3796 6022; ppageno 0'>
   <div class='ocr_carea' id='block_1_1' title="bbox 78 245 1807 324">
    <p class='ocr_par' dir='ltr' id='par_1_1' title="bbox 78 245 1807 324">
     <span class='ocr_line' id='line_1_1' title="bbox 78 245 1807 324; baseline 0.005 -10"><span class='ocrx_word' id='word_1_1' title='bbox 78 245 141 324; x_wconf 66' lang='lat'>819</span> <span class='ocrx_word' id='word_1_2' title='bbox 460 250 679 318; x_wconf 73' lang='lat' dir='ltr'><strong>APPENDIX</strong></span> <span class='ocrx_word' id='word_1_3' title='bbox 698 251 757 316; x_wconf 76' lang='lat' dir='ltr'>At)</span> <span class='ocrx_word' id='word_1_4' title='bbox 776 251 971 320; x_wconf 70' lang='lat' dir='ltr'>HUGONIS</span> <span class='ocrx_word' id='word_1_5' title='bbox 993 251 1137 319; x_wconf 80' lang='lat' dir='ltr'><strong>OPERA</strong></span> <span class='ocrx_word' id='word_1_6' title='bbox 1148 255 1425 321; x_wconf 79' lang='lat' dir='ltr'><strong>·DOGMATICA.</strong></span> <span class='ocrx_word' id='word_1_7' title='bbox 1746 256 1807 322; x_wconf 68' lang='lat'>820</span> 
     </span>
    </p>
   </div>
   <div class='ocr_carea' id='block_1_2' title="bbox 84 430 1817 2580">
    <p class='ocr_par' dir='ltr' id='par_1_2' title="bbox 84 430 1817 2491">
     <span class='ocr_line' id='line_1_2' title="bbox 84 430 1807 528; baseline 0.002 -19"><span class='ocrx_word' id='word_1_8' title='bbox 84 453 249 525; x_wconf 75' lang='lat' dir='ltr'><strong>assumpsit</strong></span> <span class='ocrx_word' id='word_1_9' title='bbox 262 458 407 526; x_wconf 87' lang='lat' dir='ltr'>naturum,</span> <span class='ocrx_word' id='word_1_10' title='bbox 429 471 492 513; x_wconf 90' lang='lat' dir='ltr'>-non</span> <span class='ocrx_word' id='word_1_11' title='bbox 506 471 675 528; x_wconf 77' lang='lat' dir='ltr'>personam.</span> <span class='ocrx_word' id='word_1_12' title='bbox 697 457 763 512; x_wconf 84' lang='lat' dir='ltr'>Non</span> <span class='ocrx_word' id='word_1_13' title='bbox 778 457 856 513; x_wconf 86' lang='lat' dir='ltr'>enim</span> <span class='ocrx_word' id='word_1_14' title='bbox 871 430 957 510; x_wconf 64' lang='lat' dir='ltr'>as·A</span> <span class='ocrx_word' id='word_1_15' title='bbox 971 457 1009 511; x_wconf 88' lang='lat' dir='ltr'>iia</span> <span class='ocrx_word' id='word_1_16' title='bbox 1027 472 1185 527; x_wconf 76' lang='lat' dir='ltr'>personam</span> <span class='ocrx_word' id='word_1_17' title='bbox 1209 473 1278 513; x_wconf 80' lang='lat' dir='ltr'>esse</span> <span class='ocrx_word' id='word_1_18' title='bbox 1299 474 1357 512; x_wconf 92' lang='lat' dir='ltr'>non</span> <span class='ocrx_word' id='word_1_19' title='bbox 1368 457 1483 513; x_wconf 84' lang='lat' dir='ltr'>babuit.</span> <span class='ocrx_word' id='word_1_20' title='bbox 1510 452 1568 513; x_wconf 80' lang='lat' dir='ltr'>Sed</span> <span class='ocrx_word' id='word_1_21' title='bbox 1585 457 1668 513; x_wconf 84' lang='lat' dir='ltr'>dices</span> <span class='ocrx_word' id='word_1_22' title='bbox 1685 457 1807 524; x_wconf 85' lang='lat' dir='ltr'>:Quare</span> 
     </span>
     <span class='ocr_line' id='line_1_3' title="bbox 86 544 1806 619; baseline 0.002 -20"><span class='ocrx_word' id='word_1_23' title='bbox 86 544 215 615; x_wconf 88' lang='lat' dir='ltr'>sumpsit</span> <span class='ocrx_word' id='word_1_24' title='bbox 230 545 378 602; x_wconf 88' lang='lat' dir='ltr'>hominem</span> <span class='ocrx_word' id='word_1_25' title='bbox 394 562 562 618; x_wconf 90' lang='lat' dir='ltr'>personam,</span> <span class='ocrx_word' id='word_1_26' title='bbox 576 548 635 603; x_wconf 86' lang='lat' dir='ltr'>sed</span> <span class='ocrx_word' id='word_1_27' title='bbox 649 547 811 617; x_wconf 72' lang='lat' dir='ltr'><strong>assumpsit</strong></span> <span class='ocrx_word' id='word_1_28' title='bbox 826 546 919 601; x_wconf 84' lang='lat' dir='ltr'>honri·</span> <span class='ocrx_word' id='word_1_29' title='bbox 970 562 1043 618; x_wconf 78' lang='lat' dir='ltr'>erge</span> <span class='ocrx_word' id='word_1_30' title='bbox 1058 551 1230 618; x_wconf 84' lang='lat' dir='ltr'>assumptas</span> <span class='ocrx_word' id='word_1_31' title='bbox 1246 564 1315 604; x_wconf 90' lang='lat' dir='ltr'>esse</span> <span class='ocrx_word' id='word_1_32' title='bbox 1331 549 1448 617; x_wconf 88' lang='lat' dir='ltr'>dieitur,</span> <span class='ocrx_word' id='word_1_33' title='bbox 1467 549 1491 601; x_wconf 84' lang='lat' dir='ltr'>si</span> <span class='ocrx_word' id='word_1_34' title='bbox 1508 563 1636 618; x_wconf 88' lang='lat' dir='ltr'>persona</span> <span class='ocrx_word' id='word_1_35' title='bbox 1652 551 1806 619; x_wconf 83' lang='lat' dir='ltr'>assumpta</span> 
     </span>
     <span class='ocr_line' id='line_1_4' title="bbox 87 634 1807 708; baseline 0.001 -19"><span class='ocrx_word' id='word_1_36' title='bbox 87 648 155 689; x_wconf 88' lang='lat' dir='ltr'>uem</span> <span class='ocrx_word' id='word_1_37' title='bbox 174 634 204 688; x_wconf 90' lang='lat' dir='ltr'>in</span> <span class='ocrx_word' id='word_1_38' title='bbox 219 651 387 704; x_wconf 87' lang='lat' dir='ltr'>personum.</span> <span class='ocrx_word' id='word_1_39' title='bbox 404 636 538 707; x_wconf 80' lang='lat' dir='ltr'>intellige</span> <span class='ocrx_word' id='word_1_40' title='bbox 558 637 637 708; x_wconf 89' lang='lat' dir='ltr'>quod</span> <span class='ocrx_word' id='word_1_41' title='bbox 653 637 731 692; x_wconf 73' lang='lat' dir='ltr'>dico,</span> <span class='ocrx_word' id='word_1_42' title='bbox 755 637 851 692; x_wconf 80' lang='lat' dir='ltr'>Firma</span> <span class='ocrx_word' id='word_1_43' title='bbox 873 640 920 689; x_wconf 84' lang='lat' dir='ltr'>est</span> <span class='ocrx_word' id='word_1_44' title='bbox 970 652 1029 690; x_wconf 90' lang='lat' dir='ltr'>non</span> <span class='ocrx_word' id='word_1_45' title='bbox 1045 637 1161 706; x_wconf 81' lang='lat' dir='ltr'>diriter,</span> <span class='ocrx_word' id='word_1_46' title='bbox 1187 653 1253 691; x_wconf 87' lang='lat' dir='ltr'>eum</span> <span class='ocrx_word' id='word_1_47' title='bbox 1274 634 1345 692; x_wconf 88' lang='lat' dir='ltr'>iilud</span> <span class='ocrx_word' id='word_1_48' title='bbox 1365 637 1517 692; x_wconf 89' lang='lat' dir='ltr'>rationalis</span> <span class='ocrx_word' id='word_1_49' title='bbox 1533 640 1646 691; x_wconf 78' lang='lat' dir='ltr'>naturae</span> <span class='ocrx_word' id='word_1_50' title='bbox 1662 637 1740 708; x_wconf 89' lang='lat' dir='ltr'>quod</span> <span class='ocrx_word' id='word_1_51' title='bbox 1758 653 1807 690; x_wconf 89' lang='lat' dir='ltr'>us-</span> 
     </span>
     <span class='ocr_line' id='line_1_5' title="bbox 87 722 1806 797; baseline 0.001 -20"><span class='ocrx_word' id='word_1_52' title='bbox 87 722 162 779; x_wconf 85' lang='lat' dir='ltr'>ildes</span> <span class='ocrx_word' id='word_1_53' title='bbox 181 723 338 791; x_wconf 61' lang='lat' dir='ltr'>catholiam</span> <span class='ocrx_word' id='word_1_54' title='bbox 357 725 486 779; x_wconf 89' lang='lat' dir='ltr'>Verbum</span> <span class='ocrx_word' id='word_1_55' title='bbox 501 742 629 796; x_wconf 88' lang='lat' dir='ltr'>persona</span> <span class='ocrx_word' id='word_1_56' title='bbox 644 725 808 795; x_wconf 80' lang='lat' dir='ltr'><strong>assumpsit</strong></span> <span class='ocrx_word' id='word_1_57' title='bbox 824 725 919 779; x_wconf 88' lang='lat' dir='ltr'>homi-</span> <span class='ocrx_word' id='word_1_58' title='bbox 971 729 1120 795; x_wconf 85' lang='lat' dir='ltr'>sumptum</span> <span class='ocrx_word' id='word_1_59' title='bbox 1140 728 1194 795; x_wconf 88' lang='lat' dir='ltr'>ost,</span> <span class='ocrx_word' id='word_1_60' title='bbox 1211 729 1279 780; x_wconf 87' lang='lat' dir='ltr'>ante</span> <span class='ocrx_word' id='word_1_61' title='bbox 1297 727 1393 797; x_wconf 84' lang='lat' dir='ltr'>ipsam</span> <span class='ocrx_word' id='word_1_62' title='bbox 1408 726 1546 781; x_wconf 89' lang='lat' dir='ltr'>unionem</span> <span class='ocrx_word' id='word_1_63' title='bbox 1567 741 1622 779; x_wconf 90' lang='lat' dir='ltr'>neo</span> <span class='ocrx_word' id='word_1_64' title='bbox 1643 724 1731 781; x_wconf 88' lang='lat' dir='ltr'>homo</span> <span class='ocrx_word' id='word_1_65' title='bbox 1751 740 1806 780; x_wconf 88' lang='lat' dir='ltr'>nee</span> 
     </span>
     <span class='ocr_line' id='line_1_6' title="bbox 87 813 1808 887; baseline 0.001 -21"><span class='ocrx_word' id='word_1_66' title='bbox 87 827 155 867; x_wconf 89' lang='lat' dir='ltr'>nem</span> <span class='ocrx_word' id='word_1_67' title='bbox 177 828 235 867; x_wconf 92' lang='lat' dir='ltr'>non</span> <span class='ocrx_word' id='word_1_68' title='bbox 250 829 419 883; x_wconf 87' lang='lat' dir='ltr'>personam,</span> <span class='ocrx_word' id='word_1_69' title='bbox 436 815 490 870; x_wconf 89' lang='lat' dir='ltr'>sed</span> <span class='ocrx_word' id='word_1_70' title='bbox 505 819 647 871; x_wconf 76' lang='lat' dir='ltr'>naturam.</span> <span class='ocrx_word' id='word_1_71' title='bbox 663 815 760 880; x_wconf 88' lang='lat' dir='ltr'>Quare</span> <span class='ocrx_word' id='word_1_72' title='bbox 778 831 836 869; x_wconf 91' lang='lat' dir='ltr'>non</span> <span class='ocrx_word' id='word_1_73' title='bbox 853 813 922 868; x_wconf 89' lang='lat' dir='ltr'>diei·</span> <span class='ocrx_word' id='word_1_74' title='bbox 970 814 1266 887; x_wconf 62' lang='lat' dir='ltr'>personarumque</span> <span class='ocrx_word' id='word_1_75' title='bbox 1286 821 1367 870; x_wconf 88' lang='lat' dir='ltr'>extra</span> <span class='ocrx_word' id='word_1_76' title='bbox 1387 815 1525 869; x_wconf 91' lang='lat' dir='ltr'>unionem</span> <span class='ocrx_word' id='word_1_77' title='bbox 1540 829 1593 884; x_wconf 91' lang='lat' dir='ltr'>per</span> <span class='ocrx_word' id='word_1_78' title='bbox 1607 829 1641 868; x_wconf 84' lang='lat' dir='ltr'>sc</span> <span class='ocrx_word' id='word_1_79' title='bbox 1655 829 1808 886; x_wconf 88' lang='lat' dir='ltr'>nunquam</span> 
     </span>
     <span class='ocr_line' id='line_1_7' title="bbox 87 896 1808 976; baseline 0.002 -21"><span class='ocrx_word' id='word_1_80' title='bbox 87 904 921 976; x_wconf 79' lang='lat' dir='ltr'>muspersonamassumptum,sieutdieimnspersenam</span> <span class='ocrx_word' id='word_1_81' title='bbox 971 903 1035 973; x_wconf 84' lang='lat' dir='ltr'>tuit,</span> <span class='ocrx_word' id='word_1_82' title='bbox 1058 905 1197 975; x_wconf 79' lang='lat' dir='ltr'>qnoniam</span> <span class='ocrx_word' id='word_1_83' title='bbox 1221 908 1406 975; x_wconf 88' lang='lat' dir='ltr'>assumptum</span> <span class='ocrx_word' id='word_1_84' title='bbox 1435 908 1540 959; x_wconf 87' lang='lat' dir='ltr'>estex</span> <span class='ocrx_word' id='word_1_85' title='bbox 1563 918 1622 975; x_wconf 93' lang='lat' dir='ltr'>quo</span> <span class='ocrx_word' id='word_1_86' title='bbox 1651 896 1727 957; x_wconf 75' lang='lat' dir='ltr'>fuist</span> <span class='ocrx_word' id='word_1_87' title='bbox 1748 902 1808 958; x_wconf 89' lang='lat' dir='ltr'>Sed</span> 
     </span>
     <span class='ocr_line' id='line_1_8' title="bbox 85 992 1808 1064; baseline 0 -19"><span class='ocrx_word' id='word_1_88' title='bbox 85 993 311 1046; x_wconf 76' lang='lat' dir='ltr'><strong>assumentem?</strong></span> <span class='ocrx_word' id='word_1_89' title='bbox 335 992 379 1046; x_wconf 86' lang='lat' dir='ltr'>Ne</span> <span class='ocrx_word' id='word_1_90' title='bbox 399 994 473 1048; x_wconf 84' lang='lat' dir='ltr'>duas</span> <span class='ocrx_word' id='word_1_91' title='bbox 504 1010 650 1063; x_wconf 79' lang='lat' dir='ltr'><strong>personas</strong></span> <span class='ocrx_word' id='word_1_92' title='bbox 677 995 877 1064; x_wconf 76' lang='lat' dir='ltr'>prredieemas</span> <span class='ocrx_word' id='word_1_93' title='bbox 893 996 921 1047; x_wconf 91' lang='lat' dir='ltr'>in</span> <span class='ocrx_word' id='word_1_94' title='bbox 972 993 1128 1047; x_wconf 85' lang='lat' dir='ltr'>considera</span> <span class='ocrx_word' id='word_1_95' title='bbox 1149 994 1218 1064; x_wconf 88' lang='lat' dir='ltr'>quia</span> <span class='ocrx_word' id='word_1_96' title='bbox 1233 993 1261 1047; x_wconf 92' lang='lat' dir='ltr'>id</span> <span class='ocrx_word' id='word_1_97' title='bbox 1277 993 1429 1048; x_wconf 77' lang='lat' dir='ltr'>rationalis</span> <span class='ocrx_word' id='word_1_98' title='bbox 1451 996 1563 1048; x_wconf 86' lang='lat' dir='ltr'>naturae</span> <span class='ocrx_word' id='word_1_99' title='bbox 1584 992 1663 1064; x_wconf 84' lang='lat' dir='ltr'>quod</span> <span class='ocrx_word' id='word_1_100' title='bbox 1686 1007 1808 1047; x_wconf 86' lang='lat' dir='ltr'>ussum-</span> 
     </span>
     <span class='ocr_line' id='line_1_9' title="bbox 87 1069 1808 1154; baseline 0.001 -22"><span class='ocrx_word' id='word_1_101' title='bbox 87 1076 221 1144; x_wconf 87' lang='lat' dir='ltr'>Christo,</span> <span class='ocrx_word' id='word_1_102' title='bbox 247 1069 279 1134; x_wconf 71' lang='lat' dir='ltr'>ct¹</span> <span class='ocrx_word' id='word_1_103' title='bbox 298 1096 333 1134; x_wconf 91' lang='lat' dir='ltr'>ne</span> <span class='ocrx_word' id='word_1_104' title='bbox 354 1083 580 1152; x_wconf 72' lang='lat' dir='ltr'>quaternitatem</span> <span class='ocrx_word' id='word_1_105' title='bbox 600 1083 740 1139; x_wconf 81' lang='lat' dir='ltr'>indurare</span> <span class='ocrx_word' id='word_1_106' title='bbox 758 1083 920 1151; x_wconf 87' lang='lat' dir='ltr'>videamur,</span> <span class='ocrx_word' id='word_1_107' title='bbox 972 1086 1052 1152; x_wconf 89' lang='lat' dir='ltr'>ptum</span> <span class='ocrx_word' id='word_1_108' title='bbox 1073 1086 1174 1137; x_wconf 81' lang='lat' dir='ltr'>estex</span> <span class='ocrx_word' id='word_1_109' title='bbox 1199 1099 1234 1137; x_wconf 87' lang='lat' dir='ltr'>oo</span> <span class='ocrx_word' id='word_1_110' title='bbox 1259 1083 1339 1154; x_wconf 89' lang='lat' dir='ltr'>quod</span> <span class='ocrx_word' id='word_1_111' title='bbox 1363 1083 1418 1138; x_wconf 83' lang='lat' dir='ltr'>suit</span> <span class='ocrx_word' id='word_1_112' title='bbox 1440 1082 1542 1150; x_wconf 83' lang='lat' dir='ltr'>bomo,</span> <span class='ocrx_word' id='word_1_113' title='bbox 1562 1082 1591 1135; x_wconf 89' lang='lat' dir='ltr'>id</span> <span class='ocrx_word' id='word_1_114' title='bbox 1611 1083 1657 1135; x_wconf 90' lang='lat' dir='ltr'>est</span> <span class='ocrx_word' id='word_1_115' title='bbox 1680 1081 1808 1135; x_wconf 87' lang='lat' dir='ltr'>hnmana</span> 
     </span>
     <span class='ocr_line' id='line_1_10' title="bbox 88 1167 1810 1244; baseline 0.002 -24"><span class='ocrx_word' id='word_1_116' title='bbox 88 1170 117 1221; x_wconf 90' lang='lat' dir='ltr'>et</span> <span class='ocrx_word' id='word_1_117' title='bbox 128 1167 325 1225; x_wconf 86' lang='lat' dir='ltr'>confundatur</span> <span class='ocrx_word' id='word_1_118' title='bbox 339 1171 489 1244; x_wconf 86' lang='lat' dir='ltr'>Trrnitutis</span> <span class='ocrx_word' id='word_1_119' title='bbox 501 1172 663 1227; x_wconf 83' lang='lat' dir='ltr'>confessio.</span> <span class='ocrx_word' id='word_1_120' title='bbox 682 1173 840 1243; x_wconf 81' lang='lat' dir='ltr'>Propterea</span> <span class='ocrx_word' id='word_1_121' title='bbox 851 1172 922 1225; x_wconf 85' lang='lat' dir='ltr'>diei·</span> <span class='ocrx_word' id='word_1_122' title='bbox 973 1174 1086 1240; x_wconf 89' lang='lat' dir='ltr'>natura,</span> <span class='ocrx_word' id='word_1_123' title='bbox 1110 1187 1179 1226; x_wconf 88' lang='lat' dir='ltr'>esse</span> <span class='ocrx_word' id='word_1_124' title='bbox 1195 1171 1305 1227; x_wconf 84' lang='lat' dir='ltr'>habuit.</span> <span class='ocrx_word' id='word_1_125' title='bbox 1322 1171 1396 1237; x_wconf 77' lang='lat' dir='ltr'>Quia</span> <span class='ocrx_word' id='word_1_126' title='bbox 1412 1184 1486 1243; x_wconf 78' lang='lat' dir='ltr'>ergo</span> <span class='ocrx_word' id='word_1_127' title='bbox 1507 1174 1692 1241; x_wconf 89' lang='lat' dir='ltr'>assumptum</span> <span class='ocrx_word' id='word_1_128' title='bbox 1715 1173 1762 1225; x_wconf 87' lang='lat' dir='ltr'>est</span> <span class='ocrx_word' id='word_1_129' title='bbox 1780 1170 1810 1224; x_wconf 92' lang='lat' dir='ltr'>in</span> 
     </span>
     <span class='ocr_line' id='line_1_11' title="bbox 87 1256 1810 1332; baseline 0.001 -20"><span class='ocrx_word' id='word_1_130' title='bbox 87 1272 155 1312; x_wconf 87' lang='lat' dir='ltr'>mus</span> <span class='ocrx_word' id='word_1_131' title='bbox 166 1256 315 1312; x_wconf 88' lang='lat' dir='ltr'>bominem</span> <span class='ocrx_word' id='word_1_132' title='bbox 325 1263 468 1328; x_wconf 88' lang='lat' dir='ltr'>naturum,</span> <span class='ocrx_word' id='word_1_133' title='bbox 482 1277 540 1315; x_wconf 92' lang='lat' dir='ltr'>non</span> <span class='ocrx_word' id='word_1_134' title='bbox 555 1276 724 1330; x_wconf 81' lang='lat' dir='ltr'>personam,</span> <span class='ocrx_word' id='word_1_135' title='bbox 737 1264 921 1332; x_wconf 88' lang='lat' dir='ltr'>assumptum</span> <span class='ocrx_word' id='word_1_136' title='bbox 973 1276 1008 1315; x_wconf 90' lang='lat' dir='ltr'>eo</span> <span class='ocrx_word' id='word_1_137' title='bbox 1023 1260 1102 1331; x_wconf 88' lang='lat' dir='ltr'>quod</span> <span class='ocrx_word' id='word_1_138' title='bbox 1117 1261 1180 1331; x_wconf 86' lang='lat' dir='ltr'>init,</span> <span class='ocrx_word' id='word_1_139' title='bbox 1198 1277 1235 1316; x_wconf 80' lang='lat' dir='ltr'>ex</span> <span class='ocrx_word' id='word_1_140' title='bbox 1246 1277 1306 1332; x_wconf 91' lang='lat' dir='ltr'>quo</span> <span class='ocrx_word' id='word_1_141' title='bbox 1322 1261 1409 1316; x_wconf 89' lang='lat' dir='ltr'>bomo</span> <span class='ocrx_word' id='word_1_142' title='bbox 1425 1261 1489 1328; x_wconf 85' lang='lat' dir='ltr'>tait,</span> <span class='ocrx_word' id='word_1_143' title='bbox 1508 1261 1575 1316; x_wconf 91' lang='lat' dir='ltr'>ideo</span> <span class='ocrx_word' id='word_1_144' title='bbox 1585 1259 1674 1314; x_wconf 91' lang='lat' dir='ltr'>homo</span> <span class='ocrx_word' id='word_1_145' title='bbox 1688 1274 1810 1314; x_wconf 85' lang='lat' dir='ltr'>assum-</span> 
     </span>
     <span class='ocr_line' id='line_1_12' title="bbox 88 1345 1809 1422; baseline -0.001 -18"><span class='ocrx_word' id='word_1_146' title='bbox 88 1361 107 1404; x_wconf 78' lang='lat' dir='ltr'>a</span> <span class='ocrx_word' id='word_1_147' title='bbox 123 1345 231 1402; x_wconf 89' lang='lat' dir='ltr'>Verbo.</span> <span class='ocrx_word' id='word_1_148' title='bbox 255 1347 330 1412; x_wconf 85' lang='lat' dir='ltr'>Quid</span> <span class='ocrx_word' id='word_1_149' title='bbox 350 1354 396 1405; x_wconf 82' lang='lat' dir='ltr'>est</span> <span class='ocrx_word' id='word_1_150' title='bbox 418 1350 527 1406; x_wconf 81' lang='lat' dir='ltr'>hento‘?</span> <span class='ocrx_word' id='word_1_151' title='bbox 544 1352 691 1422; x_wconf 78' lang='lat' dir='ltr'>Animaet</span> <span class='ocrx_word' id='word_1_152' title='bbox 710 1367 830 1421; x_wconf 86' lang='lat' dir='ltr'>eorpus.</span> <span class='ocrx_word' id='word_1_153' title='bbox 853 1351 923 1405; x_wconf 88' lang='lat' dir='ltr'>Pro·</span> <span class='ocrx_word' id='word_1_154' title='bbox 973 1354 1042 1420; x_wconf 89' lang='lat' dir='ltr'>ptus</span> <span class='ocrx_word' id='word_1_155' title='bbox 1057 1353 1112 1403; x_wconf 88' lang='lat' dir='ltr'>est.</span> <span class='ocrx_word' id='word_1_156' title='bbox 1126 1349 1157 1412; x_wconf 81' lang='lat' dir='ltr'>ld</span> <span class='ocrx_word' id='word_1_157' title='bbox 1172 1350 1249 1405; x_wconf 90' lang='lat' dir='ltr'>enim</span> <span class='ocrx_word' id='word_1_158' title='bbox 1265 1354 1449 1420; x_wconf 88' lang='lat' dir='ltr'>assumptum</span> <span class='ocrx_word' id='word_1_159' title='bbox 1462 1349 1597 1420; x_wconf 82' lang='lat' dir='ltr'>estquod</span> <span class='ocrx_word' id='word_1_160' title='bbox 1608 1348 1696 1402; x_wconf 87' lang='lat' dir='ltr'>horno</span> <span class='ocrx_word' id='word_1_161' title='bbox 1713 1349 1809 1403; x_wconf 84' lang='lat' dir='ltr'>tuitio</span> 
     </span>
     <span class='ocr_line' id='line_1_13' title="bbox 88 1435 1810 1510; baseline 0 -22"><span class='ocrx_word' id='word_1_162' title='bbox 88 1437 189 1505; x_wconf 87' lang='lat' dir='ltr'>pterea</span> <span class='ocrx_word' id='word_1_163' title='bbox 205 1435 293 1491; x_wconf 92' lang='lat' dir='ltr'>homo</span> <span class='ocrx_word' id='word_1_164' title='bbox 307 1442 480 1509; x_wconf 87' lang='lat' dir='ltr'>assumptus</span> <span class='ocrx_word' id='word_1_165' title='bbox 496 1443 551 1508; x_wconf 88' lang='lat' dir='ltr'>est,</span> <span class='ocrx_word' id='word_1_166' title='bbox 571 1440 639 1510; x_wconf 89' lang='lat' dir='ltr'>quia</span> <span class='ocrx_word' id='word_1_167' title='bbox 654 1441 750 1495; x_wconf 87' lang='lat' dir='ltr'>anima</span> <span class='ocrx_word' id='word_1_168' title='bbox 771 1444 799 1495; x_wconf 91' lang='lat' dir='ltr'>et</span> <span class='ocrx_word' id='word_1_169' title='bbox 814 1456 923 1510; x_wconf 92' lang='lat' dir='ltr'>corpus</span> <span class='ocrx_word' id='word_1_170' title='bbox 974 1442 1092 1494; x_wconf 86' lang='lat' dir='ltr'>eoetex</span> <span class='ocrx_word' id='word_1_171' title='bbox 1104 1437 1421 1510; x_wconf 78' lang='lat' dir='ltr'>e&#39;oquodassumprum</span> <span class='ocrx_word' id='word_1_172' title='bbox 1432 1443 1487 1507; x_wconf 86' lang='lat' dir='ltr'>est,</span> <span class='ocrx_word' id='word_1_173' title='bbox 1498 1438 1669 1510; x_wconf 86' lang='lat' dir='ltr'>quiauutom</span> <span class='ocrx_word' id='word_1_174' title='bbox 1685 1437 1714 1489; x_wconf 90' lang='lat' dir='ltr'>id</span> <span class='ocrx_word' id='word_1_175' title='bbox 1731 1437 1810 1507; x_wconf 87' lang='lat' dir='ltr'>qnod</span> 
     </span>
     <span class='ocr_line' id='line_1_14' title="bbox 89 1524 1810 1599; baseline -0.001 -21"><span class='ocrx_word' id='word_1_176' title='bbox 89 1528 275 1593; x_wconf 87' lang='lat' dir='ltr'>assumptum</span> <span class='ocrx_word' id='word_1_177' title='bbox 299 1530 359 1581; x_wconf 86' lang='lat' dir='ltr'>est.</span> <span class='ocrx_word' id='word_1_178' title='bbox 376 1527 535 1598; x_wconf 74' lang='lat' dir='ltr'>Propterea</span> <span class='ocrx_word' id='word_1_179' title='bbox 550 1544 677 1599; x_wconf 79' lang='lat' dir='ltr'>persona</span> <span class='ocrx_word' id='word_1_180' title='bbox 693 1533 845 1599; x_wconf 84' lang='lat' dir='ltr'>assumpta</span> <span class='ocrx_word' id='word_1_181' title='bbox 865 1545 924 1583; x_wconf 90' lang='lat' dir='ltr'>non</span> <span class='ocrx_word' id='word_1_182' title='bbox 974 1529 1161 1598; x_wconf 89' lang='lat' dir='ltr'>assumptum</span> <span class='ocrx_word' id='word_1_183' title='bbox 1181 1532 1228 1582; x_wconf 87' lang='lat' dir='ltr'>est</span> <span class='ocrx_word' id='word_1_184' title='bbox 1246 1528 1400 1582; x_wconf 87' lang='lat' dir='ltr'>rationalis</span> <span class='ocrx_word' id='word_1_185' title='bbox 1416 1531 1527 1581; x_wconf 79' lang='lat' dir='ltr'>noturus</span> <span class='ocrx_word' id='word_1_186' title='bbox 1544 1540 1581 1583; x_wconf 87' lang='lat' dir='ltr'>ex</span> <span class='ocrx_word' id='word_1_187' title='bbox 1602 1525 1731 1596; x_wconf 87' lang='lat' dir='ltr'>eoquod</span> <span class='ocrx_word' id='word_1_188' title='bbox 1755 1524 1810 1578; x_wconf 82' lang='lat' dir='ltr'>fuit</span> 
     </span>
     <span class='ocr_line' id='line_1_15' title="bbox 91 1613 1809 1688; baseline 0 -21"><span class='ocrx_word' id='word_1_189' title='bbox 91 1615 147 1681; x_wconf 88' lang='lat' dir='ltr'>est,</span> <span class='ocrx_word' id='word_1_190' title='bbox 163 1613 231 1684; x_wconf 91' lang='lat' dir='ltr'>quia</span> <span class='ocrx_word' id='word_1_191' title='bbox 247 1615 380 1670; x_wconf 82' lang='lat' dir='ltr'>eninruet</span> <span class='ocrx_word' id='word_1_192' title='bbox 392 1632 505 1686; x_wconf 75' lang='lat' dir='ltr'>crrrprur</span> <span class='ocrx_word' id='word_1_193' title='bbox 519 1622 674 1688; x_wconf 83' lang='lat' dir='ltr'>antequam</span> <span class='ocrx_word' id='word_1_194' title='bbox 692 1618 790 1674; x_wconf 85' lang='lat' dir='ltr'>Verbo</span> <span class='ocrx_word' id='word_1_195' title='bbox 805 1618 925 1673; x_wconf 88' lang='lat' dir='ltr'>uniren-</span> <span class='ocrx_word' id='word_1_196' title='bbox 975 1632 1182 1688; x_wconf 35' lang='lat' dir='ltr'>persoau&#39;non</span> <span class='ocrx_word' id='word_1_197' title='bbox 1201 1616 1267 1685; x_wconf 88' lang='lat' dir='ltr'>t&#39;uit,</span> <span class='ocrx_word' id='word_1_198' title='bbox 1283 1617 1352 1688; x_wconf 90' lang='lat' dir='ltr'>quia</span> <span class='ocrx_word' id='word_1_199' title='bbox 1371 1631 1425 1687; x_wconf 90' lang='lat' dir='ltr'>per</span> <span class='ocrx_word' id='word_1_200' title='bbox 1439 1632 1474 1670; x_wconf 90' lang='lat' dir='ltr'>se</span> <span class='ocrx_word' id='word_1_201' title='bbox 1489 1631 1548 1671; x_wconf 89' lang='lat' dir='ltr'>non</span> <span class='ocrx_word' id='word_1_202' title='bbox 1563 1615 1637 1683; x_wconf 82' lang='lat' dir='ltr'>iuit3</span> <span class='ocrx_word' id='word_1_203' title='bbox 1652 1614 1705 1668; x_wconf 91' lang='lat' dir='ltr'>sed</span> <span class='ocrx_word' id='word_1_204' title='bbox 1721 1629 1759 1668; x_wconf 83' lang='lat' dir='ltr'>ex</span> <span class='ocrx_word' id='word_1_205' title='bbox 1772 1629 1809 1667; x_wconf 92' lang='lat' dir='ltr'>eo</span> 
     </span>
     <span class='ocr_line' id='line_1_16' title="bbox 90 1701 1810 1778; baseline -0.001 -21"><span class='ocrx_word' id='word_1_206' title='bbox 90 1703 138 1757; x_wconf 86' lang='lat' dir='ltr'>tur</span> <span class='ocrx_word' id='word_1_207' title='bbox 153 1701 183 1759; x_wconf 92' lang='lat' dir='ltr'>in</span> <span class='ocrx_word' id='word_1_208' title='bbox 197 1717 366 1774; x_wconf 87' lang='lat' dir='ltr'>personum,</span> <span class='ocrx_word' id='word_1_209' title='bbox 383 1721 442 1760; x_wconf 90' lang='lat' dir='ltr'>non</span> <span class='ocrx_word' id='word_1_210' title='bbox 458 1709 541 1761; x_wconf 84' lang='lat' dir='ltr'>erent</span> <span class='ocrx_word' id='word_1_211' title='bbox 564 1707 645 1761; x_wconf 84' lang='lat' dir='ltr'>inter-</span> <span class='ocrx_word' id='word_1_212' title='bbox 661 1723 695 1762; x_wconf 87' lang='lat' dir='ltr'>se</span> <span class='ocrx_word' id='word_1_213' title='bbox 711 1709 790 1762; x_wconf 88' lang='lat' dir='ltr'>unita</span> <span class='ocrx_word' id='word_1_214' title='bbox 806 1707 842 1761; x_wconf 91' lang='lat' dir='ltr'>ud</span> <span class='ocrx_word' id='word_1_215' title='bbox 856 1723 925 1776; x_wconf 91' lang='lat' dir='ltr'>per-</span> <span class='ocrx_word' id='word_1_216' title='bbox 975 1706 1055 1778; x_wconf 85' lang='lat' dir='ltr'>qnod</span> <span class='ocrx_word' id='word_1_217' title='bbox 1068 1707 1432 1776; x_wconf 81' lang='lat' dir='ltr'>ussumptumestuuitum</span> <span class='ocrx_word' id='word_1_218' title='bbox 1442 1711 1497 1772; x_wconf 83' lang='lat' dir='ltr'>eet,</span> <span class='ocrx_word' id='word_1_219' title='bbox 1510 1709 1539 1759; x_wconf 92' lang='lat' dir='ltr'>et</span> <span class='ocrx_word' id='word_1_220' title='bbox 1553 1703 1727 1774; x_wconf 81' lang='lat' dir='ltr'>err-eoquod</span> <span class='ocrx_word' id='word_1_221' title='bbox 1741 1702 1810 1756; x_wconf 90' lang='lat' dir='ltr'>uni-</span> 
     </span>
     <span class='ocr_line' id='line_1_17' title="bbox 92 1791 1809 1866; baseline 0 -22"><span class='ocrx_word' id='word_1_222' title='bbox 92 1804 207 1845; x_wconf 82' lang='lat' dir='ltr'>sonum.</span> <span class='ocrx_word' id='word_1_223' title='bbox 224 1791 339 1847; x_wconf 87' lang='lat' dir='ltr'>ldeirco</span> <span class='ocrx_word' id='word_1_224' title='bbox 354 1794 422 1864; x_wconf 88' lang='lat' dir='ltr'>quia</span> <span class='ocrx_word' id='word_1_225' title='bbox 438 1799 590 1866; x_wconf 85' lang='lat' dir='ltr'>assumpta</span> <span class='ocrx_word' id='word_1_226' title='bbox 604 1813 665 1851; x_wconf 89' lang='lat' dir='ltr'>non</span> <span class='ocrx_word' id='word_1_227' title='bbox 680 1801 759 1866; x_wconf 89' lang='lat' dir='ltr'>sunt,</span> <span class='ocrx_word' id='word_1_228' title='bbox 777 1797 926 1852; x_wconf 86' lang='lat' dir='ltr'>unitunon</span> <span class='ocrx_word' id='word_1_229' title='bbox 977 1798 1101 1863; x_wconf 79' lang='lat' dir='ltr'>tamesi,</span> <span class='ocrx_word' id='word_1_230' title='bbox 1111 1811 1168 1851; x_wconf 87' lang='lat' dir='ltr'>nne</span> <span class='ocrx_word' id='word_1_231' title='bbox 1184 1810 1251 1849; x_wconf 90' lang='lat' dir='ltr'>eum</span> <span class='ocrx_word' id='word_1_232' title='bbox 1263 1795 1624 1865; x_wconf 82' lang='lat' dir='ltr'>Verbeunientepersonu</span> <span class='ocrx_word' id='word_1_233' title='bbox 1636 1791 1809 1847; x_wconf 79' lang='lat' dir='ltr'>estidciroo</span> 
     </span>
     <span class='ocr_line' id='line_1_18' title="bbox 92 1880 1812 1957; baseline -0.001 -24"><span class='ocrx_word' id='word_1_234' title='bbox 92 1883 172 1949; x_wconf 90' lang='lat' dir='ltr'>sunt,</span> <span class='ocrx_word' id='word_1_235' title='bbox 189 1885 340 1951; x_wconf 88' lang='lat' dir='ltr'>assumpta</span> <span class='ocrx_word' id='word_1_236' title='bbox 356 1898 498 1952; x_wconf 86' lang='lat' dir='ltr'>persona,</span> <span class='ocrx_word' id='word_1_237' title='bbox 511 1885 579 1955; x_wconf 89' lang='lat' dir='ltr'>quia</span> <span class='ocrx_word' id='word_1_238' title='bbox 595 1901 666 1940; x_wconf 85' lang='lat' dir='ltr'>rere</span> <span class='ocrx_word' id='word_1_239' title='bbox 684 1886 714 1940; x_wconf 93' lang='lat' dir='ltr'>in</span> <span class='ocrx_word' id='word_1_240' title='bbox 730 1901 766 1941; x_wconf 90' lang='lat' dir='ltr'>eo</span> <span class='ocrx_word' id='word_1_241' title='bbox 780 1885 859 1957; x_wconf 90' lang='lat' dir='ltr'>quod</span> <span class='ocrx_word' id='word_1_242' title='bbox 875 1901 926 1939; x_wconf 90' lang='lat' dir='ltr'>us·</span> <span class='ocrx_word' id='word_1_243' title='bbox 977 1900 1104 1956; x_wconf 89' lang='lat' dir='ltr'>persona</span> <span class='ocrx_word' id='word_1_244' title='bbox 1128 1888 1279 1954; x_wconf 83' lang='lat' dir='ltr'>assnmpta</span> <span class='ocrx_word' id='word_1_245' title='bbox 1300 1901 1358 1939; x_wconf 91' lang='lat' dir='ltr'>non</span> <span class='ocrx_word' id='word_1_246' title='bbox 1381 1885 1496 1951; x_wconf 85' lang='lat' dir='ltr'>dieitur,</span> <span class='ocrx_word' id='word_1_247' title='bbox 1519 1883 1577 1938; x_wconf 88' lang='lat' dir='ltr'>-sed</span> <span class='ocrx_word' id='word_1_248' title='bbox 1598 1885 1711 1951; x_wconf 89' lang='lat' dir='ltr'>nature,</span> <span class='ocrx_word' id='word_1_249' title='bbox 1742 1880 1812 1951; x_wconf 86' lang='lat' dir='ltr'>quia</span> 
     </span>
     <span class='ocr_line' id='line_1_19' title="bbox 93 1971 1814 2046; baseline -0.001 -24"><span class='ocrx_word' id='word_1_250' title='bbox 93 1971 209 2038; x_wconf 88' lang='lat' dir='ltr'>sumpta</span> <span class='ocrx_word' id='word_1_251' title='bbox 233 1973 302 2029; x_wconf 90' lang='lat' dir='ltr'>suut</span> <span class='ocrx_word' id='word_1_252' title='bbox 328 1972 409 2026; x_wconf 88' lang='lat' dir='ltr'>unita</span> <span class='ocrx_word' id='word_1_253' title='bbox 432 1977 515 2043; x_wconf 89' lang='lat' dir='ltr'>sunt,</span> <span class='ocrx_word' id='word_1_254' title='bbox 540 1974 570 2030; x_wconf 90' lang='lat' dir='ltr'>in</span> <span class='ocrx_word' id='word_1_255' title='bbox 592 1990 751 2044; x_wconf 74' lang='lat' dir='ltr'>personam</span> <span class='ocrx_word' id='word_1_256' title='bbox 774 1979 927 2044; x_wconf 89' lang='lat' dir='ltr'>assumpta</span> <span class='ocrx_word' id='word_1_257' title='bbox 979 1975 1058 2046; x_wconf 89' lang='lat' dir='ltr'>quod</span> <span class='ocrx_word' id='word_1_258' title='bbox 1073 1977 1258 2042; x_wconf 89' lang='lat' dir='ltr'>assumptum</span> <span class='ocrx_word' id='word_1_259' title='bbox 1278 1977 1325 2029; x_wconf 91' lang='lat' dir='ltr'>est</span> <span class='ocrx_word' id='word_1_260' title='bbox 1339 1990 1376 2028; x_wconf 85' lang='lat' dir='ltr'>ex</span> <span class='ocrx_word' id='word_1_261' title='bbox 1396 1991 1431 2030; x_wconf 89' lang='lat' dir='ltr'>eo</span> <span class='ocrx_word' id='word_1_262' title='bbox 1447 1973 1526 2045; x_wconf 85' lang='lat' dir='ltr'>quod</span> <span class='ocrx_word' id='word_1_263' title='bbox 1542 1971 1606 2040; x_wconf 80' lang='lat' dir='ltr'>fuit,</span> <span class='ocrx_word' id='word_1_264' title='bbox 1621 1974 1651 2024; x_wconf 91' lang='lat' dir='ltr'>et</span> <span class='ocrx_word' id='word_1_265' title='bbox 1665 1973 1769 2024; x_wconf 90' lang='lat' dir='ltr'>natura</span> <span class='ocrx_word' id='word_1_266' title='bbox 1785 1973 1814 2022; x_wconf 90' lang='lat' dir='ltr'>et</span> 
     </span>
     <span class='ocr_line' id='line_1_20' title="bbox 93 2057 1813 2135; baseline -0.001 -24"><span class='ocrx_word' id='word_1_267' title='bbox 93 2060 171 2112; x_wconf 91' lang='lat' dir='ltr'>sunt.</span> <span class='ocrx_word' id='word_1_268' title='bbox 184 2057 242 2114; x_wconf 85' lang='lat' dir='ltr'>Sed</span> <span class='ocrx_word' id='word_1_269' title='bbox 257 2059 356 2115; x_wconf 85' lang='lat' dir='ltr'>diros:</span> <span class='ocrx_word' id='word_1_270' title='bbox 369 2062 400 2115; x_wconf 81' lang='lat' dir='ltr'>Si</span> <span class='ocrx_word' id='word_1_271' title='bbox 415 2062 513 2117; x_wconf 90' lang='lat' dir='ltr'>anima</span> <span class='ocrx_word' id='word_1_272' title='bbox 527 2066 556 2117; x_wconf 91' lang='lat' dir='ltr'>et</span> <span class='ocrx_word' id='word_1_273' title='bbox 571 2067 846 2135; x_wconf 82' lang='lat' dir='ltr'>eorpusantequam</span> <span class='ocrx_word' id='word_1_274' title='bbox 861 2064 928 2119; x_wconf 89' lang='lat' dir='ltr'>uni-</span> <span class='ocrx_word' id='word_1_275' title='bbox 980 2063 1079 2133; x_wconf 84' lang='lat' dir='ltr'>homo,</span> <span class='ocrx_word' id='word_1_276' title='bbox 1096 2064 1125 2117; x_wconf 90' lang='lat' dir='ltr'>id</span> <span class='ocrx_word' id='word_1_277' title='bbox 1137 2066 1182 2116; x_wconf 89' lang='lat' dir='ltr'>est</span> <span class='ocrx_word' id='word_1_278' title='bbox 1196 2067 1299 2116; x_wconf 87' lang='lat' dir='ltr'>natura</span> <span class='ocrx_word' id='word_1_279' title='bbox 1316 2063 1442 2117; x_wconf 87' lang='lat' dir='ltr'>humana</span> <span class='ocrx_word' id='word_1_280' title='bbox 1458 2077 1527 2117; x_wconf 86' lang='lat' dir='ltr'>esse</span> <span class='ocrx_word' id='word_1_281' title='bbox 1544 2060 1662 2127; x_wconf 77' lang='lat' dir='ltr'>habuit3</span> <span class='ocrx_word' id='word_1_282' title='bbox 1685 2074 1813 2129; x_wconf 86' lang='lat' dir='ltr'>persona</span> 
     </span>
     <span class='ocr_line' id='line_1_21' title="bbox 93 2146 1816 2225; baseline 0 -25"><span class='ocrx_word' id='word_1_283' title='bbox 93 2149 196 2203; x_wconf 90' lang='lat' dir='ltr'>rentur</span> <span class='ocrx_word' id='word_1_284' title='bbox 205 2146 314 2218; x_wconf 89' lang='lat' dir='ltr'>Verbo,</span> <span class='ocrx_word' id='word_1_285' title='bbox 331 2149 397 2204; x_wconf 87' lang='lat' dir='ltr'>ideo</span> <span class='ocrx_word' id='word_1_286' title='bbox 411 2167 539 2222; x_wconf 88' lang='lat' dir='ltr'>persona</span> <span class='ocrx_word' id='word_1_287' title='bbox 550 2169 609 2207; x_wconf 91' lang='lat' dir='ltr'>non</span> <span class='ocrx_word' id='word_1_288' title='bbox 620 2157 712 2223; x_wconf 88' lang='lat' dir='ltr'>erunt,</span> <span class='ocrx_word' id='word_1_289' title='bbox 729 2154 797 2225; x_wconf 87' lang='lat' dir='ltr'>quia</span> <span class='ocrx_word' id='word_1_290' title='bbox 814 2154 928 2208; x_wconf 83' lang='lat' dir='ltr'>interae</span> <span class='ocrx_word' id='word_1_291' title='bbox 981 2157 1078 2208; x_wconf 91' lang='lat' dir='ltr'>autem</span> <span class='ocrx_word' id='word_1_292' title='bbox 1093 2169 1152 2207; x_wconf 91' lang='lat' dir='ltr'>non</span> <span class='ocrx_word' id='word_1_293' title='bbox 1167 2168 1203 2207; x_wconf 84' lang='lat' dir='ltr'>ex</span> <span class='ocrx_word' id='word_1_294' title='bbox 1218 2169 1252 2206; x_wconf 81' lang='lat' dir='ltr'>eo</span> <span class='ocrx_word' id='word_1_295' title='bbox 1269 2152 1348 2223; x_wconf 90' lang='lat' dir='ltr'>quod</span> <span class='ocrx_word' id='word_1_296' title='bbox 1364 2152 1427 2220; x_wconf 86' lang='lat' dir='ltr'>tuit,</span> <span class='ocrx_word' id='word_1_297' title='bbox 1444 2150 1599 2223; x_wconf 81' lang='lat' dir='ltr'>quiaillud</span> <span class='ocrx_word' id='word_1_298' title='bbox 1619 2165 1673 2219; x_wconf 92' lang='lat' dir='ltr'>per</span> <span class='ocrx_word' id='word_1_299' title='bbox 1691 2163 1725 2202; x_wconf 87' lang='lat' dir='ltr'>se</span> <span class='ocrx_word' id='word_1_300' title='bbox 1742 2163 1816 2201; x_wconf 89' lang='lat' dir='ltr'>nun·</span> 
     </span>
     <span class='ocr_line' id='line_1_22' title="bbox 93 2235 1816 2314; baseline -0.002 -21"><span class='ocrx_word' id='word_1_301' title='bbox 93 2235 174 2293; x_wconf 87' lang='lat' dir='ltr'>unita</span> <span class='ocrx_word' id='word_1_302' title='bbox 190 2253 249 2292; x_wconf 91' lang='lat' dir='ltr'>non</span> <span class='ocrx_word' id='word_1_303' title='bbox 265 2244 357 2307; x_wconf 89' lang='lat' dir='ltr'>erant,</span> <span class='ocrx_word' id='word_1_304' title='bbox 371 2256 468 2296; x_wconf 81' lang='lat' dir='ltr'>nonae</span> <span class='ocrx_word' id='word_1_305' title='bbox 484 2245 580 2297; x_wconf 90' lang='lat' dir='ltr'>tamen</span> <span class='ocrx_word' id='word_1_306' title='bbox 591 2245 688 2297; x_wconf 88' lang='lat' dir='ltr'>anima</span> <span class='ocrx_word' id='word_1_307' title='bbox 702 2243 790 2298; x_wconf 88' lang='lat' dir='ltr'>etiam</span> <span class='ocrx_word' id='word_1_308' title='bbox 802 2243 865 2297; x_wconf 87' lang='lat' dir='ltr'>solu</span> <span class='ocrx_word' id='word_1_309' title='bbox 877 2258 930 2311; x_wconf 89' lang='lat' dir='ltr'>per</span> <span class='ocrx_word' id='word_1_310' title='bbox 982 2259 1070 2314; x_wconf 89' lang='lat' dir='ltr'>quom</span> <span class='ocrx_word' id='word_1_311' title='bbox 1086 2242 1148 2312; x_wconf 84' lang='lat' dir='ltr'>tuit,</span> <span class='ocrx_word' id='word_1_312' title='bbox 1165 2242 1218 2296; x_wconf 89' lang='lat' dir='ltr'>sed</span> <span class='ocrx_word' id='word_1_313' title='bbox 1231 2258 1267 2295; x_wconf 87' lang='lat' dir='ltr'>ex</span> <span class='ocrx_word' id='word_1_314' title='bbox 1279 2256 1313 2295; x_wconf 92' lang='lat' dir='ltr'>eo</span> <span class='ocrx_word' id='word_1_315' title='bbox 1325 2240 1402 2312; x_wconf 90' lang='lat' dir='ltr'>quod</span> <span class='ocrx_word' id='word_1_316' title='bbox 1415 2240 1545 2295; x_wconf 81' lang='lat' dir='ltr'>Verbum</span> <span class='ocrx_word' id='word_1_317' title='bbox 1556 2253 1694 2310; x_wconf 71' lang='lat' dir='ltr'>persona</span> <span class='ocrx_word' id='word_1_318' title='bbox 1703 2237 1816 2291; x_wconf 87' lang='lat' dir='ltr'>unitum</span> 
     </span>
     <span class='ocr_line' id='line_1_23' title="bbox 95 2325 1817 2402; baseline 0 -24"><span class='ocrx_word' id='word_1_319' title='bbox 95 2339 128 2380; x_wconf 91' lang='lat' dir='ltr'>se</span> <span class='ocrx_word' id='word_1_320' title='bbox 140 2340 268 2394; x_wconf 90' lang='lat' dir='ltr'>persona</span> <span class='ocrx_word' id='word_1_321' title='bbox 282 2330 355 2396; x_wconf 91' lang='lat' dir='ltr'>erut,</span> <span class='ocrx_word' id='word_1_322' title='bbox 365 2328 538 2399; x_wconf 81' lang='lat' dir='ltr'>inquantum</span> <span class='ocrx_word' id='word_1_323' title='bbox 548 2332 672 2402; x_wconf 85' lang='lat' dir='ltr'>spiritus</span> <span class='ocrx_word' id='word_1_324' title='bbox 683 2333 836 2386; x_wconf 87' lang='lat' dir='ltr'>rationalis</span> <span class='ocrx_word' id='word_1_325' title='bbox 847 2332 931 2385; x_wconf 76' lang='lat' dir='ltr'>erat?</span> <span class='ocrx_word' id='word_1_326' title='bbox 982 2336 1038 2400; x_wconf 86' lang='lat' dir='ltr'>est,</span> <span class='ocrx_word' id='word_1_327' title='bbox 1055 2347 1125 2386; x_wconf 88' lang='lat' dir='ltr'>esse</span> <span class='ocrx_word' id='word_1_328' title='bbox 1140 2332 1237 2401; x_wconf 79' lang='lat' dir='ltr'>erepit.</span> <span class='ocrx_word' id='word_1_329' title='bbox 1255 2330 1413 2400; x_wconf 78' lang='lat' dir='ltr'>Propterea</span> <span class='ocrx_word' id='word_1_330' title='bbox 1429 2330 1517 2384; x_wconf 83' lang='lat' dir='ltr'>homo</span> <span class='ocrx_word' id='word_1_331' title='bbox 1531 2330 1704 2398; x_wconf 88' lang='lat' dir='ltr'>assumptus</span> <span class='ocrx_word' id='word_1_332' title='bbox 1715 2329 1771 2393; x_wconf 87' lang='lat' dir='ltr'>est,</span> <span class='ocrx_word' id='word_1_333' title='bbox 1789 2325 1817 2379; x_wconf 92' lang='lat' dir='ltr'>id</span> 
     </span>
     <span class='ocr_line' id='line_1_24' title="bbox 95 2412 1527 2491; baseline 0.003 -24"><span class='ocrx_word' id='word_1_334' title='bbox 95 2412 126 2467; x_wconf 86' lang='lat' dir='ltr'>Si</span> <span class='ocrx_word' id='word_1_335' title='bbox 140 2418 237 2469; x_wconf 89' lang='lat' dir='ltr'>autem</span> <span class='ocrx_word' id='word_1_336' title='bbox 252 2415 348 2471; x_wconf 86' lang='lat' dir='ltr'>anima</span> <span class='ocrx_word' id='word_1_337' title='bbox 363 2417 450 2473; x_wconf 90' lang='lat' dir='ltr'>etiam</span> <span class='ocrx_word' id='word_1_338' title='bbox 465 2419 528 2474; x_wconf 91' lang='lat' dir='ltr'>sola</span> <span class='ocrx_word' id='word_1_339' title='bbox 540 2435 667 2490; x_wconf 90' lang='lat' dir='ltr'>persona</span> <span class='ocrx_word' id='word_1_340' title='bbox 680 2424 742 2475; x_wconf 91' lang='lat' dir='ltr'>erat</span> <span class='ocrx_word' id='word_1_341' title='bbox 755 2421 928 2491; x_wconf 87' lang='lat' dir='ltr'>inquantum</span> <span class='ocrx_word' id='word_1_342' title='bbox 983 2425 1029 2475; x_wconf 88' lang='lat' dir='ltr'>est</span> <span class='ocrx_word' id='word_1_343' title='bbox 1045 2421 1171 2475; x_wconf 86' lang='lat' dir='ltr'>humanu</span> <span class='ocrx_word' id='word_1_344' title='bbox 1187 2423 1299 2489; x_wconf 87' lang='lat' dir='ltr'>natura,</span> <span class='ocrx_word' id='word_1_345' title='bbox 1316 2435 1376 2475; x_wconf 88' lang='lat' dir='ltr'>non</span> <span class='ocrx_word' id='word_1_346' title='bbox 1392 2434 1527 2490; x_wconf 89' lang='lat' dir='ltr'>persona.</span> 
     </span>
    </p>

    <p class='ocr_par' dir='ltr' id='par_1_3' title="bbox 96 2502 1525 2580">
     <span class='ocr_line' id='line_1_25' title="bbox 96 2502 1525 2580; baseline 0.004 -24"><span class='ocrx_word' id='word_1_347' title='bbox 96 2502 219 2572; x_wconf 89' lang='lat' dir='ltr'>spiritus</span> <span class='ocrx_word' id='word_1_348' title='bbox 234 2505 386 2560; x_wconf 85' lang='lat' dir='ltr'>rationalis</span> <span class='ocrx_word' id='word_1_349' title='bbox 407 2512 479 2577; x_wconf 90' lang='lat' dir='ltr'>erat,</span> <span class='ocrx_word' id='word_1_350' title='bbox 497 2510 644 2579; x_wconf 90' lang='lat' dir='ltr'>quomodo</span> <span class='ocrx_word' id='word_1_351' title='bbox 660 2526 789 2580; x_wconf 86' lang='lat' dir='ltr'>persono</span> <span class='ocrx_word' id='word_1_352' title='bbox 804 2526 863 2565; x_wconf 91' lang='lat' dir='ltr'>non</span> <span class='ocrx_word' id='word_1_353' title='bbox 879 2525 929 2562; x_wconf 84' lang='lat' dir='ltr'>as·</span> <span class='ocrx_word' id='word_1_354' title='bbox 1258 2509 1454 2564; x_wconf 65' lang='lat' dir='ltr'>(ternario.</span> <span class='ocrx_word' id='word_1_355' title='bbox 1477 2508 1525 2562; x_wconf 89' lang='lat' dir='ltr'>tit.</span> 
     </span>
    </p>
   </div>
   <div class='ocr_carea' id='block_1_3' title="bbox 96 2595 1819 2744">
    <p class='ocr_par' dir='ltr' id='par_1_4' title="bbox 96 2595 1819 2744">
     <span class='ocr_line' id='line_1_26' title="bbox 97 2595 1819 2671; baseline 0.001 -26"><span class='ocrx_word' id='word_1_356' title='bbox 97 2595 213 2662; x_wconf 90' lang='lat' dir='ltr'>sumptu</span> <span class='ocrx_word' id='word_1_357' title='bbox 228 2597 274 2647; x_wconf 89' lang='lat' dir='ltr'>est</span> <span class='ocrx_word' id='word_1_358' title='bbox 289 2596 406 2665; x_wconf 88' lang='lat' dir='ltr'>quande</span> <span class='ocrx_word' id='word_1_359' title='bbox 421 2597 519 2652; x_wconf 88' lang='lat' dir='ltr'>anima</span> <span class='ocrx_word' id='word_1_360' title='bbox 534 2599 685 2657; x_wconf 89' lang='lat' dir='ltr'>rationalis</span> <span class='ocrx_word' id='word_1_361' title='bbox 700 2603 853 2668; x_wconf 85' lang='lat' dir='ltr'>assumpta</span> <span class='ocrx_word' id='word_1_362' title='bbox 870 2601 930 2653; x_wconf 73' lang='lat' dir='ltr'>est?</span> <span class='ocrx_word' id='word_1_363' title='bbox 986 2599 1030 2654; x_wconf 88' lang='lat' dir='ltr'>De</span> <span class='ocrx_word' id='word_1_364' title='bbox 1051 2599 1256 2652; x_wconf 81' lang='lat' dir='ltr'>incarnatione</span> <span class='ocrx_word' id='word_1_365' title='bbox 1280 2598 1370 2652; x_wconf 81' lang='lat' dir='ltr'>Verbi</span> <span class='ocrx_word' id='word_1_366' title='bbox 1389 2604 1419 2652; x_wconf 84' lang='lat' dir='ltr'>ct</span> <span class='ocrx_word' id='word_1_367' title='bbox 1433 2597 1579 2671; x_wconf 65' lang='lat' dir='ltr'>mysterio</span> <span class='ocrx_word' id='word_1_368' title='bbox 1600 2595 1665 2667; x_wconf 72' lang='lat' dir='ltr'>ejas</span> <span class='ocrx_word' id='word_1_369' title='bbox 1681 2598 1819 2665; x_wconf 66' lang='lat' dir='ltr'>respectu</span> 
     </span>
     <span class='ocr_line' id='line_1_27' title="bbox 96 2669 1556 2744; baseline 0.003 -8"><span class='ocrx_word' id='word_1_370' title='bbox 96 2678 154 2736; x_wconf 88' lang='lat' dir='ltr'>Sed</span> <span class='ocrx_word' id='word_1_371' title='bbox 169 2681 247 2737; x_wconf 87' lang='lat' dir='ltr'>sicut</span> <span class='ocrx_word' id='word_1_372' title='bbox 271 2684 368 2739; x_wconf 87' lang='lat' dir='ltr'>anima</span> <span class='ocrx_word' id='word_1_373' title='bbox 392 2687 544 2741; x_wconf 85' lang='lat' dir='ltr'>rationulis</span> <span class='ocrx_word' id='word_1_374' title='bbox 565 2691 594 2742; x_wconf 90' lang='lat' dir='ltr'>et</span> <span class='ocrx_word' id='word_1_375' title='bbox 613 2704 682 2744; x_wconf 91' lang='lat' dir='ltr'>euro</span> <span class='ocrx_word' id='word_1_376' title='bbox 701 2689 770 2744; x_wconf 89' lang='lat' dir='ltr'>ideo</span> <span class='ocrx_word' id='word_1_377' title='bbox 784 2704 843 2743; x_wconf 91' lang='lat' dir='ltr'>non</span> <span class='ocrx_word' id='word_1_378' title='bbox 863 2689 931 2742; x_wconf 90' lang='lat' dir='ltr'>sunt</span> <span class='ocrx_word' id='word_1_379' title='bbox 1086 2724 1089 2729; x_wconf 55' lang='lat'>&gt;</span> <span class='ocrx_word' id='word_1_380' title='bbox 1248 2671 1346 2727; x_wconf 59' lang='lat' dir='ltr'>mittit?</span> <span class='ocrx_word' id='word_1_381' title='bbox 1361 2675 1391 2724; x_wconf 69' lang='lat'>‘³‘</span> <span class='ocrx_word' id='word_1_382' title='bbox 1413 2669 1556 2741; x_wconf 60' lang='lat' dir='ltr'>Vtsdt&#39;fflt·</span> 
     </span>
    </p>
   </div>
   <div class='ocr_carea' id='block_1_4' title="bbox 70 2752 1842 5706">
    <p class='ocr_par' dir='ltr' id='par_1_5' title="bbox 70 2752 1842 5706">
     <span class='ocr_line' id='line_1_28' title="bbox 97 2752 1819 2848; baseline -0.002 -24"><span class='ocrx_word' id='word_1_383' title='bbox 97 2776 250 2842; x_wconf 87' lang='lat' dir='ltr'>assumpta</span> <span class='ocrx_word' id='word_1_384' title='bbox 274 2790 416 2846; x_wconf 89' lang='lat' dir='ltr'>persona,</span> <span class='ocrx_word' id='word_1_385' title='bbox 442 2776 581 2847; x_wconf 90' lang='lat' dir='ltr'>quiante</span> <span class='ocrx_word' id='word_1_386' title='bbox 608 2778 843 2848; x_wconf 86' lang='lat' dir='ltr'>assumptionem</span> <span class='ocrx_word' id='word_1_387' title='bbox 872 2792 931 2831; x_wconf 92' lang='lat' dir='ltr'>nen</span> <span class='ocrx_word' id='word_1_388' title='bbox 1022 2759 1124 2817; x_wconf 65' lang='lat' dir='ltr'>Omnia</span> <span class='ocrx_word' id='word_1_389' title='bbox 1147 2775 1200 2830; x_wconf 69' lang='lat'><strong>1³⁰¹*</strong></span> <span class='ocrx_word' id='word_1_390' title='bbox 1214 2760 1389 2829; x_wconf 58' lang='lat' dir='ltr'>Sitittfflffltffi</span> <span class='ocrx_word' id='word_1_391' title='bbox 1404 2759 1457 2815; x_wconf 73' lang='grc' dir='ltr'>ὓθῑ</span> <span class='ocrx_word' id='word_1_392' title='bbox 1479 2757 1554 2815; x_wconf 60' lang='lat' dir='ltr'>stt-1⁸</span> <span class='ocrx_word' id='word_1_393' title='bbox 1575 2759 1658 2822; x_wconf 73' lang='lat' dir='ltr'>sunt,</span> <span class='ocrx_word' id='word_1_394' title='bbox 1674 2752 1710 2808; x_wconf 68' lang='lat' dir='ltr'>ud</span> <span class='ocrx_word' id='word_1_395' title='bbox 1726 2754 1819 2823; x_wconf 61' lang='lat' dir='ltr'>ipsam</span> 
     </span>
     <span class='ocr_line' id='line_1_29' title="bbox 98 2842 1821 2941; baseline -0.012 -24"><span class='ocrx_word' id='word_1_396' title='bbox 98 2859 265 2919; x_wconf 87' lang='lat' dir='ltr'>babuerunt</span> <span class='ocrx_word' id='word_1_397' title='bbox 290 2865 446 2933; x_wconf 79' lang='lat' dir='ltr'>unionern3</span> <span class='ocrx_word' id='word_1_398' title='bbox 470 2867 524 2921; x_wconf 88' lang='lat' dir='ltr'>sed</span> <span class='ocrx_word' id='word_1_399' title='bbox 541 2872 693 2938; x_wconf 85' lang='lat' dir='ltr'>assumpta</span> <span class='ocrx_word' id='word_1_400' title='bbox 712 2867 743 2922; x_wconf 89' lang='lat' dir='ltr'>in</span> <span class='ocrx_word' id='word_1_401' title='bbox 761 2880 930 2939; x_wconf 83' lang='lat' dir='ltr'>personam,</span> <span class='ocrx_word' id='word_1_402' title='bbox 988 2854 1085 2909; x_wconf 89' lang='lat' dir='ltr'>autem</span> <span class='ocrx_word' id='word_1_403' title='bbox 1108 2850 1283 2921; x_wconf 78' lang='lat' dir='ltr'>sapient&#39;nnn</span> <span class='ocrx_word' id='word_1_404' title='bbox 1304 2847 1381 2905; x_wconf 85' lang='lat' dir='ltr'>iacta</span> <span class='ocrx_word' id='word_1_405' title='bbox 1396 2864 1456 2903; x_wconf 91' lang='lat' dir='ltr'>non</span> <span class='ocrx_word' id='word_1_406' title='bbox 1473 2850 1553 2915; x_wconf 88' lang='lat' dir='ltr'>sunt,</span> <span class='ocrx_word' id='word_1_407' title='bbox 1573 2845 1631 2905; x_wconf 88' lang='lat' dir='ltr'>nisi</span> <span class='ocrx_word' id='word_1_408' title='bbox 1650 2843 1699 2899; x_wconf 92' lang='lat' dir='ltr'>itia</span> <span class='ocrx_word' id='word_1_409' title='bbox 1724 2842 1821 2941; x_wconf 82' lang='lat' dir='ltr'>sotum</span> 
     </span>
     <span class='ocr_line' id='line_1_30' title="bbox 100 2935 1821 3032; baseline -0.015 -22"><span class='ocrx_word' id='word_1_410' title='bbox 100 2951 169 3021; x_wconf 84' lang='lat' dir='ltr'>quia</span> <span class='ocrx_word' id='word_1_411' title='bbox 183 2967 221 3007; x_wconf 86' lang='lat' dir='ltr'>ex</span> <span class='ocrx_word' id='word_1_412' title='bbox 237 2967 273 3006; x_wconf 92' lang='lat' dir='ltr'>eo</span> <span class='ocrx_word' id='word_1_413' title='bbox 289 2953 369 3011; x_wconf 84' lang='lat' dir='ltr'>unita</span> <span class='ocrx_word' id='word_1_414' title='bbox 392 2958 461 3011; x_wconf 83' lang='lat' dir='ltr'>suot</span> <span class='ocrx_word' id='word_1_415' title='bbox 476 2956 556 3026; x_wconf 82' lang='lat' dir='ltr'>quod</span> <span class='ocrx_word' id='word_1_416' title='bbox 578 2960 730 3026; x_wconf 62' lang='lat' dir='ltr'>assumpta</span> <span class='ocrx_word' id='word_1_417' title='bbox 745 2959 828 3025; x_wconf 66' lang='lat' dir='ltr'>sunt,</span> <span class='ocrx_word' id='word_1_418' title='bbox 845 2955 890 3010; x_wconf 69' lang='lat' dir='ltr'>sic</span> <span class='ocrx_word' id='word_1_419' title='bbox 905 2957 934 3008; x_wconf 65' lang='lat' dir='ltr'>at</span> <span class='ocrx_word' id='word_1_420' title='bbox 989 2957 1057 3013; x_wconf 88' lang='lat' dir='ltr'>quae</span> <span class='ocrx_word' id='word_1_421' title='bbox 1066 2939 1210 3010; x_wconf 85' lang='lat' dir='ltr'>sapientia</span> <span class='ocrx_word' id='word_1_422' title='bbox 1226 2939 1281 2994; x_wconf 82' lang='lat' dir='ltr'>irai</span> <span class='ocrx_word' id='word_1_423' title='bbox 1291 2941 1427 3008; x_wconf 87' lang='lat' dir='ltr'>possunt.</span> <span class='ocrx_word' id='word_1_424' title='bbox 1439 2937 1616 2993; x_wconf 83' lang='lat' dir='ltr'>Heecautenr</span> <span class='ocrx_word' id='word_1_425' title='bbox 1632 2935 1821 3032; x_wconf 77' lang='lat' dir='ltr'>suntratrone</span> 
     </span>
     <span class='ocr_line' id='line_1_31' title="bbox 100 3019 1823 3115; baseline -0.013 -22"><span class='ocrx_word' id='word_1_426' title='bbox 100 3023 197 3097; x_wconf 76' lang='lat' dir='ltr'>anima</span> <span class='ocrx_word' id='word_1_427' title='bbox 219 3041 371 3099; x_wconf 84' lang='lat' dir='ltr'>rationulis</span> <span class='ocrx_word' id='word_1_428' title='bbox 394 3044 461 3099; x_wconf 82' lang='lat' dir='ltr'>ideo</span> <span class='ocrx_word' id='word_1_429' title='bbox 483 3049 718 3115; x_wconf 48' lang='lat' dir='ltr'>assumpta‘non</span> <span class='ocrx_word' id='word_1_430' title='bbox 734 3049 780 3099; x_wconf 83' lang='lat' dir='ltr'>est</span> <span class='ocrx_word' id='word_1_431' title='bbox 794 3059 933 3115; x_wconf 83' lang='lat' dir='ltr'>persona,</span> <span class='ocrx_word' id='word_1_432' title='bbox 990 3031 1119 3100; x_wconf 83' lang='lat' dir='ltr'>utentia,</span> <span class='ocrx_word' id='word_1_433' title='bbox 1139 3033 1168 3084; x_wconf 90' lang='lat' dir='ltr'>et</span> <span class='ocrx_word' id='word_1_434' title='bbox 1191 3028 1412 3100; x_wconf 76' lang='lat' dir='ltr'>intelligentiam</span> <span class='ocrx_word' id='word_1_435' title='bbox 1437 3039 1620 3096; x_wconf 84' lang='lat' dir='ltr'>sensumque</span> <span class='ocrx_word' id='word_1_436' title='bbox 1641 3019 1823 3093; x_wconf 75' lang='lat' dir='ltr'>percipiendi</span> 
     </span>
     <span class='ocr_line' id='line_1_32' title="bbox 102 3114 1824 3207; baseline -0.014 -20"><span class='ocrx_word' id='word_1_437' title='bbox 102 3129 171 3199; x_wconf 88' lang='lat' dir='ltr'>quia</span> <span class='ocrx_word' id='word_1_438' title='bbox 186 3134 252 3194; x_wconf 86' lang='lat' dir='ltr'>ante</span> <span class='ocrx_word' id='word_1_439' title='bbox 269 3132 406 3189; x_wconf 79' lang='lat' dir='ltr'>unionem</span> <span class='ocrx_word' id='word_1_440' title='bbox 418 3133 509 3188; x_wconf 69' lang='lat' dir='ltr'>Verbi</span> <span class='ocrx_word' id='word_1_441' title='bbox 527 3134 667 3204; x_wconf 69' lang='lat' dir='ltr'>sieutpffl·</span> <span class='ocrx_word' id='word_1_442' title='bbox 680 3151 715 3190; x_wconf 68' lang='lat'>⁸0</span> <span class='ocrx_word' id='word_1_443' title='bbox 730 3150 799 3191; x_wconf 61' lang='lat'>0930</span> <span class='ocrx_word' id='word_1_444' title='bbox 815 3149 873 3188; x_wconf 62' lang='lat'>110„</span> <span class='ocrx_word' id='word_1_445' title='bbox 889 3133 939 3187; x_wconf 58' lang='lat' dir='ltr'>ha.</span> <span class='ocrx_word' id='word_1_446' title='bbox 989 3120 1059 3177; x_wconf 89' lang='lat' dir='ltr'>boni</span> <span class='ocrx_word' id='word_1_447' title='bbox 1071 3120 1199 3190; x_wconf 85' lang='lat' dir='ltr'>malique</span> <span class='ocrx_word' id='word_1_448' title='bbox 1214 3117 1348 3189; x_wconf 77' lang='lat' dir='ltr'>fugiendi</span> <span class='ocrx_word' id='word_1_449' title='bbox 1362 3115 1510 3175; x_wconf 87' lang='lat' dir='ltr'>babentia.</span> <span class='ocrx_word' id='word_1_450' title='bbox 1528 3114 1659 3178; x_wconf 86' lang='lat' dir='ltr'>Quorum</span> <span class='ocrx_word' id='word_1_451' title='bbox 1676 3127 1745 3181; x_wconf 77' lang='lat' dir='ltr'>pars</span> <span class='ocrx_word' id='word_1_452' title='bbox 1760 3125 1824 3207; x_wconf 73' lang='lat' dir='ltr'>sur·</span> 
     </span>
     <span class='ocr_line' id='line_1_33' title="bbox 102 3199 1824 3297; baseline -0.015 -21"><span class='ocrx_word' id='word_1_453' title='bbox 102 3218 176 3288; x_wconf 89' lang='lat' dir='ltr'>buit,</span> <span class='ocrx_word' id='word_1_454' title='bbox 191 3219 230 3274; x_wconf 87' lang='lat' dir='ltr'>ita</span> <span class='ocrx_word' id='word_1_455' title='bbox 246 3236 374 3291; x_wconf 85' lang='lat' dir='ltr'>persona</span> <span class='ocrx_word' id='word_1_456' title='bbox 383 3236 453 3277; x_wconf 89' lang='lat' dir='ltr'>esse</span> <span class='ocrx_word' id='word_1_457' title='bbox 462 3239 523 3279; x_wconf 88' lang='lat' dir='ltr'>non</span> <span class='ocrx_word' id='word_1_458' title='bbox 533 3223 645 3279; x_wconf 87' lang='lat' dir='ltr'>habuit.</span> <span class='ocrx_word' id='word_1_459' title='bbox 663 3223 707 3279; x_wconf 80' lang='lat' dir='ltr'>Ex</span> <span class='ocrx_word' id='word_1_460' title='bbox 722 3240 780 3295; x_wconf 88' lang='lat' dir='ltr'>quo</span> <span class='ocrx_word' id='word_1_461' title='bbox 791 3223 937 3281; x_wconf 79' lang='lat' dir='ltr'>enimam·</span> <span class='ocrx_word' id='word_1_462' title='bbox 990 3212 1135 3269; x_wconf 88' lang='lat' dir='ltr'>sumeret</span> <span class='ocrx_word' id='word_1_463' title='bbox 1149 3208 1265 3264; x_wconf 87' lang='lat' dir='ltr'>condita</span> <span class='ocrx_word' id='word_1_464' title='bbox 1275 3206 1523 3276; x_wconf 80' lang='lat' dir='ltr'>inungatis,purs</span> <span class='ocrx_word' id='word_1_465' title='bbox 1535 3203 1674 3259; x_wconf 85' lang='lat' dir='ltr'>deorsum</span> <span class='ocrx_word' id='word_1_466' title='bbox 1687 3200 1716 3255; x_wconf 92' lang='lat' dir='ltr'>in</span> <span class='ocrx_word' id='word_1_467' title='bbox 1728 3199 1824 3297; x_wconf 67' lang='lat' dir='ltr'>borm-</span> 
     </span>
     <span class='ocr_line' id='line_1_34' title="bbox 103 3293 1825 3386; baseline -0.013 -24"><span class='ocrx_word' id='word_1_468' title='bbox 103 3307 154 3377; x_wconf 92' lang='lat' dir='ltr'>pit,</span> <span class='ocrx_word' id='word_1_469' title='bbox 170 3309 248 3365; x_wconf 89' lang='lat' dir='ltr'>uniri</span> <span class='ocrx_word' id='word_1_470' title='bbox 264 3309 370 3380; x_wconf 73' lang='lat' dir='ltr'>caepit,</span> <span class='ocrx_word' id='word_1_471' title='bbox 385 3315 414 3364; x_wconf 90' lang='lat' dir='ltr'>et</span> <span class='ocrx_word' id='word_1_472' title='bbox 436 3328 473 3366; x_wconf 82' lang='lat' dir='ltr'>ex</span> <span class='ocrx_word' id='word_1_473' title='bbox 488 3328 546 3385; x_wconf 89' lang='lat' dir='ltr'>quo</span> <span class='ocrx_word' id='word_1_474' title='bbox 561 3313 625 3383; x_wconf 84' lang='lat' dir='ltr'>tuit,</span> <span class='ocrx_word' id='word_1_475' title='bbox 643 3315 722 3368; x_wconf 89' lang='lat' dir='ltr'>unita</span> <span class='ocrx_word' id='word_1_476' title='bbox 739 3313 802 3368; x_wconf 88' lang='lat' dir='ltr'>init.</span> <span class='ocrx_word' id='word_1_477' title='bbox 819 3311 863 3366; x_wconf 79' lang='lat' dir='ltr'>Ex</span> <span class='ocrx_word' id='word_1_478' title='bbox 879 3326 937 3382; x_wconf 84' lang='lat' dir='ltr'>quo</span> <span class='ocrx_word' id='word_1_479' title='bbox 991 3301 1081 3356; x_wconf 89' lang='lat' dir='ltr'>nibus</span> <span class='ocrx_word' id='word_1_480' title='bbox 1092 3299 1237 3355; x_wconf 79' lang='lat' dir='ltr'>ordinata.</span> <span class='ocrx_word' id='word_1_481' title='bbox 1252 3295 1345 3367; x_wconf 81' lang='lat' dir='ltr'>igitur</span> <span class='ocrx_word' id='word_1_482' title='bbox 1360 3295 1448 3350; x_wconf 87' lang='lat' dir='ltr'>homo</span> <span class='ocrx_word' id='word_1_483' title='bbox 1464 3293 1694 3360; x_wconf 86' lang='lat' dir='ltr'>nonsolnrnper</span> <span class='ocrx_word' id='word_1_484' title='bbox 1708 3302 1825 3386; x_wconf 75' lang='lat' dir='ltr'>suprun-</span> 
     </span>
     <span class='ocr_line' id='line_1_35' title="bbox 103 3379 1825 3476; baseline -0.012 -26"><span class='ocrx_word' id='word_1_485' title='bbox 103 3400 200 3453; x_wconf 85' lang='lat' dir='ltr'>sutem</span> <span class='ocrx_word' id='word_1_486' title='bbox 216 3400 296 3453; x_wconf 91' lang='lat' dir='ltr'>unita</span> <span class='ocrx_word' id='word_1_487' title='bbox 306 3399 370 3469; x_wconf 85' lang='lat' dir='ltr'>suit,</span> <span class='ocrx_word' id='word_1_488' title='bbox 387 3416 444 3457; x_wconf 91' lang='lat' dir='ltr'>une</span> <span class='ocrx_word' id='word_1_489' title='bbox 455 3417 522 3458; x_wconf 80' lang='lat' dir='ltr'>omn</span> <span class='ocrx_word' id='word_1_490' title='bbox 538 3403 629 3457; x_wconf 88' lang='lat' dir='ltr'>eocui</span> <span class='ocrx_word' id='word_1_491' title='bbox 645 3402 801 3458; x_wconf 85' lang='lat' dir='ltr'>uniebatur</span> <span class='ocrx_word' id='word_1_492' title='bbox 811 3416 940 3471; x_wconf 72' lang='lat' dir='ltr'>persona</span> <span class='ocrx_word' id='word_1_493' title='bbox 991 3389 1061 3443; x_wconf 88' lang='lat' dir='ltr'>tium</span> <span class='ocrx_word' id='word_1_494' title='bbox 1076 3387 1130 3444; x_wconf 76' lang='lat' dir='ltr'>liei</span> <span class='ocrx_word' id='word_1_495' title='bbox 1152 3387 1254 3441; x_wconf 85' lang='lat' dir='ltr'>¹iaetus</span> <span class='ocrx_word' id='word_1_496' title='bbox 1271 3388 1334 3441; x_wconf 83' lang='lat' dir='ltr'>erat</span> <span class='ocrx_word' id='word_1_497' title='bbox 1349 3387 1380 3438; x_wconf 91' lang='lat' dir='ltr'>ut</span> <span class='ocrx_word' id='word_1_498' title='bbox 1396 3387 1487 3451; x_wconf 85' lang='lat' dir='ltr'>esset,</span> <span class='ocrx_word' id='word_1_499' title='bbox 1498 3381 1647 3442; x_wconf 84' lang='lat' dir='ltr'>sedetiam</span> <span class='ocrx_word' id='word_1_500' title='bbox 1657 3379 1693 3433; x_wconf 87' lang='lat' dir='ltr'>ad</span> <span class='ocrx_word' id='word_1_501' title='bbox 1705 3392 1825 3476; x_wconf 75' lang='lat' dir='ltr'>sapien-</span> 
     </span>
     <span class='ocr_line' id='line_1_36' title="bbox 105 3464 1827 3569; baseline -0.013 -28"><span class='ocrx_word' id='word_1_502' title='bbox 105 3482 169 3540; x_wconf 82' lang='lat' dir='ltr'>tua.</span> <span class='ocrx_word' id='word_1_503' title='bbox 187 3484 260 3540; x_wconf 81' lang='lat' dir='ltr'>Vide</span> <span class='ocrx_word' id='word_1_504' title='bbox 278 3486 349 3556; x_wconf 78' lang='lat' dir='ltr'>quid</span> <span class='ocrx_word' id='word_1_505' title='bbox 364 3490 509 3560; x_wconf 67' lang='lat' dir='ltr'>sequitur,</span> <span class='ocrx_word' id='word_1_506' title='bbox 526 3491 557 3546; x_wconf 73' lang='lat' dir='ltr'>si</span> <span class='ocrx_word' id='word_1_507' title='bbox 576 3508 614 3546; x_wconf 70' lang='lat' dir='ltr'>ex</span> <span class='ocrx_word' id='word_1_508' title='bbox 629 3507 687 3562; x_wconf 72' lang='lat' dir='ltr'>quo</span> <span class='ocrx_word' id='word_1_509' title='bbox 704 3491 758 3548; x_wconf 73' lang='lat' dir='ltr'>fuit</span> <span class='ocrx_word' id='word_1_510' title='bbox 774 3490 853 3545; x_wconf 58' lang='lat' dir='ltr'>unita</span> <span class='ocrx_word' id='word_1_511' title='bbox 869 3489 938 3544; x_wconf 65' lang='lat' dir='ltr'>suit:</span> <span class='ocrx_word' id='word_1_512' title='bbox 992 3479 1063 3533; x_wconf 87' lang='lat' dir='ltr'>tiam</span> <span class='ocrx_word' id='word_1_513' title='bbox 1073 3476 1126 3532; x_wconf 85' lang='lat' dir='ltr'>Dei</span> <span class='ocrx_word' id='word_1_514' title='bbox 1141 3476 1237 3531; x_wconf 86' lang='lat' dir='ltr'>iectus</span> <span class='ocrx_word' id='word_1_515' title='bbox 1253 3476 1316 3529; x_wconf 88' lang='lat' dir='ltr'>erat</span> <span class='ocrx_word' id='word_1_516' title='bbox 1330 3476 1361 3531; x_wconf 87' lang='lat' dir='ltr'>ut</span> <span class='ocrx_word' id='word_1_517' title='bbox 1375 3472 1566 3539; x_wconf 70' lang='lat' dir='ltr'>seruasset,</span> <span class='ocrx_word' id='word_1_518' title='bbox 1585 3467 1673 3567; x_wconf 75' lang='lat' dir='ltr'>utilia</span> <span class='ocrx_word' id='word_1_519' title='bbox 1690 3464 1827 3569; x_wconf 61' lang='lat' dir='ltr'>videsset</span> 
     </span>
     <span class='ocr_line' id='line_1_37' title="bbox 105 3552 1827 3655; baseline -0.011 -30"><span class='ocrx_word' id='word_1_520' title='bbox 105 3575 134 3626; x_wconf 85' lang='lat' dir='ltr'>et</span> <span class='ocrx_word' id='word_1_521' title='bbox 147 3587 185 3627; x_wconf 82' lang='lat' dir='ltr'>ex</span> <span class='ocrx_word' id='word_1_522' title='bbox 200 3589 259 3645; x_wconf 90' lang='lat' dir='ltr'>quo</span> <span class='ocrx_word' id='word_1_523' title='bbox 274 3577 354 3633; x_wconf 88' lang='lat' dir='ltr'>unita</span> <span class='ocrx_word' id='word_1_524' title='bbox 374 3577 430 3632; x_wconf 84' lang='lat' dir='ltr'>tuit</span> <span class='ocrx_word' id='word_1_525' title='bbox 443 3594 571 3648; x_wconf 81' lang='lat' dir='ltr'>persona</span> <span class='ocrx_word' id='word_1_526' title='bbox 590 3581 653 3647; x_wconf 81' lang='lat' dir='ltr'>tuit,</span> <span class='ocrx_word' id='word_1_527' title='bbox 670 3595 744 3651; x_wconf 75' lang='lat' dir='ltr'>ergo</span> <span class='ocrx_word' id='word_1_528' title='bbox 760 3595 797 3635; x_wconf 77' lang='lat' dir='ltr'>ex</span> <span class='ocrx_word' id='word_1_529' title='bbox 812 3595 871 3649; x_wconf 88' lang='lat' dir='ltr'>quo</span> <span class='ocrx_word' id='word_1_530' title='bbox 887 3577 941 3632; x_wconf 86' lang='lat' dir='ltr'>init</span> <span class='ocrx_word' id='word_1_531' title='bbox 993 3566 1141 3623; x_wconf 77' lang='lat' dir='ltr'>frueretur</span> <span class='ocrx_word' id='word_1_532' title='bbox 1152 3579 1187 3619; x_wconf 87' lang='lat' dir='ltr'>eo</span> <span class='ocrx_word' id='word_1_533' title='bbox 1199 3578 1359 3633; x_wconf 81' lang='lat' dir='ltr'>sensuque</span> <span class='ocrx_word' id='word_1_534' title='bbox 1373 3560 1517 3630; x_wconf 86' lang='lat' dir='ltr'>sapientia</span> <span class='ocrx_word' id='word_1_535' title='bbox 1527 3574 1639 3628; x_wconf 75' lang='lat' dir='ltr'>per-arpi</span> <span class='ocrx_word' id='word_1_536' title='bbox 1654 3552 1827 3655; x_wconf 73' lang='lat' dir='ltr'>potestbed</span> 
     </span>
     <span class='ocr_line' id='line_1_38' title="bbox 105 3642 1827 3740; baseline -0.012 -23"><span class='ocrx_word' id='word_1_537' title='bbox 105 3676 235 3731; x_wconf 83' lang='lat' dir='ltr'>persona</span> <span class='ocrx_word' id='word_1_538' title='bbox 259 3664 334 3721; x_wconf 79' lang='lat' dir='ltr'>tuit?</span> <span class='ocrx_word' id='word_1_539' title='bbox 354 3665 385 3729; x_wconf 80' lang='lat' dir='ltr'>Si</span> <span class='ocrx_word' id='word_1_540' title='bbox 405 3670 502 3723; x_wconf 84' lang='lat' dir='ltr'>autem</span> <span class='ocrx_word' id='word_1_541' title='bbox 516 3684 555 3723; x_wconf 84' lang='lat' dir='ltr'>ex</span> <span class='ocrx_word' id='word_1_542' title='bbox 570 3685 629 3740; x_wconf 93' lang='lat' dir='ltr'>quo</span> <span class='ocrx_word' id='word_1_543' title='bbox 651 3669 706 3724; x_wconf 84' lang='lat' dir='ltr'>tuit</span> <span class='ocrx_word' id='word_1_544' title='bbox 720 3684 848 3738; x_wconf 88' lang='lat' dir='ltr'>persona</span> <span class='ocrx_word' id='word_1_545' title='bbox 869 3666 939 3734; x_wconf 81' lang='lat' dir='ltr'>tuit,</span> <span class='ocrx_word' id='word_1_546' title='bbox 993 3656 1060 3727; x_wconf 85' lang='lat' dir='ltr'>quia</span> <span class='ocrx_word' id='word_1_547' title='bbox 1075 3653 1225 3724; x_wconf 82' lang='lat' dir='ltr'>peccando</span> <span class='ocrx_word' id='word_1_548' title='bbox 1237 3667 1360 3707; x_wconf 87' lang='lat' dir='ltr'>sensum</span> <span class='ocrx_word' id='word_1_549' title='bbox 1370 3650 1468 3707; x_wconf 81' lang='lat' dir='ltr'>aurisit</span> <span class='ocrx_word' id='word_1_550' title='bbox 1478 3664 1537 3720; x_wconf 86' lang='lat' dir='ltr'>quo</span> <span class='ocrx_word' id='word_1_551' title='bbox 1548 3647 1691 3717; x_wconf 78' lang='lat' dir='ltr'>supientia</span> <span class='ocrx_word' id='word_1_552' title='bbox 1701 3643 1759 3698; x_wconf 84' lang='lat' dir='ltr'>irur</span> <span class='ocrx_word' id='word_1_553' title='bbox 1773 3642 1827 3697; x_wconf 89' lang='lat' dir='ltr'>de-</span> 
     </span>
     <span class='ocr_line' id='line_1_39' title="bbox 106 3734 1829 3827; baseline -0.013 -21"><span class='ocrx_word' id='word_1_554' title='bbox 106 3752 255 3822; x_wconf 88' lang='lat' dir='ltr'>quomodo</span> <span class='ocrx_word' id='word_1_555' title='bbox 269 3769 399 3824; x_wconf 84' lang='lat' dir='ltr'>persona</span> <span class='ocrx_word' id='word_1_556' title='bbox 419 3761 572 3827; x_wconf 83' lang='lat' dir='ltr'>assumpta</span> <span class='ocrx_word' id='word_1_557' title='bbox 587 3774 646 3813; x_wconf 86' lang='lat' dir='ltr'>non</span> <span class='ocrx_word' id='word_1_558' title='bbox 665 3760 712 3811; x_wconf 80' lang='lat' dir='ltr'>est</span> <span class='ocrx_word' id='word_1_559' title='bbox 725 3773 791 3827; x_wconf 77' lang='lat' dir='ltr'>quae</span> <span class='ocrx_word' id='word_1_560' title='bbox 812 3771 941 3826; x_wconf 71' lang='lat' dir='ltr'>persona</span> <span class='ocrx_word' id='word_1_561' title='bbox 995 3744 1120 3811; x_wconf 86' lang='lat' dir='ltr'>buisset,</span> <span class='ocrx_word' id='word_1_562' title='bbox 1132 3742 1242 3797; x_wconf 88' lang='lat' dir='ltr'>obiitus</span> <span class='ocrx_word' id='word_1_563' title='bbox 1255 3745 1304 3797; x_wconf 87' lang='lat' dir='ltr'>est</span> <span class='ocrx_word' id='word_1_564' title='bbox 1318 3741 1383 3810; x_wconf 88' lang='lat' dir='ltr'>ipse</span> <span class='ocrx_word' id='word_1_565' title='bbox 1398 3738 1554 3797; x_wconf 79' lang='lat' dir='ltr'>comedere</span> <span class='ocrx_word' id='word_1_566' title='bbox 1566 3750 1673 3807; x_wconf 89' lang='lat' dir='ltr'>punem</span> <span class='ocrx_word' id='word_1_567' title='bbox 1685 3747 1784 3801; x_wconf 86' lang='lat' dir='ltr'>suum,</span> <span class='ocrx_word' id='word_1_568' title='bbox 1800 3734 1829 3784; x_wconf 90' lang='lat' dir='ltr'>et</span> 
     </span>
     <span class='ocr_line' id='line_1_40' title="bbox 107 3819 1828 3915; baseline -0.014 -20"><span class='ocrx_word' id='word_1_569' title='bbox 107 3837 171 3910; x_wconf 81' lang='lat' dir='ltr'>tuit,</span> <span class='ocrx_word' id='word_1_570' title='bbox 188 3843 305 3913; x_wconf 90' lang='lat' dir='ltr'>quando</span> <span class='ocrx_word' id='word_1_571' title='bbox 319 3849 473 3915; x_wconf 84' lang='lat' dir='ltr'>assumpto</span> <span class='ocrx_word' id='word_1_572' title='bbox 487 3848 554 3900; x_wconf 77' lang='lat' dir='ltr'>estt</span> <span class='ocrx_word' id='word_1_573' title='bbox 569 3845 628 3902; x_wconf 83' lang='lat' dir='ltr'>Sed</span> <span class='ocrx_word' id='word_1_574' title='bbox 648 3845 815 3900; x_wconf 80' lang='lat' dir='ltr'>considera.</span> <span class='ocrx_word' id='word_1_575' title='bbox 833 3844 900 3898; x_wconf 82' lang='lat' dir='ltr'>Non</span> <span class='ocrx_word' id='word_1_576' title='bbox 915 3847 943 3897; x_wconf 72' lang='lat' dir='ltr'>te</span> <span class='ocrx_word' id='word_1_577' title='bbox 995 3831 1189 3889; x_wconf 83' lang='lat' dir='ltr'>reiectionem</span> <span class='ocrx_word' id='word_1_578' title='bbox 1201 3830 1281 3887; x_wconf 89' lang='lat' dir='ltr'>iiiam</span> <span class='ocrx_word' id='word_1_579' title='bbox 1295 3845 1353 3900; x_wconf 88' lang='lat' dir='ltr'>qua</span> <span class='ocrx_word' id='word_1_580' title='bbox 1367 3828 1471 3887; x_wconf 77' lang='lat' dir='ltr'>vivunt</span> <span class='ocrx_word' id='word_1_581' title='bbox 1485 3826 1591 3883; x_wconf 81' lang='lat' dir='ltr'>animae</span> <span class='ocrx_word' id='word_1_582' title='bbox 1602 3824 1632 3879; x_wconf 90' lang='lat' dir='ltr'>in</span> <span class='ocrx_word' id='word_1_583' title='bbox 1641 3819 1828 3907; x_wconf 20' lang='lat' dir='ltr'>*corporalem</span> 
     </span>
     <span class='ocr_line' id='line_1_41' title="bbox 107 3912 1828 4009; baseline -0.012 -26"><span class='ocrx_word' id='word_1_584' title='bbox 107 3930 258 3998; x_wconf 86' lang='lat' dir='ltr'>perturbet</span> <span class='ocrx_word' id='word_1_585' title='bbox 280 3933 428 3991; x_wconf 82' lang='lat' dir='ltr'>sermonis</span> <span class='ocrx_word' id='word_1_586' title='bbox 452 3934 639 3991; x_wconf 83' lang='lat' dir='ltr'>involucrum</span> <span class='ocrx_word' id='word_1_587' title='bbox 662 3951 669 3989; x_wconf 90' lang='lat'>:</span> <span class='ocrx_word' id='word_1_588' title='bbox 689 3935 764 3990; x_wconf 82' lang='lat' dir='ltr'>tides</span> <span class='ocrx_word' id='word_1_589' title='bbox 789 3932 941 4004; x_wconf 73' lang='lat' dir='ltr'>quaeritur,</span> <span class='ocrx_word' id='word_1_590' title='bbox 996 3919 1185 3981; x_wconf 83' lang='lat' dir='ltr'>eommutavit</span> <span class='ocrx_word' id='word_1_591' title='bbox 1200 3917 1433 3979; x_wconf 83' lang='lat' dir='ltr'>‹leioetationem</span> <span class='ocrx_word' id='word_1_592' title='bbox 1449 3914 1590 3977; x_wconf 82' lang='lat' dir='ltr'>Terrenis</span> <span class='ocrx_word' id='word_1_593' title='bbox 1610 3912 1702 3984; x_wconf 75' lang='lat' dir='ltr'>igitur·</span> <span class='ocrx_word' id='word_1_594' title='bbox 1715 3913 1744 3964; x_wconf 90' lang='lat' dir='ltr'>et</span> <span class='ocrx_word' id='word_1_595' title='bbox 1761 3924 1828 4009; x_wconf 81' lang='lat' dir='ltr'>eor-</span> 
     </span>
     <span class='ocr_line' id='line_1_42' title="bbox 108 4001 1829 4093; baseline -0.012 -23"><span class='ocrx_word' id='word_1_596' title='bbox 108 4015 211 4072; x_wconf 89' lang='lat' dir='ltr'>Sermo</span> <span class='ocrx_word' id='word_1_597' title='bbox 228 4020 316 4074; x_wconf 89' lang='lat' dir='ltr'>multa</span> <span class='ocrx_word' id='word_1_598' title='bbox 342 4022 501 4091; x_wconf 88' lang='lat' dir='ltr'>perturbat.</span> <span class='ocrx_word' id='word_1_599' title='bbox 519 4022 640 4081; x_wconf 86' lang='lat' dir='ltr'>intende</span> <span class='ocrx_word' id='word_1_600' title='bbox 663 4024 725 4077; x_wconf 90' lang='lat' dir='ltr'>tibi.</span> <span class='ocrx_word' id='word_1_601' title='bbox 743 4022 786 4076; x_wconf 83' lang='lat' dir='ltr'>Ex</span> <span class='ocrx_word' id='word_1_602' title='bbox 808 4037 865 4093; x_wconf 92' lang='lat' dir='ltr'>quo</span> <span class='ocrx_word' id='word_1_603' title='bbox 890 4020 944 4075; x_wconf 85' lang='lat' dir='ltr'>init</span> <span class='ocrx_word' id='word_1_604' title='bbox 995 4010 1148 4082; x_wconf 85' lang='lat' dir='ltr'>poruiibus</span> <span class='ocrx_word' id='word_1_605' title='bbox 1163 4025 1257 4064; x_wconf 89' lang='lat' dir='ltr'>suasu</span> <span class='ocrx_word' id='word_1_606' title='bbox 1272 4012 1302 4063; x_wconf 91' lang='lat' dir='ltr'>et</span> <span class='ocrx_word' id='word_1_607' title='bbox 1314 4005 1421 4063; x_wconf 83' lang='lat' dir='ltr'>atiectu</span> <span class='ocrx_word' id='word_1_608' title='bbox 1433 4005 1672 4072; x_wconf 67' lang='lat' dir='ltr'>immersusnm</span> <span class='ocrx_word' id='word_1_609' title='bbox 1684 4001 1782 4069; x_wconf 81' lang='lat' dir='ltr'>potua</span> <span class='ocrx_word' id='word_1_610' title='bbox 1795 4013 1829 4053; x_wconf 77' lang='lat' dir='ltr'>ae</span> 
     </span>
     <span class='ocr_line' id='line_1_43' title="bbox 107 4090 1830 4188; baseline -0.01 -29"><span class='ocrx_word' id='word_1_611' title='bbox 107 4120 236 4176; x_wconf 88' lang='lat' dir='ltr'>persona</span> <span class='ocrx_word' id='word_1_612' title='bbox 265 4107 328 4177; x_wconf 81' lang='lat' dir='ltr'>tait,</span> <span class='ocrx_word' id='word_1_613' title='bbox 356 4110 424 4181; x_wconf 90' lang='lat' dir='ltr'>quia</span> <span class='ocrx_word' id='word_1_614' title='bbox 440 4127 549 4183; x_wconf 86' lang='lat' dir='ltr'>exque</span> <span class='ocrx_word' id='word_1_615' title='bbox 575 4112 629 4167; x_wconf 88' lang='lat' dir='ltr'>iuit</span> <span class='ocrx_word' id='word_1_616' title='bbox 658 4114 736 4168; x_wconf 90' lang='lat' dir='ltr'>unita</span> <span class='ocrx_word' id='word_1_617' title='bbox 761 4111 824 4167; x_wconf 88' lang='lat' dir='ltr'>iuit.</span> <span class='ocrx_word' id='word_1_618' title='bbox 847 4110 943 4176; x_wconf 85' lang='lat' dir='ltr'>Quare</span> <span class='ocrx_word' id='word_1_619' title='bbox 996 4100 1032 4154; x_wconf 76' lang='lat' dir='ltr'>sd</span> <span class='ocrx_word' id='word_1_620' title='bbox 1047 4098 1245 4169; x_wconf 80' lang='lat' dir='ltr'>spiritualium</span> <span class='ocrx_word' id='word_1_621' title='bbox 1265 4096 1474 4168; x_wconf 77' lang='lat' dir='ltr'>cogitationem</span> <span class='ocrx_word' id='word_1_622' title='bbox 1488 4090 1830 4188; x_wconf 63' lang='lat' dir='ltr'>sircamorerneripere</span> 
     </span>
     <span class='ocr_line' id='line_1_44' title="bbox 110 4177 1830 4279; baseline -0.01 -31"><span class='ocrx_word' id='word_1_623' title='bbox 110 4207 183 4266; x_wconf 81' lang='lat' dir='ltr'>ergo</span> <span class='ocrx_word' id='word_1_624' title='bbox 198 4211 257 4251; x_wconf 92' lang='lat' dir='ltr'>non</span> <span class='ocrx_word' id='word_1_625' title='bbox 271 4196 398 4262; x_wconf 83' lang='lat' dir='ltr'>dicimus</span> <span class='ocrx_word' id='word_1_626' title='bbox 414 4217 571 4273; x_wconf 80' lang='lat' dir='ltr'>personum</span> <span class='ocrx_word' id='word_1_627' title='bbox 588 4203 794 4274; x_wconf 77' lang='lat' dir='ltr'>assumptam?</span> <span class='ocrx_word' id='word_1_628' title='bbox 810 4199 941 4255; x_wconf 79' lang='lat' dir='ltr'>intende,</span> <span class='ocrx_word' id='word_1_629' title='bbox 997 4189 1051 4245; x_wconf 90' lang='lat' dir='ltr'>sed</span> <span class='ocrx_word' id='word_1_630' title='bbox 1061 4189 1126 4245; x_wconf 92' lang='lat' dir='ltr'>sola</span> <span class='ocrx_word' id='word_1_631' title='bbox 1141 4203 1175 4242; x_wconf 92' lang='lat' dir='ltr'>eu</span> <span class='ocrx_word' id='word_1_632' title='bbox 1192 4203 1259 4258; x_wconf 83' lang='lat' dir='ltr'>quae</span> <span class='ocrx_word' id='word_1_633' title='bbox 1275 4186 1458 4242; x_wconf 83' lang='lat' dir='ltr'>caruissent</span> <span class='ocrx_word' id='word_1_634' title='bbox 1474 4182 1604 4253; x_wconf 87' lang='lat' dir='ltr'>sapiens,</span> <span class='ocrx_word' id='word_1_635' title='bbox 1622 4177 1830 4279; x_wconf 72' lang='lat' dir='ltr'>spirituaimnr,</span> 
     </span>
     <span class='ocr_line' id='line_1_45' title="bbox 110 4268 1832 4362; baseline -0.009 -25"><span class='ocrx_word' id='word_1_636' title='bbox 110 4280 231 4347; x_wconf 88' lang='lat' dir='ltr'>Quando</span> <span class='ocrx_word' id='word_1_637' title='bbox 259 4288 476 4358; x_wconf 88' lang='lat' dir='ltr'>assumebatur,</span> <span class='ocrx_word' id='word_1_638' title='bbox 508 4291 672 4349; x_wconf 82' lang='lat' dir='ltr'>uniebatur.</span> <span class='ocrx_word' id='word_1_639' title='bbox 699 4292 743 4347; x_wconf 77' lang='lat' dir='ltr'>Ex</span> <span class='ocrx_word' id='word_1_640' title='bbox 771 4307 831 4362; x_wconf 91' lang='lat' dir='ltr'>quo</span> <span class='ocrx_word' id='word_1_641' title='bbox 853 4289 943 4360; x_wconf 76' lang='lat' dir='ltr'>erepit</span> <span class='ocrx_word' id='word_1_642' title='bbox 996 4274 1421 4349; x_wconf 69' lang='lat' dir='ltr'>intunditatemnenagnevit.</span> <span class='ocrx_word' id='word_1_643' title='bbox 1439 4268 1832 4342; x_wconf 75' lang='lat' dir='ltr'>tpsaautemtierseprentru</span> 
     </span>
     <span class='ocr_line' id='line_1_46' title="bbox 110 4355 1832 4457; baseline -0.012 -29"><span class='ocrx_word' id='word_1_644' title='bbox 110 4372 187 4429; x_wconf 85' lang='lat' dir='ltr'>uniri</span> <span class='ocrx_word' id='word_1_645' title='bbox 209 4375 298 4446; x_wconf 85' lang='lat' dir='ltr'>ompit</span> <span class='ocrx_word' id='word_1_646' title='bbox 317 4381 345 4432; x_wconf 91' lang='lat' dir='ltr'>et</span> <span class='ocrx_word' id='word_1_647' title='bbox 368 4394 408 4433; x_wconf 82' lang='lat' dir='ltr'>ex</span> <span class='ocrx_word' id='word_1_648' title='bbox 429 4394 487 4451; x_wconf 89' lang='lat' dir='ltr'>que</span> <span class='ocrx_word' id='word_1_649' title='bbox 517 4380 594 4438; x_wconf 85' lang='lat' dir='ltr'>uniri</span> <span class='ocrx_word' id='word_1_650' title='bbox 615 4382 704 4451; x_wconf 83' lang='lat' dir='ltr'>coepit</span> <span class='ocrx_word' id='word_1_651' title='bbox 726 4396 854 4451; x_wconf 69' lang='lat' dir='ltr'>persona</span> <span class='ocrx_word' id='word_1_652' title='bbox 873 4393 942 4434; x_wconf 72' lang='lat' dir='ltr'>esse</span> <span class='ocrx_word' id='word_1_653' title='bbox 957 4392 984 4457; x_wconf 68' lang='lat' dir='ltr'>D</span> <span class='ocrx_word' id='word_1_654' title='bbox 998 4367 1092 4425; x_wconf 89' lang='lat' dir='ltr'>notuit</span> <span class='ocrx_word' id='word_1_655' title='bbox 1105 4367 1239 4421; x_wconf 85' lang='lat' dir='ltr'>amittere</span> <span class='ocrx_word' id='word_1_656' title='bbox 1257 4364 1407 4419; x_wconf 86' lang='lat' dir='ltr'>bominem</span> <span class='ocrx_word' id='word_1_657' title='bbox 1422 4362 1474 4432; x_wconf 84' lang='lat' dir='ltr'>qui</span> <span class='ocrx_word' id='word_1_658' title='bbox 1491 4359 1720 4457; x_wconf 78' lang='lat' dir='ltr'>propteripsum</span> <span class='ocrx_word' id='word_1_659' title='bbox 1735 4355 1832 4415; x_wconf 74' lang='lat' dir='ltr'>tactim</span> 
     </span>
     <span class='ocr_line' id='line_1_47' title="bbox 110 4444 1833 4541; baseline -0.012 -22"><span class='ocrx_word' id='word_1_660' title='bbox 110 4464 215 4534; x_wconf 78' lang='lat' dir='ltr'>erepit,</span> <span class='ocrx_word' id='word_1_661' title='bbox 240 4469 421 4527; x_wconf 80' lang='lat' dir='ltr'>nontamen</span> <span class='ocrx_word' id='word_1_662' title='bbox 444 4469 617 4540; x_wconf 84' lang='lat' dir='ltr'>inquantum</span> <span class='ocrx_word' id='word_1_663' title='bbox 634 4473 715 4539; x_wconf 89' lang='lat' dir='ltr'>erat,</span> <span class='ocrx_word' id='word_1_664' title='bbox 742 4470 796 4524; x_wconf 86' lang='lat' dir='ltr'>sed</span> <span class='ocrx_word' id='word_1_665' title='bbox 817 4470 943 4541; x_wconf 71' lang='lat' dir='ltr'>inquan-</span> <span class='ocrx_word' id='word_1_666' title='bbox 1000 4456 1104 4511; x_wconf 84' lang='lat' dir='ltr'>suerat.</span> <span class='ocrx_word' id='word_1_667' title='bbox 1126 4454 1171 4510; x_wconf 78' lang='lat' dir='ltr'>&#39;Et</span> <span class='ocrx_word' id='word_1_668' title='bbox 1194 4470 1261 4510; x_wconf 84' lang='lat' dir='ltr'>oum</span> <span class='ocrx_word' id='word_1_669' title='bbox 1289 4454 1354 4523; x_wconf 91' lang='lat' dir='ltr'>ipsa</span> <span class='ocrx_word' id='word_1_670' title='bbox 1378 4465 1499 4510; x_wconf 70' lang='lat' dir='ltr'>sursum</span> <span class='ocrx_word' id='word_1_671' title='bbox 1528 4451 1621 4516; x_wconf 83' lang='lat' dir='ltr'>esset,</span> <span class='ocrx_word' id='word_1_672' title='bbox 1650 4446 1714 4511; x_wconf 86' lang='lat' dir='ltr'>rite,</span> <span class='ocrx_word' id='word_1_673' title='bbox 1744 4444 1833 4499; x_wconf 58' lang='lat' dir='ltr'>deore</span> 
     </span>
     <span class='ocr_line' id='line_1_48' title="bbox 110 4533 1833 4629; baseline -0.013 -22"><span class='ocrx_word' id='word_1_674' title='bbox 110 4552 172 4609; x_wconf 89' lang='lat' dir='ltr'>tum</span> <span class='ocrx_word' id='word_1_675' title='bbox 200 4554 280 4609; x_wconf 87' lang='lat' dir='ltr'>uuita</span> <span class='ocrx_word' id='word_1_676' title='bbox 308 4560 380 4612; x_wconf 87' lang='lat' dir='ltr'>erat.</span> <span class='ocrx_word' id='word_1_677' title='bbox 411 4557 442 4612; x_wconf 86' lang='lat' dir='ltr'>Si</span> <span class='ocrx_word' id='word_1_678' title='bbox 470 4574 523 4628; x_wconf 84' lang='lat' dir='ltr'>per</span> <span class='ocrx_word' id='word_1_679' title='bbox 550 4575 583 4617; x_wconf 87' lang='lat' dir='ltr'>se</span> <span class='ocrx_word' id='word_1_680' title='bbox 611 4559 768 4629; x_wconf 84' lang='lat' dir='ltr'>aliquando</span> <span class='ocrx_word' id='word_1_681' title='bbox 796 4572 865 4613; x_wconf 77' lang='lat' dir='ltr'>erse</span> <span class='ocrx_word' id='word_1_682' title='bbox 894 4556 945 4610; x_wconf 72' lang='lat' dir='ltr'>ha.</span> <span class='ocrx_word' id='word_1_683' title='bbox 1000 4562 1078 4613; x_wconf 85' lang='lat' dir='ltr'>sum,</span> <span class='ocrx_word' id='word_1_684' title='bbox 1103 4545 1183 4601; x_wconf 86' lang='lat' dir='ltr'>venit</span> <span class='ocrx_word' id='word_1_685' title='bbox 1206 4542 1320 4597; x_wconf 89' lang='lat' dir='ltr'>ubiille</span> <span class='ocrx_word' id='word_1_686' title='bbox 1336 4544 1409 4612; x_wconf 87' lang='lat' dir='ltr'>erut,</span> <span class='ocrx_word' id='word_1_687' title='bbox 1433 4543 1464 4595; x_wconf 91' lang='lat' dir='ltr'>ut</span> <span class='ocrx_word' id='word_1_688' title='bbox 1483 4554 1551 4594; x_wconf 89' lang='lat' dir='ltr'>eum</span> <span class='ocrx_word' id='word_1_689' title='bbox 1566 4538 1720 4599; x_wconf 80' lang='lat' dir='ltr'>revocaret</span> <span class='ocrx_word' id='word_1_690' title='bbox 1737 4533 1775 4587; x_wconf 79' lang='lat' dir='ltr'>ad</span> <span class='ocrx_word' id='word_1_691' title='bbox 1799 4545 1833 4589; x_wconf 89' lang='lat' dir='ltr'>se</span> 
     </span>
     <span class='ocr_line' id='line_1_49' title="bbox 111 4621 1833 4721; baseline -0.013 -21"><span class='ocrx_word' id='word_1_692' title='bbox 111 4643 237 4715; x_wconf 80' lang='lat' dir='ltr'>brissei,</span> <span class='ocrx_word' id='word_1_693' title='bbox 255 4661 293 4700; x_wconf 82' lang='lat' dir='ltr'>ex</span> <span class='ocrx_word' id='word_1_694' title='bbox 307 4662 341 4701; x_wconf 79' lang='lat' dir='ltr'>ae</span> <span class='ocrx_word' id='word_1_695' title='bbox 356 4662 484 4716; x_wconf 70' lang='lat' dir='ltr'>persona</span> <span class='ocrx_word' id='word_1_696' title='bbox 496 4647 749 4711; x_wconf 53' lang='lat' dir='ltr'>habuissemus,</span> <span class='ocrx_word' id='word_1_697' title='bbox 759 4649 946 4701; x_wconf 61' lang='lat' dir='ltr'>nummsom.</span> <span class='ocrx_word' id='word_1_698' title='bbox 1001 4635 1078 4690; x_wconf 86' lang='lat' dir='ltr'>unde</span> <span class='ocrx_word' id='word_1_699' title='bbox 1097 4633 1255 4690; x_wconf 73' lang='lat' dir='ltr'>ceciderat.</span> <span class='ocrx_word' id='word_1_700' title='bbox 1272 4631 1392 4686; x_wconf 80' lang='lat' dir='ltr'>Factum</span> <span class='ocrx_word' id='word_1_701' title='bbox 1408 4633 1454 4683; x_wconf 86' lang='lat' dir='ltr'>est</span> <span class='ocrx_word' id='word_1_702' title='bbox 1470 4627 1600 4682; x_wconf 82' lang='lat' dir='ltr'>Verbum</span> <span class='ocrx_word' id='word_1_703' title='bbox 1614 4640 1684 4684; x_wconf 85' lang='lat' dir='ltr'>earo</span> <span class='ocrx_word' id='word_1_704' title='bbox 1700 4621 1833 4721; x_wconf 67' lang='lat' dir='ltr'>utbomo</span> 
     </span>
     <span class='ocr_line' id='line_1_50' title="bbox 111 4713 1832 4808; baseline -0.015 -18"><span class='ocrx_word' id='word_1_705' title='bbox 111 4749 166 4804; x_wconf 88' lang='lat' dir='ltr'>per</span> <span class='ocrx_word' id='word_1_706' title='bbox 188 4735 348 4803; x_wconf 71' lang='lat' dir='ltr'>unitaiait,</span> <span class='ocrx_word' id='word_1_707' title='bbox 368 4752 487 4807; x_wconf 79' lang='lat' dir='ltr'>semper·</span> <span class='ocrx_word' id='word_1_708' title='bbox 500 4752 558 4794; x_wconf 75' lang='lat' dir='ltr'>una</span> <span class='ocrx_word' id='word_1_709' title='bbox 574 4750 641 4793; x_wconf 76' lang='lat' dir='ltr'>eum</span> <span class='ocrx_word' id='word_1_710' title='bbox 656 4736 707 4792; x_wconf 76' lang='lat' dir='ltr'>iilo</span> <span class='ocrx_word' id='word_1_711' title='bbox 727 4734 775 4791; x_wconf 77' lang='lat' dir='ltr'>oui</span> <span class='ocrx_word' id='word_1_712' title='bbox 789 4733 947 4789; x_wconf 69' lang='lat' dir='ltr'>uniebatur</span> <span class='ocrx_word' id='word_1_713' title='bbox 1001 4723 1224 4779; x_wconf 86' lang='lat' dir='ltr'>interiremines</span> <span class='ocrx_word' id='word_1_714' title='bbox 1238 4722 1330 4789; x_wconf 84' lang='lat' dir='ltr'>esset,</span> <span class='ocrx_word' id='word_1_715' title='bbox 1346 4718 1398 4790; x_wconf 87' lang='lat' dir='ltr'>qni</span> <span class='ocrx_word' id='word_1_716' title='bbox 1412 4718 1492 4774; x_wconf 85' lang='lat' dir='ltr'>Deus</span> <span class='ocrx_word' id='word_1_717' title='bbox 1508 4719 1670 4785; x_wconf 85' lang='lat' dir='ltr'>erutsupru</span> <span class='ocrx_word' id='word_1_718' title='bbox 1685 4713 1832 4808; x_wconf 51' lang='lat' dir='ltr'>hommes:</span> 
     </span>
     <span class='ocr_line' id='line_1_51' title="bbox 112 4801 1836 4899; baseline -0.016 -19"><span class='ocrx_word' id='word_1_719' title='bbox 112 4839 241 4894; x_wconf 86' lang='lat' dir='ltr'>persona</span> <span class='ocrx_word' id='word_1_720' title='bbox 255 4826 318 4882; x_wconf 73' lang='lat' dir='ltr'>rat.</span> <span class='ocrx_word' id='word_1_721' title='bbox 337 4825 404 4881; x_wconf 85' lang='lat' dir='ltr'>ideo</span> <span class='ocrx_word' id='word_1_722' title='bbox 418 4824 777 4887; x_wconf 79' lang='lat' dir='ltr'>nondicimusbominem</span> <span class='ocrx_word' id='word_1_723' title='bbox 787 4836 946 4894; x_wconf 85' lang='lat' dir='ltr'>personum</span> <span class='ocrx_word' id='word_1_724' title='bbox 1002 4814 1038 4869; x_wconf 85' lang='lat' dir='ltr'>Et</span> <span class='ocrx_word' id='word_1_725' title='bbox 1057 4827 1166 4869; x_wconf 87' lang='lat' dir='ltr'>versus</span> <span class='ocrx_word' id='word_1_726' title='bbox 1182 4815 1227 4869; x_wconf 87' lang='lat' dir='ltr'>est</span> <span class='ocrx_word' id='word_1_727' title='bbox 1242 4809 1327 4879; x_wconf 85' lang='lat' dir='ltr'>panis</span> <span class='ocrx_word' id='word_1_728' title='bbox 1344 4809 1393 4863; x_wconf 86' lang='lat' dir='ltr'>itte</span> <span class='ocrx_word' id='word_1_729' title='bbox 1408 4807 1442 4862; x_wconf 85' lang='lat' dir='ltr'>in</span> <span class='ocrx_word' id='word_1_730' title='bbox 1453 4807 1508 4875; x_wconf 89' lang='lat' dir='ltr'>lac,</span> <span class='ocrx_word' id='word_1_731' title='bbox 1525 4808 1557 4861; x_wconf 91' lang='lat' dir='ltr'>ut</span> <span class='ocrx_word' id='word_1_732' title='bbox 1576 4801 1836 4899; x_wconf 77' lang='lat' dir='ltr'>apurvuiissumr</span> 
     </span>
     <span class='ocr_line' id='line_1_52' title="bbox 113 4891 1837 4990; baseline -0.011 -20"><span class='ocrx_word' id='word_1_733' title='bbox 113 4919 296 4986; x_wconf 84' lang='lat' dir='ltr'>assumptum</span> <span class='ocrx_word' id='word_1_734' title='bbox 309 4931 391 4985; x_wconf 83' lang='lat' dir='ltr'>esse,</span> <span class='ocrx_word' id='word_1_735' title='bbox 407 4915 462 4973; x_wconf 82' lang='lat' dir='ltr'>sod</span> <span class='ocrx_word' id='word_1_736' title='bbox 476 4912 901 4984; x_wconf 77' lang='lat' dir='ltr'>assumptamessahominem</span> <span class='ocrx_word' id='word_1_737' title='bbox 916 4911 946 4964; x_wconf 87' lang='lat' dir='ltr'>in</span> <span class='ocrx_word' id='word_1_738' title='bbox 1002 4903 1108 4974; x_wconf 88' lang='lat' dir='ltr'>possit.</span> <span class='ocrx_word' id='word_1_739' title='bbox 1129 4899 1409 4973; x_wconf 79' lang='lat' dir='ltr'>Sapientissmsam</span> <span class='ocrx_word' id='word_1_740' title='bbox 1424 4895 1509 4966; x_wconf 82' lang='lat' dir='ltr'>panis</span> <span class='ocrx_word' id='word_1_741' title='bbox 1524 4897 1596 4962; x_wconf 82' lang='lat' dir='ltr'>erut,</span> <span class='ocrx_word' id='word_1_742' title='bbox 1612 4896 1642 4948; x_wconf 88' lang='lat' dir='ltr'>et</span> <span class='ocrx_word' id='word_1_743' title='bbox 1657 4891 1837 4990; x_wconf 70' lang='lat' dir='ltr'>eedemrpsa</span> 
     </span>
     <span class='ocr_line' id='line_1_53' title="bbox 107 4983 1836 5074; baseline -0.017 -14"><span class='ocrx_word' id='word_1_744' title='bbox 107 5019 283 5074; x_wconf 58' lang='lat' dir='ltr'>,porsonam</span> <span class='ocrx_word' id='word_1_745' title='bbox 308 5003 519 5074; x_wconf 60' lang='lat' dir='ltr'>qniurbnmana</span> <span class='ocrx_word' id='word_1_746' title='bbox 538 5006 642 5059; x_wconf 77' lang='lat' dir='ltr'>natum</span> <span class='ocrx_word' id='word_1_747' title='bbox 671 5003 701 5059; x_wconf 75' lang='lat' dir='ltr'>m</span> <span class='ocrx_word' id='word_1_748' title='bbox 716 5002 835 5059; x_wconf 76' lang='lat' dir='ltr'>christo</span> <span class='ocrx_word' id='word_1_749' title='bbox 858 5016 896 5056; x_wconf 75' lang='lat' dir='ltr'>ax</span> <span class='ocrx_word' id='word_1_750' title='bbox 911 5016 947 5056; x_wconf 81' lang='lat'>00</span> <span class='ocrx_word' id='word_1_751' title='bbox 1003 4991 1146 5064; x_wconf 86' lang='lat' dir='ltr'>supientia</span> <span class='ocrx_word' id='word_1_752' title='bbox 1163 4987 1365 5049; x_wconf 80' lang='lat' dir='ltr'>deorsumtne</span> <span class='ocrx_word' id='word_1_753' title='bbox 1380 4990 1452 5042; x_wconf 89' lang='lat' dir='ltr'>erat.</span> <span class='ocrx_word' id='word_1_754' title='bbox 1470 4985 1502 5041; x_wconf 86' lang='lat' dir='ltr'>tn</span> <span class='ocrx_word' id='word_1_755' title='bbox 1523 4983 1674 5041; x_wconf 82' lang='lat' dir='ltr'>divinitate</span> <span class='ocrx_word' id='word_1_756' title='bbox 1689 4994 1785 5050; x_wconf 79' lang='lat' dir='ltr'>panis,</span> <span class='ocrx_word' id='word_1_757' title='bbox 1806 4993 1836 5031; x_wconf 87' lang='lat' dir='ltr'>nr</span> 
     </span>
     <span class='ocr_line' id='line_1_54' title="bbox 114 5067 1838 5165; baseline -0.017 -15"><span class='ocrx_word' id='word_1_758' title='bbox 114 5093 194 5163; x_wconf 87' lang='lat' dir='ltr'>qued</span> <span class='ocrx_word' id='word_1_759' title='bbox 212 5092 269 5149; x_wconf 79' lang='lat' dir='ltr'>tuit</span> <span class='ocrx_word' id='word_1_760' title='bbox 285 5108 488 5162; x_wconf 85' lang='lat' dir='ltr'>persona-neu</span> <span class='ocrx_word' id='word_1_761' title='bbox 503 5092 567 5162; x_wconf 82' lang='lat' dir='ltr'>fuit,</span> <span class='ocrx_word' id='word_1_762' title='bbox 593 5094 663 5165; x_wconf 87' lang='lat' dir='ltr'>quia</span> <span class='ocrx_word' id='word_1_763' title='bbox 677 5108 778 5162; x_wconf 87' lang='lat' dir='ltr'>perse</span> <span class='ocrx_word' id='word_1_764' title='bbox 798 5107 858 5147; x_wconf 91' lang='lat' dir='ltr'>non</span> <span class='ocrx_word' id='word_1_765' title='bbox 882 5089 946 5145; x_wconf 76' lang='lat' dir='ltr'>tuit</span> <span class='ocrx_word' id='word_1_766' title='bbox 1004 5081 1182 5138; x_wconf 87' lang='lat' dir='ltr'>humanitate</span> <span class='ocrx_word' id='word_1_767' title='bbox 1198 5080 1252 5134; x_wconf 87' lang='lat' dir='ltr'>iao.</span> <span class='ocrx_word' id='word_1_768' title='bbox 1268 5075 1412 5135; x_wconf 82' lang='lat' dir='ltr'>Sieeuim</span> <span class='ocrx_word' id='word_1_769' title='bbox 1426 5073 1541 5144; x_wconf 87' lang='lat' dir='ltr'>purvuli</span> <span class='ocrx_word' id='word_1_770' title='bbox 1554 5088 1650 5128; x_wconf 87' lang='lat' dir='ltr'>sensu</span> <span class='ocrx_word' id='word_1_771' title='bbox 1665 5068 1773 5141; x_wconf 85' lang='lat' dir='ltr'>partae</span> <span class='ocrx_word' id='word_1_772' title='bbox 1783 5067 1838 5121; x_wconf 88' lang='lat' dir='ltr'>hu-</span> 
     </span>
     <span class='ocr_line' id='line_1_55' title="bbox 115 5158 1838 5253; baseline -0.015 -17"><span class='ocrx_word' id='word_1_773' title='bbox 115 5182 173 5237; x_wconf 85' lang='lat' dir='ltr'>Sed</span> <span class='ocrx_word' id='word_1_774' title='bbox 184 5196 272 5236; x_wconf 76' lang='lat' dir='ltr'>exeo</span> <span class='ocrx_word' id='word_1_775' title='bbox 285 5182 366 5252; x_wconf 89' lang='lat' dir='ltr'>quod</span> <span class='ocrx_word' id='word_1_776' title='bbox 381 5182 462 5237; x_wconf 88' lang='lat' dir='ltr'>unita</span> <span class='ocrx_word' id='word_1_777' title='bbox 473 5182 536 5253; x_wconf 87' lang='lat' dir='ltr'>init,</span> <span class='ocrx_word' id='word_1_778' title='bbox 548 5198 606 5238; x_wconf 87' lang='lat' dir='ltr'>unu</span> <span class='ocrx_word' id='word_1_779' title='bbox 622 5198 689 5238; x_wconf 89' lang='lat' dir='ltr'>cum</span> <span class='ocrx_word' id='word_1_780' title='bbox 704 5180 816 5236; x_wconf 89' lang='lat' dir='ltr'>iiloeui</span> <span class='ocrx_word' id='word_1_781' title='bbox 830 5179 949 5235; x_wconf 85' lang='lat' dir='ltr'>uniebo·</span> <span class='ocrx_word' id='word_1_782' title='bbox 1004 5171 1151 5229; x_wconf 84' lang='lat' dir='ltr'>munitatis</span> <span class='ocrx_word' id='word_1_783' title='bbox 1173 5168 1276 5228; x_wconf 90' lang='lat' dir='ltr'>nutriti</span> <span class='ocrx_word' id='word_1_784' title='bbox 1303 5169 1382 5235; x_wconf 78' lang='lat' dir='ltr'>stant,</span> <span class='ocrx_word' id='word_1_785' title='bbox 1408 5167 1437 5219; x_wconf 92' lang='lat' dir='ltr'>et</span> <span class='ocrx_word' id='word_1_786' title='bbox 1450 5163 1582 5220; x_wconf 87' lang='lat' dir='ltr'>roborati</span> <span class='ocrx_word' id='word_1_787' title='bbox 1598 5164 1670 5216; x_wconf 89' lang='lat' dir='ltr'>sunt</span> <span class='ocrx_word' id='word_1_788' title='bbox 1681 5158 1717 5215; x_wconf 84' lang='lat' dir='ltr'>ud</span> <span class='ocrx_word' id='word_1_789' title='bbox 1732 5172 1838 5228; x_wconf 72' lang='grc' dir='ltr'>ιιιιιιιιιιι</span> 
     </span>
     <span class='ocr_line' id='line_1_56' title="bbox 115 5249 1840 5343; baseline -0.018 -13"><span class='ocrx_word' id='word_1_790' title='bbox 115 5277 172 5343; x_wconf 88' lang='lat' dir='ltr'>tur,</span> <span class='ocrx_word' id='word_1_791' title='bbox 187 5272 540 5342; x_wconf 64' lang='lat' dir='ltr'>praeposuissemus</span> <span class='ocrx_word' id='word_1_792' title='bbox 554 5273 633 5327; x_wconf 88' lang='lat' dir='ltr'>enim</span> <span class='ocrx_word' id='word_1_793' title='bbox 644 5268 949 5326; x_wconf 81' lang='lat' dir='ltr'>notatdiscretionem</span> <span class='ocrx_word' id='word_1_794' title='bbox 1004 5260 1176 5327; x_wconf 82' lang='lat' dir='ltr'>divinitatis,</span> <span class='ocrx_word' id='word_1_795' title='bbox 1194 5262 1224 5315; x_wconf 88' lang='lat' dir='ltr'>ut</span> <span class='ocrx_word' id='word_1_796' title='bbox 1240 5257 1317 5313; x_wconf 85' lang='lat' dir='ltr'>idern</span> <span class='ocrx_word' id='word_1_797' title='bbox 1332 5256 1396 5326; x_wconf 92' lang='lat' dir='ltr'>ipse</span> <span class='ocrx_word' id='word_1_798' title='bbox 1412 5252 1569 5322; x_wconf 90' lang='lat' dir='ltr'>utrobique</span> <span class='ocrx_word' id='word_1_799' title='bbox 1584 5249 1730 5317; x_wconf 80' lang='lat' dir='ltr'>reticeret,</span> <span class='ocrx_word' id='word_1_800' title='bbox 1749 5250 1780 5304; x_wconf 77' lang='lat' dir='ltr'>et</span> <span class='ocrx_word' id='word_1_801' title='bbox 1793 5260 1840 5300; x_wconf 88' lang='lat' dir='ltr'>re·</span> 
     </span>
     <span class='ocr_line' id='line_1_57' title="bbox 116 5337 1837 5439; baseline -0.021 -15"><span class='ocrx_word' id='word_1_802' title='bbox 116 5365 371 5439; x_wconf 86' lang='lat' dir='ltr'>Proptereaquod</span> <span class='ocrx_word' id='word_1_803' title='bbox 385 5381 439 5435; x_wconf 91' lang='lat' dir='ltr'>per</span> <span class='ocrx_word' id='word_1_804' title='bbox 455 5381 489 5420; x_wconf 91' lang='lat' dir='ltr'>se</span> <span class='ocrx_word' id='word_1_805' title='bbox 503 5362 709 5435; x_wconf 76' lang='lat' dir='ltr'>personatuit,</span> <span class='ocrx_word' id='word_1_806' title='bbox 720 5377 763 5414; x_wconf 83' lang='lat' dir='ltr'>ex</span> <span class='ocrx_word' id='word_1_807' title='bbox 779 5372 950 5429; x_wconf 82' lang='lat' dir='ltr'>sepersona</span> <span class='ocrx_word' id='word_1_808' title='bbox 1006 5351 1131 5408; x_wconf 85' lang='lat' dir='ltr'>tteiemto</span> <span class='ocrx_word' id='word_1_809' title='bbox 1155 5346 1314 5420; x_wconf 80' lang='lat' dir='ltr'>languidos</span> <span class='ocrx_word' id='word_1_810' title='bbox 1337 5344 1373 5397; x_wconf 89' lang='lat' dir='ltr'>nd</span> <span class='ocrx_word' id='word_1_811' title='bbox 1395 5340 1648 5410; x_wconf 72' lang='lat' dir='ltr'>incorruptionem</span> <span class='ocrx_word' id='word_1_812' title='bbox 1664 5337 1837 5435; x_wconf 77' lang='lat' dir='ltr'>repararet.</span> 
     </span>
     <span class='ocr_line' id='line_1_58' title="bbox 70 5426 1840 5521; baseline -0.02 -7"><span class='ocrx_word' id='word_1_813' title='bbox 70 5478 73 5483; x_wconf 71' lang='grc'><strong>’</strong></span> <span class='ocrx_word' id='word_1_814' title='bbox 117 5456 256 5513; x_wconf 80' lang='lat' dir='ltr'>nonfuit.</span> <span class='ocrx_word' id='word_1_815' title='bbox 281 5456 394 5511; x_wconf 89' lang='lat' dir='ltr'>idcirco</span> <span class='ocrx_word' id='word_1_816' title='bbox 414 5471 473 5509; x_wconf 93' lang='lat' dir='ltr'>non</span> <span class='ocrx_word' id='word_1_817' title='bbox 495 5455 541 5509; x_wconf 88' lang='lat' dir='ltr'>est</span> <span class='ocrx_word' id='word_1_818' title='bbox 562 5454 714 5521; x_wconf 83' lang='lat' dir='ltr'>assumpta</span> <span class='ocrx_word' id='word_1_819' title='bbox 735 5463 873 5519; x_wconf 89' lang='lat' dir='ltr'>persona,</span> <span class='ocrx_word' id='word_1_820' title='bbox 896 5444 950 5500; x_wconf 87' lang='lat' dir='ltr'>sed</span> <span class='ocrx_word' id='word_1_821' title='bbox 1007 5441 1091 5496; x_wconf 89' lang='lat' dir='ltr'>Dedit</span> <span class='ocrx_word' id='word_1_822' title='bbox 1101 5455 1173 5510; x_wconf 82' lang='lat' dir='ltr'>ergo</span> <span class='ocrx_word' id='word_1_823' title='bbox 1185 5433 1401 5507; x_wconf 84' lang='lat' dir='ltr'>reparandisud</span> <span class='ocrx_word' id='word_1_824' title='bbox 1411 5426 1840 5500; x_wconf 80' lang='lat' dir='ltr'>incorruptionemalunentunr</span> 
     </span>
     <span class='ocr_line' id='line_1_59' title="bbox 118 5514 1840 5618; baseline -0.023 -15"><span class='ocrx_word' id='word_1_825' title='bbox 118 5552 231 5617; x_wconf 88' lang='lat' dir='ltr'>natura,</span> <span class='ocrx_word' id='word_1_826' title='bbox 247 5546 314 5618; x_wconf 88' lang='lat' dir='ltr'>quia</span> <span class='ocrx_word' id='word_1_827' title='bbox 330 5545 408 5617; x_wconf 88' lang='lat' dir='ltr'>quod</span> <span class='ocrx_word' id='word_1_828' title='bbox 420 5545 661 5612; x_wconf 84' lang='lat' dir='ltr'>assumptumest</span> <span class='ocrx_word' id='word_1_829' title='bbox 675 5537 826 5594; x_wconf 82' lang='lat' dir='ltr'>rationalis</span> <span class='ocrx_word' id='word_1_830' title='bbox 838 5538 950 5590; x_wconf 71' lang='lat' dir='ltr'>naturae</span> <span class='ocrx_word' id='word_1_831' title='bbox 1006 5527 1248 5598; x_wconf 85' lang='lat' dir='ltr'>incorruptionis.</span> <span class='ocrx_word' id='word_1_832' title='bbox 1258 5522 1402 5578; x_wconf 77' lang='lat' dir='ltr'>Parvulas</span> <span class='ocrx_word' id='word_1_833' title='bbox 1417 5519 1536 5591; x_wconf 88' lang='lat' dir='ltr'>quidem</span> <span class='ocrx_word' id='word_1_834' title='bbox 1551 5514 1767 5612; x_wconf 81' lang='lat' dir='ltr'>immaculatam</span> <span class='ocrx_word' id='word_1_835' title='bbox 1777 5527 1840 5566; x_wconf 87' lang='lat' dir='ltr'>eur·</span> 
     </span>
     <span class='ocr_line' id='line_1_60' title="bbox 118 5604 1842 5706; baseline -0.021 -13"><span class='ocrx_word' id='word_1_836' title='bbox 118 5639 195 5694; x_wconf 85' lang='lat' dir='ltr'>sicut</span> <span class='ocrx_word' id='word_1_837' title='bbox 210 5641 292 5693; x_wconf 85' lang='lat' dir='ltr'>extra</span> <span class='ocrx_word' id='word_1_838' title='bbox 306 5634 542 5706; x_wconf 85' lang='lat' dir='ltr'>assumptionem</span> <span class='ocrx_word' id='word_1_839' title='bbox 559 5648 613 5703; x_wconf 87' lang='lat' dir='ltr'>per</span> <span class='ocrx_word' id='word_1_840' title='bbox 627 5647 660 5686; x_wconf 90' lang='lat' dir='ltr'>se</span> <span class='ocrx_word' id='word_1_841' title='bbox 675 5643 743 5685; x_wconf 87' lang='lat' dir='ltr'>esse</span> <span class='ocrx_word' id='word_1_842' title='bbox 759 5643 819 5683; x_wconf 90' lang='lat' dir='ltr'>non</span> <span class='ocrx_word' id='word_1_843' title='bbox 838 5616 967 5693; x_wconf 75' lang='lat' dir='ltr'>habuit,</span> <span class='ocrx_word' id='word_1_844' title='bbox 1008 5635 1074 5675; x_wconf 89' lang='lat' dir='ltr'>nem</span> <span class='ocrx_word' id='word_1_845' title='bbox 1089 5632 1175 5690; x_wconf 81' lang='lat' dir='ltr'>quarn</span> <span class='ocrx_word' id='word_1_846' title='bbox 1187 5615 1315 5684; x_wconf 89' lang='lat' dir='ltr'>sumpsit</span> <span class='ocrx_word' id='word_1_847' title='bbox 1329 5613 1364 5667; x_wconf 87' lang='lat' dir='ltr'>de</span> <span class='ocrx_word' id='word_1_848' title='bbox 1381 5610 1503 5682; x_wconf 77' lang='lat' dir='ltr'>Virgine</span> <span class='ocrx_word' id='word_1_849' title='bbox 1519 5612 1620 5677; x_wconf 88' lang='lat' dir='ltr'>matre,</span> <span class='ocrx_word' id='word_1_850' title='bbox 1637 5604 1778 5678; x_wconf 75' lang='lat' dir='ltr'>perfectis</span> <span class='ocrx_word' id='word_1_851' title='bbox 1794 5617 1842 5657; x_wconf 86' lang='lat' dir='ltr'>aa·</span> 
     </span>
    </p>
   </div>
   <div class='ocr_carea' id='block_1_5' title="bbox 0 0 1938 6022">
    <p class='ocr_par' dir='ltr' id='par_1_6' title="bbox 0 0 1938 6022">
     <span class='ocr_line' id='line_1_61' title="bbox 0 0 1938 6022; baseline 0 0"><span class='ocrx_word' id='word_1_852' title='bbox 0 0 1938 6022; x_wconf 95' lang='lat' dir='ltr'> </span> 
     </span>
    </p>
   </div>
  </div>
 </body>
</html>
