3796 6022
83 281 164 352 1207
526 282 747 348 APPENDIX
767 282 826 348 ab
847 280 1039 348 HUGONIS
1060 280 1206 346 OPERA
1227 281 1431 348 MYSTICAe
1733 277 1807 343 1208

414 483 543 542 SERMO
558 483 590 541 C.
932 461 1086 539 Amatam
1115 484 1206 557 igitur
1233 486 1288 539 est.
1319 482 1466 555 Quidpuid
1490 482 1568 538 euim
1593 484 1662 537 aute
1684 482 1804 539 mortem

312 575 346 630 ln
362 574 440 631 iesto
455 581 567 630 sanctae
582 574 698 631 Crucis.
978 573 1088 629 Christi
1103 573 1254 646 oportebat
1269 573 1342 644 lieri,
1368 573 1398 628 iu
1425 575 1518 628 morte
1533 571 1646 628 Christi
1670 586 1805 627 consum·

2 665 12 683 ‘
122 663 920 738 Cumaccepissetdesusacetumdixit,Consummatum
978 667 1158 720 matumesl.

85 762 150 813 est:
166 760 196 812 et
211 754 354 809 inclinato
369 754 465 825 capite
481 753 582 809 emisit
595 753 917 826 spiritumhloaumrx).
1013 752 1094 808 Mors
1119 753 1216 824 itaque
1227 752 1336 807 Christi
1352 751 1482 823 perlecta
1503 749 1731 807 nobisestvitae
1747 765 1804 803 res-

85 845 158 901 Haae
173 843 274 914 verba,
293 842 473 914 charissimi,
490 859 557 914 quae
572 843 794 914 proposuimus,
816 842 918 898 brevia
976 844 1110 910 tauralio,
1128 858 1208 897 mors
1224 842 1335 897 Christi
1362 842 1461 896 divina
1474 840 1562 897 uobis
1590 839 1800 895 reconciliatio.

85 932 918 1007 quidem,sedexcellentissimasunt:quippequaeuohis
976 947 1057 987 mors
1072 931 1181 987 Christi
1197 932 1304 987 ablatio
1320 932 1425 1002 culpae,
1455 946 1536 986 mors
1552 929 1665 986 Christi
1695 926 1806 983 collatio

84 1021 299 1093 redemptionis
315 1024 425 1076 nostrae
437 1022 722 1077 consummationem
732 1021 914 1076 describunt.
972 1019 1107 1092 justitiae,
1121 1037 1201 1077 mors
1209 1020 1318 1077 Christi
1329 1021 1416 1076 nobis
1426 1020 1575 1076 obseratio
1587 1018 1709 1087 interni,
1732 1033 1806 1071 mors

84 1111 119 1167 ln
126 1114 220 1167 morte
230 1111 327 1182 itaque
336 1108 447 1165 Christi
456 1113 658 1165 consummata
667 1111 844 1165 suntomnia
865 1126 918 1167 ve·
975 1109 1085 1164 Christi
1100 1112 1243 1166 reseratio
1258 1110 1335 1180 coeli,
1353 1125 1433 1164 mors
1448 1108 1560 1164 Christi
1571 1107 1739 1163 destructio
1755 1122 1808 1177 pte

5 1265 14 1284 ο
84 1204 181 1257 terum
209 1200 371 1272 figurarum
404 1199 561 1272 aenigmata
589 1199 685 1270 ipsam
719 1199 916 1272 designantia,
976 1214 1032 1267 nae,
1063 1215 1144 1254 mors
1159 1199 1269 1256 Christi
1296 1198 1480 1270 recuperatio
1496 1198 1611 1270 gloriae.
1642 1196 1726 1269 Ergo
1743 1211 1805 1250 con·

84 1289 183 1346 omnia
206 1288 416 1360 prophatarum
430 1287 568 1342 vaticinia
592 1287 687 1358 ipsam
702 1288 917 1358 prophetantia.
976 1294 1149 1343 summatum
1160 1293 1216 1344 est.
1227 1285 1673 1358 Consummatumestquidquid
1687 1285 1808 1356 pertinet

84 1378 171 1435 Unde
181 1379 246 1450 ipse
257 1377 401 1433 Dominus
409 1376 446 1431 ad
456 1376 631 1448 Apostolos:
644 1377 919 1432 Ecceasceudimus
976 1376 1013 1432 ad
1030 1378 1283 1449 consumptionem
1295 1377 1373 1432 mali.
1391 1377 1632 1432 Consummatum
1656 1378 1704 1429 est
1725 1373 1806 1445 qnid-

83 1464 919 1540 Jerusolymam,etconsummabunturomniaqrraescripta
977 1463 1805 1538 quidpertinetadconsummationemhoni.Consumma-

85 1560 155 1613 sunt
165 1572 224 1629 per
236 1556 400 1628 prophetas
415 1555 452 1610 de
475 1553 553 1610 Filio
575 1554 704 1610 hominis
717 1555 836 1622 (iliattlr.
854 1557 918 1625 xx).
976 1560 1038 1611 tum
1049 1554 1258 1627 quodSimeon
1273 1554 1375 1626 justus
1395 1554 1541 1626 praedixit.
1567 1553 1805 1609 Consummatum

87 1645 322 1702 Consummatum
333 1649 389 1700 est.
402 1644 536 1699 lnmorte
549 1659 675 1716 namque
687 1643 797 1698 Christi
809 1660 919 1699 secun·
977 1647 1033 1715 est,
1043 1645 1121 1716 quod
1133 1642 1720 1716 Caiphae,licetreprobus,prophetarit.
1732 1642 1804 1696 Con-

86 1735 156 1790 dum
187 1733 314 1805 typicam
344 1731 592 1805 significationem
617 1735 852 1788 consummatum
875 1737 921 1789 est
978 1735 1154 1789 summatum
1166 1734 1301 1807 estquod
1318 1732 1510 1789 detestandus
1525 1733 1619 1787 indas
1645 1731 1803 1787 Pharisaeis

86 1822 167 1898 quod
176 1821 397 1878 Deusdelatere
407 1821 804 1877 hdeedormientisiormavit
817 1822 917 1892 livam,
978 1823 1146 1893 spopondit.
1156 1822 1396 1878 Consummatum
1408 1821 1671 1893 estquodPilatus,
1680 1820 1805 1891 injustus

85 1910 787 1987 quoniamhoesignitlcavitsanguinedelatcre
809 1911 919 1967 Christi
975 1912 1080 1984 judex,
1106 1911 1216 1985 injuste
1238 1911 1304 1967 lieri
1323 1911 1479 1984 iudicavit.
1507 1909 1753 1966 Consummatum
1766 1911 1806 1963 est

85 2001 194 2058 mortui
227 2001 335 2057 fluente
363 2004 495 2056 sanctum
524 2000 690 2056 Ecclesiam
718 2001 919 2057 redimendum
978 2002 1057 2074 quod
1072 2001 1196 2057 iudaeus
1215 1999 1320 2056 infelix
1341 2000 1452 2071 optavit
1473 2000 1510 2054 ad
1526 2016 1613 2057 suam
1639 1998 1804 2070 perniciem.

84 2091 327 2149 Consummatum
342 2092 388 2145 est
402 2090 481 2162 quod
495 2088 567 2144 Cain
591 2088 667 2144 llbel
688 2088 808 2146 fratrem
832 2107 919 2146 suum
977 2092 1218 2146 Consummatum
1234 2090 1373 2162 estquod
1389 2089 1469 2145 Deus
1484 2089 1616 2160 providit
1627 2088 1665 2142 ad
1682 2090 1807 2143 nostram

84 2194 139 2256 per
152 2180 293 2236 iuvidiam
313 2179 470 2249 interiecit,
493 2178 632 2251 quonium
657 2179 713 2234 hoc
728 2179 848 2252 signum
865 2179 919 2235 luit
977 2180 1141 2236 utilitatem.
1165 2179 1437 2236 consummataest
1459 2179 1517 2234 lex.
1541 2178 1752 2234 Consummata
1767 2178 1808 2230 est

85 2267 813 2343 quodpopulustudaicusChristumperimidiam
825 2269 917 2325 Pilato
975 2269 1139 2341 prophetia.
1155 2267 1364 2324 consummata
1388 2271 1434 2324 est
1461 2267 1644 2323 annuntiatio
1667 2266 1807 2338 angelica.

84 2359 122 2416 ud
130 2357 364 2431 crucifigendum
374 2357 501 2413 tradidit.
510 2357 917 2415 Consummatumestsecun-
976 2358 1216 2414 Consummatum
1227 2358 1358 2430 estquod
1366 2357 1441 2430 justi
1453 2355 1809 2428 speraveruntinmundo.

84 2448 156 2505 dum
165 2448 320 2520 mysticam
329 2446 577 2519 significationem
588 2447 667 2519 quod
678 2447 917 2503 Abrahamlsaac
975 2447 1217 2504 Consummatum
1233 2450 1280 2503 est
1297 2447 1377 2519 quod
1397 2450 1500 2518 postea
1519 2444 1687 2517 praestolati
1703 2447 1771 2499 suut
1784 2443 1810 2496 iu

83 2537 570 2607 tiliumsuumsuperarum,strue
586 2535 733 2609 lignorum
750 2538 915 2609 supposita,
975 2537 1102 2593 inferno.
1129 2536 1369 2593 Consummatum
1384 2541 1431 2591 est
1454 2535 1533 2608 quod
1558 2537 1661 2590 sancte
1686 2532 1809 2587 videndo

84 2625 122 2681 ad
133 2624 316 2681 offerendum
326 2625 387 2679 Deo
404 2623 514 2696 posuit,
532 2626 671 2696 quoniam
689 2625 746 2680 hoc
759 2625 915 2698 llguruvit:
975 2629 1146 2682 meruemnt
1160 2627 1318 2697 possidere
1338 2626 1454 2681 coelum.
1482 2625 1561 2697 Ergo
1582 2627 1810 2679 consummatum

84 2714 165 2787 quod
175 2729 271 2787 genus
282 2713 444 2769 humanum
451 2711 603 2769 Christum
618 2713 782 2770 seeundum
798 2731 916 2771 carnem
976 2721 1031 2770 est.
1044 2713 1252 2771 Consummata
1262 2717 1357 2770 autem
1369 2714 1555 2788 pergratiam
1572 2714 1605 2767 in
1619 2712 1711 2767 nobis
1724 2710 1811 2782 justi·

84 2803 122 2860 de
135 2818 170 2859 se
184 2806 284 2858 nutum
306 2803 338 2857 iu
354 2817 442 2858 cruce
464 2802 578 2858 obtulit.
604 2802 846 2858 Consummatum
871 2809 917 2860 est
973 2803 1024 2872 tia,
1034 2803 1241 2875 perjustitiam
1251 2803 1482 2858 consummanda
1498 2805 1544 2857 est
1559 2802 1666 2875 gloria.
1694 2799 1809 2856 iustitia

84 2892 249 2949 seeundum
265 2891 398 2947 eamdem
422 2891 671 2964 significationem
686 2893 766 2964 quod
791 2893 870 2948 Deus
887 2893 916 2948 in
975 2897 1237 2948 consummataest
1259 2892 1375 2961 effectu,
1393 2891 1489 2964 gloria
1504 2893 1534 2946 in
1564 2891 1654 2946 nobis
1671 2905 1811 2945 consum-

83 2983 154 3055 agni
178 2980 329 3053 paschalis
354 2981 505 3037 occisione
521 2981 598 3037 illios
614 2981 707 3037 lsrael
722 2982 757 3037 de
773 2983 916 3038 servitute
974 2982 1079 3037 manda
1094 2985 1141 3037 est
1166 2998 1266 3038 causa.
1283 2981 1394 3036 Omnes
1419 2981 1497 3035 enim
1521 2981 1552 3034 in
1574 2980 1730 3034 Christum
1746 2992 1810 3033 vere

83 3071 294 3144 AEgyptiorum
304 3070 448 3140 liberavit,
456 3071 596 3143 quoniam
606 3071 663 3127 hoc
675 3072 754 3145 quod
766 3073 915 3144 spiritales
934 3073 961 3152 c
975 3071 1130 3126 credentes
1141 3071 1314 3142 ellectujam
1330 3074 1400 3126 suut
1409 3069 1494 3141 justi,
1503 3085 1593 3124 causa
1611 3069 1700 3137 beati,
1709 3066 1809 3123 ellectu

82 3159 226 3217 Israelitae
233 3159 568 3235 morteChristidcjugo
581 3161 748 3217 daemonum
763 3163 915 3234 eriperen-
973 3160 1506 3232 tandemhealitlcandi.Dequacausa
1522 3157 1719 3213 beatitudinis
1736 3157 1809 3212 Pao-

81 3252 131 3306 tur
156 3250 328 3307 insinuavit.
353 3249 595 3306 Consummatum
618 3253 674 3320 est,
700 3251 780 3322 quod
795 3251 915 3323 Moyses
973 3248 1077 3305 lussie
1092 3249 1128 3305 de
1147 3250 1265 3306 Christo
1284 3249 1424 3322 loquens:
1449 3247 1685 3317 Consummatus,
1709 3242 1808 3318 inquit,

81 3353 176 3412 aquas
195 3355 312 3394 amaras
332 3338 414 3412 ligno
430 3339 604 3410 dulcoravit,
621 3343 649 3394 et
672 3356 765 3411 aquas
782 3340 817 3395 de
834 3345 916 3412 petra
974 3336 1627 3417 iactusostomnihusobtemperantibussibi,
1638 3335 1810 3391 causasalu·

80 3427 230 3500 produxit,
248 3428 386 3500 quoniam
410 3429 467 3484 hoc
489 3429 654 3500 praetendit,
677 3429 756 3500 quod
777 3429 916 3485 Christus
975 3426 1527 3497 tisreternaetHebr.v).Sieaim,sicut
1542 3424 1707 3496 alibidicit,
1723 3425 1810 3498 spiri·

81 3515 276 3571 amaritudine
298 3532 361 3571 suae
382 3518 486 3572 mortis
497 3518 574 3589 legis
590 3519 791 3574 austeritatem
806 3519 836 3573 iu
853 3519 916 3575 dul·
976 3516 1102 3589 tasejns,
1113 3514 1811 3589 quisuscrtavitJesnmaruortuis‚trabitatiuvo·

82 3604 217 3661 cedinem
230 3605 318 3661 nobis
334 3606 487 3676 conuertit,
505 3612 533 3662 et
555 3607 591 3662 da
607 3622 651 3678 se,
668 3607 719 3679 qui
740 3623 810 3663 vera
834 3611 916 3679 petra
974 3605 1032 3674 bis,
1046 3606 1095 3677 qni
1105 3607 1263 3661 suscitavit
1274 3606 1374 3661 desum
1385 3605 1560 3661 Christuma
1572 3604 1713 3677 mortuis,
1724 3602 1812 3658 ria-iti-

81 3697 138 3765 est,
148 3694 256 3751 fluenta
265 3695 410 3768 spiritalia
428 3695 516 3752 nohis
528 3711 664 3753 emanare
684 3696 761 3753 iecit.
775 3696 917 3753 Consum·
974 3693 1054 3750 saliit
1069 3695 1247 3750 ctmcrtalia
1264 3711 1388 3767 corpora
1413 3699 1524 3757 nostra,
1547 3697 1676 3766 propter
1692 3693 1811 3749 inhabi-

79 3787 191 3840 matum
206 3786 345 3858 estquod
360 3785 463 3842 hircus
479 3786 655 3842 emissarius
678 3790 798 3858 peccata
814 3788 914 3857 populi
974 3789 1085 3839 tantem
1100 3784 1238 3855 spiritum
1256 3784 1320 3856 ejus
1333 3785 1365 3838 in
1382 3783 1468 3839 nobis
1478 3782 1573 3852 (Rom.
1590 3782 1667 3853 vrri).

80 3873 113 3931 in
126 3874 276 3931 desertum
290 3875 425 3947 portavit,
442 3877 582 3948 quoniam
597 3876 664 3945 hoc,
682 3876 761 3948 quod
778 3875 915 3931 Christus
1009 3872 1088 3927 Bene
1099 3889 1171 3945 ergo
1184 3875 1291 3928 dicitur
1301 3872 1379 3945 quod
1390 3873 1489 3942 desae,
1500 3888 1564 3926 enm
1575 3872 1746 3943 accepisset
1752 3886 1811 3926 ace·

80 3965 441 4038 peccatauostratolleret,
451 3968 538 4037 typus
547 3966 668 4022 exstitit.
676 3965 916 4022 Consummatum
974 3965 1042 4026 tum,
1058 3962 1150 4027 dista·
1169 3962 1404 4019 Consummatum
1420 3967 1475 4026 est,
1494 3967 1524 4017 et
1544 3959 1691 4015 inclinato
1707 3962 1808 4032 capite,

81 4055 139 4125 eet,
169 4053 249 4126 quod
272 4054 377 4110 mulier
405 4054 566 4127 Sareptena
591 4056 648 4112 duo
678 4055 760 4127 ligna
785 4054 914 4127 collegit,
973 4051 1354 4124 emisitspiritum.Gustus
1369 4051 1443 4106 aceti
1460 4050 1611 4123 siguificat
1620 4050 1808 4105 acerbitatem

82 4141 223 4215 quoniam
238 4143 389 4214 expressit
402 4144 482 4216 quod
497 4145 648 4217 gentilitas
664 4144 914 4216 ildempussionis
967 4141 1086 4209 mortis,
1104 4141 1254 4196 inclinatio
1270 4141 1376 4212 capitis
1401 4140 1603 4212 dignationem
1626 4138 1813 4194 humilitatis»

82 4230 195 4288 Christi
221 4231 409 4303 postmodum
442 4234 563 4305 recepit.
597 4232 838 4290 Consummatum
871 4236 917 4289 est
973 4229 1176 4286 emissiovero
1188 4231 1311 4302 spiritus
1321 4229 1536 4285 consummatio
1549 4229 1746 4283 esthamanae
1760 4243 1806 4281 re·

82 4319 163 4394 quod
177 4321 309 4393 Raphael
325 4321 451 4395 augelus
464 4323 495 4378 iu
509 4323 620 4395 nuptiis
635 4322 737 4379 Tobiae
753 4323 917 4380 demonem
974 4317 1305 4389 demptionis.lumorte
1316 4317 1810 4391 igiturChristiconsummatasunt

82 4411 152 4468 ielle
163 4410 257 4484 piscis
269 4411 463 4468 extrincatum
473 4412 587 4486 ligavit,
595 4411 734 4485 quoniam
750 4412 807 4468 hoc
821 4413 916 4468 innuit
930 4403 958 4466 D
975 4408 1082 4478 omnia,
1094 4408 1162 4463 dum
1176 4408 1359 4480 inpraesenti
1372 4404 1736 4477 consummaturjustitia,
1749 4408 1777 4460 et
1787 4406 1814 4458 in

83 4501 164 4574 quod
174 4500 323 4572 Christus,
350 4500 544 4574 lellepotntus
570 4503 701 4558 etmorte
725 4503 913 4571 amaricatus,
974 4495 1072 4553 iuturo
1088 4497 1341 4553 consummabitur
1351 4497 1457 4571 gloria,
1481 4495 1630 4562 Quando?
1658 4495 1732 4550 Cum
1748 4510 1812 4550 cor·

83 4588 235 4648 diabolum
249 4591 411 4662 superavit.
428 4591 636 4647 Consummata
652 4594 720 4646 sunt
736 4594 764 4645 et
777 4591 915 4646 vaticinia
972 4584 1809 4659 ruptibitctrocindueritincorruptionemetmortaletroc

82 4680 552 4753 prophetarumconsummatum
563 4673 696 4754 estquod
711 4681 831 4752 ltoyses
856 4681 915 4736 ait:
973 4676 1107 4733 induerit
1131 4676 1383 4733 immortalitatem
1408 4674 1436 4745 (l
1450 4674 1518 4730 Cor.
1546 4675 1608 4741 xv).
1634 4672 1711 4728 Cum
1735 4673 1810 4728 enim

83 4768 265 4827 Maledictus
272 4772 322 4845 qni
332 4771 445 4844 pendet
461 4771 493 4826 in
504 4771 693 4843 lignotlleut.
712 4774 785 4841 xxi).
798 4769 874 4825 Hinc
889 4771 919 4824 et
976 4765 1362 4838 Cirristusapparueritvita
1372 4769 1483 4833 uestra,
1495 4768 1563 4818 tunc
1580 4766 1609 4816 ct
1620 4777 1672 4816 vos
1686 4777 1811 4834 appare·

84 4858 246 4930 Apostolus
258 4860 337 4918 dicit:
348 4860 430 4927 Quod
445 4860 585 4917 Christus
597 4860 744 4932 pronubis
759 4859 856 4915 tactus
872 4865 918 4914 est
974 4856 1049 4911 bitis
1059 4872 1122 4911 cum
1132 4853 1338 4927 ipsoinploria
1355 4853 1481 4924 (Coloss.
1494 4852 1546 4921 m).
1559 4851 1681 4920 Verum,
1696 4851 1811 4906 charis-

83 4947 917 5022 maledictum)Gal.rn).ConsummatumssestquodDavirl
976 4945 1054 5014 simi,
1071 4945 1209 5017 quoniam
1238 4942 1409 5013 passionem
1438 4941 1548 4996 Christi
1577 4938 1812 5009 redemptionem

83 5037 139 5095 ait:
150 5037 306 5094 Dederuut
322 5039 354 5094 in
360 5055 457 5095 escam
467 5056 559 5096 meam
572 5039 624 5110 let,
637 5043 666 5094 et
677 5039 708 5093 in
719 5038 773 5092 siti
788 5053 851 5092 mea
864 5054 918 5110 po·
976 5034 1096 5107 generis
1107 5032 1227 5087 humani
1238 5031 1424 5086 suitlcienter
1433 5029 1604 5085 describere
1615 5027 1814 5100 ucdignelau·

85 5133 280 5185 taveruntme
296 5135 379 5184 aceto
393 5128 606 5201 (Psalmxvm).
616 5128 858 5184 Consummatum
872 5129 919 5182 est
976 5123 1046 5178 dare
1057 5136 1298 5193 nonpossumus,
1322 5120 1359 5174 ad
1374 5119 1575 5187 nosmetipsos
1587 5116 1699 5186 stylum
1716 5119 1813 5171 verta·

84 5219 114 5273 et
122 5216 293 5274 vaticinium
305 5217 401 5289 lsaiaa,
419 5218 499 5290 quod
510 5217 594 5273 dicit:
612 5218 744 5289 Propter
752 5214 851 5271 scetus
863 5231 917 5287 po-
975 5228 1053 5282 mus,
1070 5214 1098 5267 et
1108 5213 1206 5266 utrum
1220 5210 1332 5266 Christi
1346 5208 1474 5278 vestigia
1488 5221 1541 5277 pro
1571 5207 1675 5260 nostro
1693 5204 1812 5261 modulo

80 5307 146 5382 puli
158 5308 220 5364 mei
229 5309 370 5380 percussi
381 5324 446 5363 enm
459 5307 619 5378 (isaiam).
638 5307 673 5362 Et
687 5307 776 5362 item:
794 5304 918 5360 Oblatas
975 5302 1052 5356 mala
1065 5300 1228 5369 tolerando,
1257 5314 1419 5371 sequamur
1433 5296 1598 5351 videamus
1621 5293 1656 5348 Et
1671 5294 1814 5366 quoniam

84 5402 132 5452 est
148 5397 286 5471 quiaipse
303 5394 608 5465 voluit(ibid.).ltnlta
626 5398 695 5451 sunt
713 5396 915 5450 consummata
976 5390 1117 5445 hodierna
1126 5389 1173 5444 dio
1184 5389 1326 5444 solemnia
1339 5390 1450 5444 sanctae
1463 5383 1561 5440 crucis
1573 5382 1775 5450 celebramus,
1786 5385 1815 5437 et

83 5485 202 5557 iratres,
214 5486 376 5559 ssgururum
391 5485 558 5556 aenigmata,
575 5487 603 5538 et
616 5484 824 5554 prophetarum
840 5498 916 5553 praa·
975 5479 1136 5534 Dominicoe
1147 5478 1297 5550 psssionis
1314 5476 1543 5541 reminiscimur,
1558 5471 1675 5543 iustum
1683 5471 1812 5538 videtur,

84 5574 171 5631 conia
192 5577 316 5630 mortem
345 5573 454 5630 Christi
482 5571 638 5645 figurantia
663 5574 692 5626 et
712 5572 913 5642 praecinentia.
974 5573 1005 5623 ut
1019 5569 1055 5623 de
1070 5568 1209 5639 patientia
1238 5583 1293 5621 nos
1322 5566 1453 5620 invicem
1469 5576 1655 5618 moneamus.
1682 5559 1720 5615 Si
1736 5560 1814 5615 enim

65 5652 912 5739 'Varumcanemquedmumemtetaxpeoiatauonsum·
973 5649 1815 5732 compatimur,etconreguabimos;etsisoeiipassiouum
