<?xml version="1.0" encoding="UTF-8"?>
<!DOCTYPE html PUBLIC "-//W3C//DTD XHTML 1.0 Transitional//EN"
    "http://www.w3.org/TR/xhtml1/DTD/xhtml1-transitional.dtd">
<html xmlns="http://www.w3.org/1999/xhtml" xml:lang="en" lang="en">
 <head>
  <title>
</title>
<meta http-equiv="Content-Type" content="text/html;charset=utf-8" />
  <meta name='ocr-system' content='tesseract 3.04.00' />
  <meta name='ocr-capabilities' content='ocr_page ocr_carea ocr_par ocr_line ocrx_word'/>
</head>
<body>
  <div class='ocr_page' id='page_1' title='image "./patrologiaecurs28unkngoog/patrologiaecurs28unkngoog_0511.png"; bbox 0 0 3796 6022; ppageno 0'>
   <div class='ocr_carea' id='block_1_1' title="bbox 137 303 1419 382">
    <p class='ocr_par' dir='ltr' id='par_1_1' title="bbox 137 303 1419 382">
     <span class='ocr_line' id='line_1_1' title="bbox 137 303 1419 382; baseline 0.008 -10"><span class='ocrx_word' id='word_1_1' title='bbox 137 303 216 374; x_wconf 87' lang='lat'>1011</span> <span class='ocrx_word' id='word_1_2' title='bbox 517 309 737 375; x_wconf 82' lang='lat' dir='ltr'><strong>APPENDIX</strong></span> <span class='ocrx_word' id='word_1_3' title='bbox 758 311 816 375; x_wconf 73' lang='lat' dir='ltr'><strong>AD</strong></span> <span class='ocrx_word' id='word_1_4' title='bbox 838 311 1030 378; x_wconf 88' lang='lat' dir='ltr'><strong>HUGONIS</strong></span> <span class='ocrx_word' id='word_1_5' title='bbox 1053 311 1197 380; x_wconf 82' lang='lat' dir='ltr'><strong>OPERA</strong></span> <span class='ocrx_word' id='word_1_6' title='bbox 1219 316 1419 382; x_wconf 83' lang='lat' dir='ltr'><strong>MYSTICA.</strong></span> 
     </span>
    </p>
   </div>
   <div class='ocr_carea' id='block_1_2' title="bbox 1789 325 1868 394">
    <p class='ocr_par' dir='ltr' id='par_1_2' title="bbox 1789 325 1868 394">
     <span class='ocr_line' id='line_1_2' title="bbox 1789 325 1868 394; baseline 0.025 -2"><span class='ocrx_word' id='word_1_7' title='bbox 1789 325 1868 394; x_wconf 77' lang='lat'><strong>1012</strong></span> 
     </span>
    </p>
   </div>
   <div class='ocr_carea' id='block_1_3' title="bbox 138 496 1866 874">
    <p class='ocr_par' dir='ltr' id='par_1_3' title="bbox 138 496 1866 874">
     <span class='ocr_line' id='line_1_3' title="bbox 138 496 1866 600; baseline 0.014 -35"><span class='ocrx_word' id='word_1_8' title='bbox 138 511 247 566; x_wconf 81' lang='lat' dir='ltr'><strong>virtute</strong></span> <span class='ocrx_word' id='word_1_9' title='bbox 258 511 420 583; x_wconf 90' lang='lat' dir='ltr'><strong>coaequari,</strong></span> <span class='ocrx_word' id='word_1_10' title='bbox 440 512 538 567; x_wconf 80' lang='lat' dir='ltr'><strong>tamen</strong></span> <span class='ocrx_word' id='word_1_11' title='bbox 549 513 617 584; x_wconf 91' lang='lat' dir='ltr'><strong>quia</strong></span> <span class='ocrx_word' id='word_1_12' title='bbox 628 514 726 569; x_wconf 90' lang='lat' dir='ltr'><strong>studet</strong></span> <span class='ocrx_word' id='word_1_13' title='bbox 737 514 819 569; x_wconf 87' lang='lat' dir='ltr'><strong>illum</strong></span> <span class='ocrx_word' id='word_1_14' title='bbox 835 514 864 569; x_wconf 92' lang='lat' dir='ltr'><strong>in</strong></span> <span class='ocrx_word' id='word_1_15' title='bbox 880 496 1015 586; x_wconf 80' lang='lat' dir='ltr'><strong>quan·A</strong></span> <span class='ocrx_word' id='word_1_16' title='bbox 1032 520 1172 575; x_wconf 90' lang='lat' dir='ltr'><strong>nifcstam</strong></span> <span class='ocrx_word' id='word_1_17' title='bbox 1189 523 1259 576; x_wconf 89' lang='lat' dir='ltr'><strong>erit.</strong></span> <span class='ocrx_word' id='word_1_18' title='bbox 1277 522 1422 588; x_wconf 70' lang='lat' dir='ltr'><strong>Quando?</strong></span> <span class='ocrx_word' id='word_1_19' title='bbox 1438 527 1470 580; x_wconf 93' lang='lat' dir='ltr'><strong>ln</strong></span> <span class='ocrx_word' id='word_1_20' title='bbox 1486 526 1532 582; x_wconf 90' lang='lat' dir='ltr'><strong>die</strong></span> <span class='ocrx_word' id='word_1_21' title='bbox 1545 528 1660 600; x_wconf 79' lang='lat' dir='ltr'><strong>judieii.</strong></span> <span class='ocrx_word' id='word_1_22' title='bbox 1686 531 1763 588; x_wconf 85' lang='lat' dir='ltr'><strong><em>Dies</em></strong></span> <span class='ocrx_word' id='word_1_23' title='bbox 1788 534 1866 589; x_wconf 86' lang='lat' dir='ltr'><strong>enim</strong></span> 
     </span>
     <span class='ocr_line' id='line_1_4' title="bbox 140 601 1865 695; baseline 0.014 -40"><span class='ocrx_word' id='word_1_24' title='bbox 140 603 321 671; x_wconf 90' lang='lat' dir='ltr'><strong>tumpotest,</strong></span> <span class='ocrx_word' id='word_1_25' title='bbox 343 601 460 666; x_wconf 90' lang='lat' dir='ltr'><strong>imitari,</strong></span> <span class='ocrx_word' id='word_1_26' title='bbox 479 601 690 656; x_wconf 79' lang='lat' dir='ltr'><strong>rideturvetut</strong></span> <span class='ocrx_word' id='word_1_27' title='bbox 712 607 860 658; x_wconf 90' lang='lat' dir='ltr'><strong>stanuum.</strong></span> <span class='ocrx_word' id='word_1_28' title='bbox 877 621 972 676; x_wconf 87' lang='lat' dir='ltr'><strong>quan·</strong></span> <span class='ocrx_word' id='word_1_29' title='bbox 1030 611 1158 678; x_wconf 79' lang='lat' dir='ltr'><em>Domini,</em></span> <span class='ocrx_word' id='word_1_30' title='bbox 1184 613 1274 668; x_wconf 87' lang='lat' dir='ltr'><strong>idest</strong></span> <span class='ocrx_word' id='word_1_31' title='bbox 1303 615 1368 670; x_wconf 87' lang='lat' dir='ltr'><strong>dies</strong></span> <span class='ocrx_word' id='word_1_32' title='bbox 1385 615 1501 688; x_wconf 83' lang='lat' dir='ltr'><strong>judicii,</strong></span> <span class='ocrx_word' id='word_1_33' title='bbox 1531 620 1709 690; x_wconf 71' lang='lat' dir='ltr'><strong>declarabit,</strong></span> <span class='ocrx_word' id='word_1_34' title='bbox 1737 625 1805 695; x_wconf 83' lang='lat' dir='ltr'><strong>qaia</strong></span> <span class='ocrx_word' id='word_1_35' title='bbox 1834 626 1865 679; x_wconf 89' lang='lat' dir='ltr'><strong>in</strong></span> 
     </span>
     <span class='ocr_line' id='line_1_5' title="bbox 140 689 1866 784; baseline 0.014 -42"><span class='ocrx_word' id='word_1_36' title='bbox 140 689 250 744; x_wconf 84' lang='lat' dir='ltr'><strong>tumvis</strong></span> <span class='ocrx_word' id='word_1_37' title='bbox 273 690 389 761; x_wconf 89' lang='lat' dir='ltr'><strong>argenti</strong></span> <span class='ocrx_word' id='word_1_38' title='bbox 418 690 506 762; x_wconf 89' lang='lat' dir='ltr'><strong>longa</strong></span> <span class='ocrx_word' id='word_1_39' title='bbox 536 691 737 760; x_wconf 89' lang='lat' dir='ltr'><strong>similitudine,</strong></span> <span class='ocrx_word' id='word_1_40' title='bbox 755 694 851 764; x_wconf 91' lang='lat' dir='ltr'><strong>atiqua</strong></span> <span class='ocrx_word' id='word_1_41' title='bbox 875 699 972 748; x_wconf 91' lang='lat' dir='ltr'><strong>tamen</strong></span> <span class='ocrx_word' id='word_1_42' title='bbox 1029 699 1866 784; x_wconf 72' lang='lat' dir='ltr'><strong>ignererelabiturctuniuscujusqueopusqaalesitignis</strong></span> 
     </span>
     <span class='ocr_line' id='line_1_6' title="bbox 142 776 1862 874; baseline 0.016 -44"><span class='ocrx_word' id='word_1_43' title='bbox 142 776 210 848; x_wconf 87' lang='lat' dir='ltr'><strong>ejus</strong></span> <span class='ocrx_word' id='word_1_44' title='bbox 224 778 385 833; x_wconf 75' lang='lat' dir='ltr'><strong>imitatione</strong></span> <span class='ocrx_word' id='word_1_45' title='bbox 402 779 547 834; x_wconf 82' lang='lat' dir='ltr'><strong>decorari.</strong></span> <span class='ocrx_word' id='word_1_46' title='bbox 562 781 727 849; x_wconf 87' lang='lat' dir='ltr'><strong>Plumhum,</strong></span> <span class='ocrx_word' id='word_1_47' title='bbox 740 783 808 853; x_wconf 89' lang='lat' dir='ltr'><strong>quia</strong></span> <span class='ocrx_word' id='word_1_48' title='bbox 824 784 974 853; x_wconf 89' lang='lat' dir='ltr'><strong>pondero·</strong></span> <span class='ocrx_word' id='word_1_49' title='bbox 1025 793 1176 864; x_wconf 86' lang='lat' dir='ltr'><strong>probabit.</strong></span> <span class='ocrx_word' id='word_1_50' title='bbox 1185 793 1221 847; x_wconf 89' lang='lat' dir='ltr'><strong>Si</strong></span> <span class='ocrx_word' id='word_1_51' title='bbox 1227 796 1862 874; x_wconf 71' lang='lat' dir='ltr'><strong>brajersopnsmanserit(subaudiintegrumt,</strong></span> 
     </span>
    </p>
   </div>
   <div class='ocr_carea' id='block_1_4' title="bbox 71 868 977 1721">
    <p class='ocr_par' dir='ltr' id='par_1_4' title="bbox 71 868 977 1721">
     <span class='ocr_line' id='line_1_7' title="bbox 143 868 975 940; baseline 0.007 -19"><span class='ocrx_word' id='word_1_52' title='bbox 143 882 209 922; x_wconf 90' lang='lat' dir='ltr'><strong>sum</strong></span> <span class='ocrx_word' id='word_1_53' title='bbox 234 869 290 933; x_wconf 90' lang='lat' dir='ltr'><strong>est,</strong></span> <span class='ocrx_word' id='word_1_54' title='bbox 315 868 465 938; x_wconf 82' lang='lat' dir='ltr'><strong>signifieat</strong></span> <span class='ocrx_word' id='word_1_55' title='bbox 489 869 674 940; x_wconf 81' lang='lat' dir='ltr'><strong>gravitatem.</strong></span> <span class='ocrx_word' id='word_1_56' title='bbox 698 871 756 925; x_wconf 89' lang='lat' dir='ltr'><strong>Sed</strong></span> <span class='ocrx_word' id='word_1_57' title='bbox 778 872 808 925; x_wconf 90' lang='lat' dir='ltr'><strong>in</strong></span> <span class='ocrx_word' id='word_1_58' title='bbox 833 871 889 927; x_wconf 91' lang='lat' dir='ltr'><strong>hoc</strong></span> <span class='ocrx_word' id='word_1_59' title='bbox 910 873 975 927; x_wconf 92' lang='lat' dir='ltr'><strong>loco</strong></span> 
     </span>
     <span class='ocr_line' id='line_1_8' title="bbox 71 955 976 1032; baseline 0.008 -23"><span class='ocrx_word' id='word_1_60' title='bbox 71 1006 76 1019; x_wconf 87' lang='grc'><strong>,</strong></span> <span class='ocrx_word' id='word_1_61' title='bbox 143 955 306 1010; x_wconf 89' lang='lat' dir='ltr'><strong>emniaista</strong></span> <span class='ocrx_word' id='word_1_62' title='bbox 327 972 386 1011; x_wconf 91' lang='lat' dir='ltr'><strong>non</strong></span> <span class='ocrx_word' id='word_1_63' title='bbox 404 957 531 1027; x_wconf 90' lang='lat' dir='ltr'><strong>inhena,</strong></span> <span class='ocrx_word' id='word_1_64' title='bbox 553 958 648 1013; x_wconf 92' lang='lat' dir='ltr'><strong>sedin</strong></span> <span class='ocrx_word' id='word_1_65' title='bbox 668 960 743 1013; x_wconf 90' lang='lat' dir='ltr'><strong>mata</strong></span> <span class='ocrx_word' id='word_1_66' title='bbox 759 960 976 1032; x_wconf 86' lang='lat' dir='ltr'><strong>significatione</strong></span> 
     </span>
     <span class='ocr_line' id='line_1_9' title="bbox 144 1045 976 1119; baseline 0.007 -21"><span class='ocrx_word' id='word_1_67' title='bbox 144 1045 239 1115; x_wconf 90' lang='lat' dir='ltr'><strong>accipi</strong></span> <span class='ocrx_word' id='word_1_68' title='bbox 247 1047 383 1116; x_wconf 88' lang='lat' dir='ltr'><strong>possunt.</strong></span> <span class='ocrx_word' id='word_1_69' title='bbox 397 1046 455 1101; x_wconf 87' lang='lat' dir='ltr'><strong>AEs</strong></span> <span class='ocrx_word' id='word_1_70' title='bbox 479 1047 576 1119; x_wconf 91' lang='lat' dir='ltr'><strong>itaque</strong></span> <span class='ocrx_word' id='word_1_71' title='bbox 587 1049 840 1117; x_wconf 86' lang='lat' dir='ltr'><strong>proptertinnitus</strong></span> <span class='ocrx_word' id='word_1_72' title='bbox 851 1050 899 1103; x_wconf 91' lang='lat' dir='ltr'><strong>sui</strong></span> <span class='ocrx_word' id='word_1_73' title='bbox 914 1066 976 1105; x_wconf 91' lang='lat' dir='ltr'><strong>me·</strong></span> 
     </span>
     <span class='ocr_line' id='line_1_10' title="bbox 142 1132 974 1207; baseline 0.007 -19"><span class='ocrx_word' id='word_1_74' title='bbox 142 1132 263 1204; x_wconf 83' lang='lat' dir='ltr'><strong>lodium,</strong></span> <span class='ocrx_word' id='word_1_75' title='bbox 279 1134 443 1205; x_wconf 89' lang='lat' dir='ltr'><strong>placentem</strong></span> <span class='ocrx_word' id='word_1_76' title='bbox 460 1136 631 1207; x_wconf 79' lang='lat' dir='ltr'><strong>significare</strong></span> <span class='ocrx_word' id='word_1_77' title='bbox 654 1139 752 1207; x_wconf 91' lang='lat' dir='ltr'><strong>potest</strong></span> <span class='ocrx_word' id='word_1_78' title='bbox 767 1137 974 1194; x_wconf 72' lang='lat' dir='ltr'><strong>adulationem.</strong></span> 
     </span>
     <span class='ocr_line' id='line_1_11' title="bbox 143 1221 976 1297; baseline 0.005 -19"><span class='ocrx_word' id='word_1_79' title='bbox 143 1221 276 1293; x_wconf 78' lang='lat' dir='ltr'><strong>Ferrum,</strong></span> <span class='ocrx_word' id='word_1_80' title='bbox 293 1224 361 1295; x_wconf 89' lang='lat' dir='ltr'><strong>quia</strong></span> <span class='ocrx_word' id='word_1_81' title='bbox 386 1224 451 1294; x_wconf 88' lang='lat' dir='ltr'><strong>ipso</strong></span> <span class='ocrx_word' id='word_1_82' title='bbox 469 1224 599 1279; x_wconf 74' lang='lat' dir='ltr'><strong>crudelia</strong></span> <span class='ocrx_word' id='word_1_83' title='bbox 621 1229 649 1279; x_wconf 89' lang='lat' dir='ltr'><strong>et</strong></span> <span class='ocrx_word' id='word_1_84' title='bbox 673 1225 796 1297; x_wconf 74' lang='lat' dir='ltr'><strong>injustia</strong></span> <span class='ocrx_word' id='word_1_85' title='bbox 819 1227 976 1282; x_wconf 84' lang='lat' dir='ltr'><strong>hernicidia</strong></span> 
     </span>
     <span class='ocr_line' id='line_1_12' title="bbox 142 1312 976 1386; baseline 0.004 -18"><span class='ocrx_word' id='word_1_86' title='bbox 142 1312 292 1368; x_wconf 85' lang='lat' dir='ltr'><strong>multoties</strong></span> <span class='ocrx_word' id='word_1_87' title='bbox 303 1313 385 1381; x_wconf 84' lang='lat' dir='ltr'><strong>frunt,</strong></span> <span class='ocrx_word' id='word_1_88' title='bbox 399 1314 505 1384; x_wconf 84' lang='lat' dir='ltr'><strong>figurat</strong></span> <span class='ocrx_word' id='word_1_89' title='bbox 520 1315 732 1369; x_wconf 82' lang='lat' dir='ltr'><strong>crudelitatem.</strong></span> <span class='ocrx_word' id='word_1_90' title='bbox 751 1316 906 1370; x_wconf 86' lang='lat' dir='ltr'><strong>Plumbum</strong></span> <span class='ocrx_word' id='word_1_91' title='bbox 922 1333 976 1386; x_wconf 92' lang='lat' dir='ltr'><strong>per</strong></span> 
     </span>
     <span class='ocr_line' id='line_1_13' title="bbox 143 1401 976 1476; baseline 0.006 -21"><span class='ocrx_word' id='word_1_92' title='bbox 143 1416 228 1456; x_wconf 88' lang='lat' dir='ltr'><strong>suam</strong></span> <span class='ocrx_word' id='word_1_93' title='bbox 243 1401 639 1474; x_wconf 89' lang='lat' dir='ltr'><strong>ponderositatemdesignat</strong></span> <span class='ocrx_word' id='word_1_94' title='bbox 650 1404 818 1476; x_wconf 91' lang='lat' dir='ltr'><strong>segnitiem.</strong></span> <span class='ocrx_word' id='word_1_95' title='bbox 834 1405 976 1460; x_wconf 87' lang='lat' dir='ltr'><strong>Stannum</strong></span> 
     </span>
     <span class='ocr_line' id='line_1_14' title="bbox 143 1489 977 1568; baseline 0.007 -24"><span class='ocrx_word' id='word_1_96' title='bbox 143 1489 281 1560; x_wconf 82' lang='lat' dir='ltr'><strong>exprimit</strong></span> <span class='ocrx_word' id='word_1_97' title='bbox 304 1489 420 1544; x_wconf 89' lang='lat' dir='ltr'><strong>virtutis</strong></span> <span class='ocrx_word' id='word_1_98' title='bbox 445 1491 674 1546; x_wconf 81' lang='lat' dir='ltr'><strong>simulationem.</strong></span> <span class='ocrx_word' id='word_1_99' title='bbox 698 1494 810 1561; x_wconf 88' lang='lat' dir='ltr'><strong>Scoria,</strong></span> <span class='ocrx_word' id='word_1_100' title='bbox 838 1511 904 1568; x_wconf 82' lang='lat' dir='ltr'><strong>qum</strong></span> <span class='ocrx_word' id='word_1_101' title='bbox 931 1500 977 1550; x_wconf 88' lang='lat' dir='ltr'><strong>est</strong></span> 
     </span>
     <span class='ocr_line' id='line_1_15' title="bbox 142 1577 976 1654; baseline 0.005 -20"><span class='ocrx_word' id='word_1_102' title='bbox 142 1577 252 1635; x_wconf 89' lang='lat' dir='ltr'><strong>metalli</strong></span> <span class='ocrx_word' id='word_1_103' title='bbox 266 1582 502 1650; x_wconf 76' lang='lat' dir='ltr'><strong>purgamentum,</strong></span> <span class='ocrx_word' id='word_1_104' title='bbox 519 1582 680 1652; x_wconf 77' lang='lat' dir='ltr'><strong>quamlibet</strong></span> <span class='ocrx_word' id='word_1_105' title='bbox 695 1582 845 1654; x_wconf 87' lang='lat' dir='ltr'><strong>signifieat</strong></span> <span class='ocrx_word' id='word_1_106' title='bbox 859 1584 976 1638; x_wconf 87' lang='lat' dir='ltr'><strong>vitiosi·</strong></span> 
     </span>
     <span class='ocr_line' id='line_1_16' title="bbox 143 1669 241 1721; baseline 0.01 -1"><span class='ocrx_word' id='word_1_107' title='bbox 143 1669 241 1721; x_wconf 88' lang='lat' dir='ltr'><strong>tatem.</strong></span> 
     </span>
    </p>
   </div>
   <div class='ocr_carea' id='block_1_5' title="bbox 177 1755 974 1831">
    <p class='ocr_par' dir='ltr' id='par_1_5' title="bbox 177 1755 974 1831">
     <span class='ocr_line' id='line_1_17' title="bbox 177 1755 974 1831; baseline 0.009 -21"><span class='ocrx_word' id='word_1_108' title='bbox 177 1755 297 1812; x_wconf 76' lang='lat' dir='ltr'><strong>Fratres</strong></span> <span class='ocrx_word' id='word_1_109' title='bbox 313 1774 349 1813; x_wconf 91' lang='lat' dir='ltr'><strong>na</strong></span> <span class='ocrx_word' id='word_1_110' title='bbox 365 1759 459 1814; x_wconf 90' lang='lat' dir='ltr'><strong>simus</strong></span> <span class='ocrx_word' id='word_1_111' title='bbox 483 1777 525 1815; x_wconf 83' lang='lat' dir='ltr'><strong>ms</strong></span> <span class='ocrx_word' id='word_1_112' title='bbox 540 1776 594 1831; x_wconf 90' lang='lat' dir='ltr'><strong>per</strong></span> <span class='ocrx_word' id='word_1_113' title='bbox 618 1761 825 1830; x_wconf 87' lang='lat' dir='ltr'><strong>adulationem,</strong></span> <span class='ocrx_word' id='word_1_114' title='bbox 843 1777 898 1816; x_wconf 91' lang='lat' dir='ltr'><strong>nec</strong></span> <span class='ocrx_word' id='word_1_115' title='bbox 914 1762 974 1817; x_wconf 89' lang='lat' dir='ltr'><strong>fer·</strong></span> 
     </span>
    </p>
   </div>
   <div class='ocr_carea' id='block_1_6' title="bbox 1028 883 1864 1764">
    <p class='ocr_par' dir='ltr' id='par_1_6' title="bbox 1028 883 1864 1764">
     <span class='ocr_line' id='line_1_18' title="bbox 1028 883 1864 963; baseline 0.016 -28"><span class='ocrx_word' id='word_1_116' title='bbox 1028 883 1197 937; x_wconf 87' lang='lat' dir='ltr'><strong>urer·cedcm</strong></span> <span class='ocrx_word' id='word_1_117' title='bbox 1208 885 1333 955; x_wconf 87' lang='lat' dir='ltr'><strong>accipiet</strong></span> <span class='ocrx_word' id='word_1_118' title='bbox 1342 886 1545 957; x_wconf 91' lang='lat' dir='ltr'><strong>perfectionis,</strong></span> <span class='ocrx_word' id='word_1_119' title='bbox 1557 889 1592 943; x_wconf 88' lang='lat' dir='ltr'><strong>Si</strong></span> <span class='ocrx_word' id='word_1_120' title='bbox 1602 891 1687 961; x_wconf 76' lang='lat' dir='ltr'><strong>caq&#39;us</strong></span> <span class='ocrx_word' id='word_1_121' title='bbox 1697 908 1770 963; x_wconf 85' lang='lat' dir='ltr'><strong>opus</strong></span> <span class='ocrx_word' id='word_1_122' title='bbox 1778 910 1864 948; x_wconf 88' lang='lat' dir='ltr'><strong>arse-</strong></span> 
     </span>
     <span class='ocr_line' id='line_1_19' title="bbox 1031 972 1864 1052; baseline 0.017 -28"><span class='ocrx_word' id='word_1_123' title='bbox 1031 972 1081 1039; x_wconf 87' lang='lat' dir='ltr'><strong>rit,</strong></span> <span class='ocrx_word' id='word_1_124' title='bbox 1094 972 1124 1026; x_wconf 91' lang='lat' dir='ltr'><strong>in</strong></span> <span class='ocrx_word' id='word_1_125' title='bbox 1141 989 1176 1027; x_wconf 89' lang='lat' dir='ltr'><strong>ec</strong></span> <span class='ocrx_word' id='word_1_126' title='bbox 1192 974 1329 1029; x_wconf 86' lang='lat' dir='ltr'><strong>videlieet</strong></span> <span class='ocrx_word' id='word_1_127' title='bbox 1339 978 1415 1047; x_wconf 91' lang='lat' dir='ltr'><strong>quod</strong></span> <span class='ocrx_word' id='word_1_128' title='bbox 1426 977 1456 1031; x_wconf 92' lang='lat' dir='ltr'><strong>iu</strong></span> <span class='ocrx_word' id='word_1_129' title='bbox 1466 981 1547 1047; x_wconf 90' lang='lat' dir='ltr'><strong>parte</strong></span> <span class='ocrx_word' id='word_1_130' title='bbox 1557 980 1697 1050; x_wconf 84' lang='lat' dir='ltr'><strong>cogitavit</strong></span> <span class='ocrx_word' id='word_1_131' title='bbox 1714 998 1783 1052; x_wconf 73' lang='lat' dir='ltr'><strong>quae</strong></span> <span class='ocrx_word' id='word_1_132' title='bbox 1796 989 1864 1038; x_wconf 89' lang='lat' dir='ltr'><strong>suut</strong></span> 
     </span>
     <span class='ocr_line' id='line_1_20' title="bbox 1029 1062 1864 1141; baseline 0.017 -28"><span class='ocrx_word' id='word_1_133' title='bbox 1029 1062 1139 1127; x_wconf 89' lang='lat' dir='ltr'><strong>mundi,</strong></span> <span class='ocrx_word' id='word_1_134' title='bbox 1157 1063 1368 1118; x_wconf 82' lang='lat' dir='ltr'><strong>detrimentum</strong></span> <span class='ocrx_word' id='word_1_135' title='bbox 1381 1068 1523 1137; x_wconf 86' lang='lat' dir='ltr'><strong>patietur,</strong></span> <span class='ocrx_word' id='word_1_136' title='bbox 1541 1069 1692 1124; x_wconf 87' lang='lat' dir='ltr'><strong>seilicetet</strong></span> <span class='ocrx_word' id='word_1_137' title='bbox 1708 1071 1864 1141; x_wconf 85' lang='lat' dir='ltr'><strong>imperfec-</strong></span> 
     </span>
     <span class='ocr_line' id='line_1_21' title="bbox 1029 1151 1863 1228; baseline 0.016 -25"><span class='ocrx_word' id='word_1_138' title='bbox 1029 1151 1156 1205; x_wconf 86' lang='lat' dir='ltr'><strong>tio&#39;uisct</strong></span> <span class='ocrx_word' id='word_1_139' title='bbox 1173 1154 1299 1209; x_wconf 85' lang='lat' dir='ltr'><strong>ardoris.</strong></span> <span class='ocrx_word' id='word_1_140' title='bbox 1317 1155 1490 1225; x_wconf 86' lang='lat' dir='ltr'><strong>lpseautem</strong></span> <span class='ocrx_word' id='word_1_141' title='bbox 1502 1157 1604 1211; x_wconf 81' lang='lat' dir='ltr'><strong>salvus</strong></span> <span class='ocrx_word' id='word_1_142' title='bbox 1620 1159 1690 1228; x_wconf 88' lang='lat' dir='ltr'><strong>erit,</strong></span> <span class='ocrx_word' id='word_1_143' title='bbox 1710 1162 1757 1213; x_wconf 86' lang='lat' dir='ltr'><strong>sic</strong></span> <span class='ocrx_word' id='word_1_144' title='bbox 1770 1167 1863 1216; x_wconf 87' lang='lat' dir='ltr'><strong>tamen</strong></span> 
     </span>
     <span class='ocr_line' id='line_1_22' title="bbox 1031 1241 1861 1320; baseline 0.014 -27"><span class='ocrx_word' id='word_1_145' title='bbox 1031 1241 1115 1311; x_wconf 87' lang='lat' dir='ltr'><strong>quasi</strong></span> <span class='ocrx_word' id='word_1_146' title='bbox 1123 1243 1284 1312; x_wconf 70' lang='lat' dir='ltr'><strong>perignem</strong></span> <span class='ocrx_word' id='word_1_147' title='bbox 1295 1244 1395 1314; x_wconf 81' lang='lat' dir='ltr'><strong>(lGor.</strong></span> <span class='ocrx_word' id='word_1_148' title='bbox 1408 1247 1463 1310; x_wconf 85' lang='grc' dir='ltr'>ιιι).</span> <span class='ocrx_word' id='word_1_149' title='bbox 1476 1245 1664 1317; x_wconf 75' lang='lat' dir='ltr'><strong>StudeamuS,</strong></span> <span class='ocrx_word' id='word_1_150' title='bbox 1682 1249 1861 1320; x_wconf 90' lang='lat' dir='ltr'><strong>charissimi,</strong></span> 
     </span>
     <span class='ocr_line' id='line_1_23' title="bbox 1031 1333 1861 1408; baseline 0.014 -27"><span class='ocrx_word' id='word_1_151' title='bbox 1031 1335 1059 1382; x_wconf 90' lang='lat' dir='ltr'><strong>et</strong></span> <span class='ocrx_word' id='word_1_152' title='bbox 1067 1333 1238 1402; x_wconf 89' lang='lat' dir='ltr'><strong>satagamus</strong></span> <span class='ocrx_word' id='word_1_153' title='bbox 1249 1349 1302 1402; x_wconf 91' lang='lat' dir='ltr'><strong>pro</strong></span> <span class='ocrx_word' id='word_1_154' title='bbox 1316 1334 1430 1388; x_wconf 90' lang='lat' dir='ltr'><strong>viribus</strong></span> <span class='ocrx_word' id='word_1_155' title='bbox 1446 1350 1548 1389; x_wconf 88' lang='lat' dir='ltr'><strong>nuncu</strong></span> <span class='ocrx_word' id='word_1_156' title='bbox 1562 1337 1686 1391; x_wconf 91' lang='lat' dir='ltr'><strong>Domino</strong></span> <span class='ocrx_word' id='word_1_157' title='bbox 1697 1354 1753 1408; x_wconf 91' lang='lat' dir='ltr'><strong>per</strong></span> <span class='ocrx_word' id='word_1_158' title='bbox 1771 1342 1861 1393; x_wconf 88' lang='lat' dir='ltr'><strong>mise-</strong></span> 
     </span>
     <span class='ocr_line' id='line_1_24' title="bbox 1029 1419 1861 1496; baseline 0.013 -24"><span class='ocrx_word' id='word_1_159' title='bbox 1029 1419 1188 1474; x_wconf 85' lang='lat' dir='ltr'><strong>ricordiam</strong></span> <span class='ocrx_word' id='word_1_160' title='bbox 1210 1421 1340 1492; x_wconf 88' lang='lat' dir='ltr'><strong>perfecte</strong></span> <span class='ocrx_word' id='word_1_161' title='bbox 1364 1425 1486 1494; x_wconf 81' lang='lat' dir='ltr'><strong>corrigi,</strong></span> <span class='ocrx_word' id='word_1_162' title='bbox 1508 1440 1544 1478; x_wconf 88' lang='lat' dir='ltr'><strong>ne</strong></span> <span class='ocrx_word' id='word_1_163' title='bbox 1558 1424 1653 1496; x_wconf 85' lang='lat' dir='ltr'><strong>judex</strong></span> <span class='ocrx_word' id='word_1_164' title='bbox 1674 1431 1822 1483; x_wconf 86' lang='lat' dir='ltr'><strong>venturus</strong></span> <span class='ocrx_word' id='word_1_165' title='bbox 1837 1432 1861 1482; x_wconf 91' lang='lat' dir='ltr'><strong>et</strong></span> 
     </span>
     <span class='ocr_line' id='line_1_25' title="bbox 1031 1508 1861 1586; baseline 0.013 -25"><span class='ocrx_word' id='word_1_166' title='bbox 1031 1508 1173 1563; x_wconf 90' lang='lat' dir='ltr'><strong>saeculum</strong></span> <span class='ocrx_word' id='word_1_167' title='bbox 1182 1524 1236 1579; x_wconf 89' lang='lat' dir='ltr'><strong>per</strong></span> <span class='ocrx_word' id='word_1_168' title='bbox 1245 1511 1344 1582; x_wconf 90' lang='lat' dir='ltr'><strong>iguem</strong></span> <span class='ocrx_word' id='word_1_169' title='bbox 1354 1511 1552 1583; x_wconf 80' lang='lat' dir='ltr'><strong>judicaturus,</strong></span> <span class='ocrx_word' id='word_1_170' title='bbox 1565 1531 1619 1569; x_wconf 88' lang='lat' dir='ltr'><strong>sua</strong></span> <span class='ocrx_word' id='word_1_171' title='bbox 1634 1516 1778 1586; x_wconf 70' lang='lat' dir='ltr'><strong>,judiciari</strong></span> <span class='ocrx_word' id='word_1_172' title='bbox 1795 1534 1861 1572; x_wconf 81' lang='lat' dir='ltr'><strong>sen-</strong></span> 
     </span>
     <span class='ocr_line' id='line_1_26' title="bbox 1029 1598 1860 1672; baseline 0.012 -21"><span class='ocrx_word' id='word_1_173' title='bbox 1029 1598 1128 1666; x_wconf 88' lang='lat' dir='ltr'><strong>tentia,</strong></span> <span class='ocrx_word' id='word_1_174' title='bbox 1143 1613 1291 1671; x_wconf 89' lang='lat' dir='ltr'><strong>perquam</strong></span> <span class='ocrx_word' id='word_1_175' title='bbox 1302 1602 1389 1655; x_wconf 87' lang='lat' dir='ltr'><strong>etiam</strong></span> <span class='ocrx_word' id='word_1_176' title='bbox 1400 1602 1518 1672; x_wconf 91' lang='lat' dir='ltr'><strong>quidam</strong></span> <span class='ocrx_word' id='word_1_177' title='bbox 1535 1603 1700 1659; x_wconf 85' lang='lat' dir='ltr'><strong>electisunt</strong></span> <span class='ocrx_word' id='word_1_178' title='bbox 1723 1608 1860 1661; x_wconf 86' lang='lat' dir='ltr'><strong>transitu-</strong></span> 
     </span>
     <span class='ocr_line' id='line_1_27' title="bbox 1029 1687 1856 1764; baseline 0.012 -25"><span class='ocrx_word' id='word_1_179' title='bbox 1029 1687 1055 1739; x_wconf 92' lang='lat' dir='ltr'><strong>ri</strong></span> <span class='ocrx_word' id='word_1_180' title='bbox 1071 1689 1098 1740; x_wconf 88' lang='lat' dir='ltr'><strong>et</strong></span> <span class='ocrx_word' id='word_1_181' title='bbox 1126 1688 1282 1759; x_wconf 90' lang='lat' dir='ltr'><strong>purgandi,</strong></span> <span class='ocrx_word' id='word_1_182' title='bbox 1300 1692 1328 1744; x_wconf 91' lang='lat' dir='ltr'><strong>et</strong></span> <span class='ocrx_word' id='word_1_183' title='bbox 1356 1691 1481 1760; x_wconf 90' lang='lat' dir='ltr'><strong>colandi,</strong></span> <span class='ocrx_word' id='word_1_184' title='bbox 1502 1692 1632 1746; x_wconf 82' lang='lat' dir='ltr'><strong>inveniat</strong></span> <span class='ocrx_word' id='word_1_185' title='bbox 1660 1695 1740 1764; x_wconf 92' lang='lat' dir='ltr'><strong>quod</strong></span> <span class='ocrx_word' id='word_1_186' title='bbox 1757 1696 1856 1750; x_wconf 86' lang='lat' dir='ltr'><strong>debeat</strong></span> 
     </span>
    </p>
   </div>
   <div class='ocr_carea' id='block_1_7' title="bbox 989 1776 1860 1873">
    <p class='ocr_par' dir='ltr' id='par_1_7' title="bbox 989 1776 1860 1873">
     <span class='ocr_line' id='line_1_28' title="bbox 989 1776 1860 1873; baseline 0.013 -45"><span class='ocrx_word' id='word_1_187' title='bbox 989 1811 1015 1873; x_wconf 77' lang='lat' dir='ltr'>B</span> <span class='ocrx_word' id='word_1_188' title='bbox 1031 1776 1154 1830; x_wconf 87' lang='lat' dir='ltr'><strong>eremari</strong></span> <span class='ocrx_word' id='word_1_189' title='bbox 1166 1797 1175 1841; x_wconf 92' lang='lat'><strong>,·</strong></span> <span class='ocrx_word' id='word_1_190' title='bbox 1191 1778 1245 1832; x_wconf 89' lang='lat' dir='ltr'><strong>sed</strong></span> <span class='ocrx_word' id='word_1_191' title='bbox 1260 1782 1291 1831; x_wconf 88' lang='lat' dir='ltr'><strong>ut</strong></span> <span class='ocrx_word' id='word_1_192' title='bbox 1306 1795 1358 1849; x_wconf 92' lang='lat' dir='ltr'><strong>pro</strong></span> <span class='ocrx_word' id='word_1_193' title='bbox 1373 1780 1504 1849; x_wconf 91' lang='lat' dir='ltr'><strong>perfeeto</strong></span> <span class='ocrx_word' id='word_1_194' title='bbox 1517 1782 1630 1850; x_wconf 90' lang='lat' dir='ltr'><strong>merite,</strong></span> <span class='ocrx_word' id='word_1_195' title='bbox 1647 1783 1783 1852; x_wconf 85' lang='lat' dir='ltr'><strong>perfeeto</strong></span> <span class='ocrx_word' id='word_1_196' title='bbox 1794 1802 1860 1854; x_wconf 73' lang='lat' dir='ltr'><strong>prae·</strong></span> 
     </span>
    </p>
   </div>
   <div class='ocr_carea' id='block_1_8' title="bbox 141 1843 1856 1937">
    <p class='ocr_par' dir='ltr' id='par_1_8' title="bbox 141 1843 1856 1937">
     <span class='ocr_line' id='line_1_29' title="bbox 141 1843 1856 1937; baseline 0.008 -22"><span class='ocrx_word' id='word_1_197' title='bbox 141 1860 207 1900; x_wconf 63' lang='lat' dir='ltr'><strong>rum</strong></span> <span class='ocrx_word' id='word_1_198' title='bbox 218 1861 271 1916; x_wconf 70' lang='lat' dir='ltr'><strong>Pffl&#39;</strong></span> <span class='ocrx_word' id='word_1_199' title='bbox 281 1848 492 1918; x_wconf 63' lang='grc' dir='ltr'><strong>θῑἪῑῘθῙῑῑθῑθῐῐὶι</strong></span> <span class='ocrx_word' id='word_1_200' title='bbox 504 1865 558 1904; x_wconf 66' lang='grc'>1190</span> <span class='ocrx_word' id='word_1_201' title='bbox 573 1843 727 1919; x_wconf 68' lang='lat' dir='ltr'><strong>plumbum</strong></span> <span class='ocrx_word' id='word_1_202' title='bbox 739 1866 792 1919; x_wconf 69' lang='grc'><strong>11611</strong></span> <span class='ocrx_word' id='word_1_203' title='bbox 802 1852 972 1922; x_wconf 89' lang='lat' dir='ltr'><strong>segnitiem,</strong></span> <span class='ocrx_word' id='word_1_204' title='bbox 1031 1867 1090 1920; x_wconf 90' lang='lat' dir='ltr'><strong>mio</strong></span> <span class='ocrx_word' id='word_1_205' title='bbox 1105 1866 1141 1919; x_wconf 91' lang='lat' dir='ltr'><strong>ab</strong></span> <span class='ocrx_word' id='word_1_206' title='bbox 1157 1867 1223 1936; x_wconf 92' lang='lat' dir='ltr'><strong>ipso</strong></span> <span class='ocrx_word' id='word_1_207' title='bbox 1239 1884 1405 1922; x_wconf 86' lang='lat' dir='ltr'><strong>mereamur</strong></span> <span class='ocrx_word' id='word_1_208' title='bbox 1420 1872 1490 1924; x_wconf 90' lang='lat' dir='ltr'><strong>tunc</strong></span> <span class='ocrx_word' id='word_1_209' title='bbox 1506 1872 1652 1926; x_wconf 88' lang='lat' dir='ltr'><strong>coronari.</strong></span> <span class='ocrx_word' id='word_1_210' title='bbox 1669 1871 1755 1937; x_wconf 87' lang='lat' dir='ltr'><strong>Quod</strong></span> <span class='ocrx_word' id='word_1_211' title='bbox 1777 1874 1856 1929; x_wconf 88' lang='lat' dir='ltr'><strong>nobis</strong></span> 
     </span>
    </p>
   </div>
   <div class='ocr_carea' id='block_1_9' title="bbox 140 1936 978 3080">
    <p class='ocr_par' dir='ltr' id='par_1_9' title="bbox 140 1936 978 3080">
     <span class='ocr_line' id='line_1_30' title="bbox 141 1936 974 2011; baseline 0.01 -23"><span class='ocrx_word' id='word_1_212' title='bbox 141 1937 191 1989; x_wconf 87' lang='lat' dir='ltr'><strong>aut</strong></span> <span class='ocrx_word' id='word_1_213' title='bbox 205 1936 343 1991; x_wconf 85' lang='lat' dir='ltr'><strong>stannum</strong></span> <span class='ocrx_word' id='word_1_214' title='bbox 353 1953 406 2006; x_wconf 89' lang='lat' dir='ltr'><strong>per</strong></span> <span class='ocrx_word' id='word_1_215' title='bbox 421 1938 649 2008; x_wconf 80' lang='lat' dir='ltr'><strong>simulationem,</strong></span> <span class='ocrx_word' id='word_1_216' title='bbox 667 1939 720 1993; x_wconf 89' lang='lat' dir='ltr'><strong>sed</strong></span> <span class='ocrx_word' id='word_1_217' title='bbox 732 1956 787 1994; x_wconf 90' lang='lat' dir='ltr'><strong>nee</strong></span> <span class='ocrx_word' id='word_1_218' title='bbox 805 1941 904 1995; x_wconf 87' lang='lat' dir='ltr'><strong>scoria</strong></span> <span class='ocrx_word' id='word_1_219' title='bbox 920 1957 974 2011; x_wconf 92' lang='lat' dir='ltr'><strong>per</strong></span> 
     </span>
     <span class='ocr_line' id='line_1_31' title="bbox 141 2024 974 2096; baseline 0.007 -18"><span class='ocrx_word' id='word_1_220' title='bbox 141 2024 303 2095; x_wconf 89' lang='lat' dir='ltr'><strong>quamlibet</strong></span> <span class='ocrx_word' id='word_1_221' title='bbox 330 2026 537 2096; x_wconf 71' lang='lat' dir='ltr'><strong>vitiositatem,</strong></span> <span class='ocrx_word' id='word_1_222' title='bbox 566 2028 791 2083; x_wconf 82' lang='lat' dir='ltr'><strong>formidabiliter</strong></span> <span class='ocrx_word' id='word_1_223' title='bbox 820 2030 974 2085; x_wconf 91' lang='lat' dir='ltr'><strong>timeamus</strong></span> 
     </span>
     <span class='ocr_line' id='line_1_32' title="bbox 142 2113 978 2191; baseline 0.006 -24"><span class='ocrx_word' id='word_1_224' title='bbox 142 2113 222 2184; x_wconf 89' lang='lat' dir='ltr'><strong>quod</strong></span> <span class='ocrx_word' id='word_1_225' title='bbox 230 2114 351 2171; x_wconf 87' lang='lat' dir='ltr'><strong>dicitur:</strong></span> <span class='ocrx_word' id='word_1_226' title='bbox 362 2116 480 2171; x_wconf 86' lang='lat' dir='ltr'><strong>Defecit</strong></span> <span class='ocrx_word' id='word_1_227' title='bbox 491 2117 699 2187; x_wconf 90' lang='lat' dir='ltr'><strong>sufflatorium,</strong></span> <span class='ocrx_word' id='word_1_228' title='bbox 709 2118 740 2172; x_wconf 91' lang='lat' dir='ltr'><strong>in</strong></span> <span class='ocrx_word' id='word_1_229' title='bbox 749 2119 818 2189; x_wconf 76' lang='lat' dir='ltr'><strong>igne</strong></span> <span class='ocrx_word' id='word_1_230' title='bbox 829 2135 978 2191; x_wconf 80' lang='lat' dir='ltr'><strong>consump</strong></span> 
     </span>
     <span class='ocr_line' id='line_1_33' title="bbox 143 2204 977 2276; baseline 0.007 -19"><span class='ocrx_word' id='word_1_231' title='bbox 143 2209 202 2258; x_wconf 90' lang='lat' dir='ltr'><strong>tum</strong></span> <span class='ocrx_word' id='word_1_232' title='bbox 214 2204 545 2276; x_wconf 81' lang='lat' dir='ltr'><strong>cstplnmlrum,frustra</strong></span> <span class='ocrx_word' id='word_1_233' title='bbox 552 2206 692 2261; x_wconf 81' lang='lat' dir='ltr'><strong>conflarit</strong></span> <span class='ocrx_word' id='word_1_234' title='bbox 699 2208 977 2275; x_wconf 72' lang='lat' dir='ltr'><strong>conflatormalitite</strong></span> 
     </span>
     <span class='ocr_line' id='line_1_34' title="bbox 144 2292 977 2368; baseline 0.005 -21"><span class='ocrx_word' id='word_1_235' title='bbox 144 2292 222 2347; x_wconf 87' lang='lat' dir='ltr'><strong>enim</strong></span> <span class='ocrx_word' id='word_1_236' title='bbox 232 2309 332 2348; x_wconf 88' lang='lat' dir='ltr'><strong>eoram</strong></span> <span class='ocrx_word' id='word_1_237' title='bbox 343 2310 400 2349; x_wconf 91' lang='lat' dir='ltr'><strong>non</strong></span> <span class='ocrx_word' id='word_1_238' title='bbox 411 2301 479 2349; x_wconf 89' lang='lat' dir='ltr'><strong>sunt</strong></span> <span class='ocrx_word' id='word_1_239' title='bbox 490 2301 677 2368; x_wconf 81' lang='lat' dir='ltr'><strong>corisumptm.</strong></span> <span class='ocrx_word' id='word_1_240' title='bbox 694 2300 857 2368; x_wconf 79' lang='lat' dir='ltr'><strong>Argentum</strong></span> <span class='ocrx_word' id='word_1_241' title='bbox 872 2313 977 2367; x_wconf 89' lang='lat' dir='ltr'><strong>repro-</strong></span> 
     </span>
     <span class='ocr_line' id='line_1_35' title="bbox 140 2381 976 2456; baseline 0.005 -20"><span class='ocrx_word' id='word_1_242' title='bbox 140 2381 212 2436; x_wconf 90' lang='lat' dir='ltr'><strong>bum</strong></span> <span class='ocrx_word' id='word_1_243' title='bbox 225 2386 329 2438; x_wconf 86' lang='lat' dir='ltr'><strong>vocate</strong></span> <span class='ocrx_word' id='word_1_244' title='bbox 346 2399 409 2453; x_wconf 79' lang='lat' dir='ltr'><strong>coe,</strong></span> <span class='ocrx_word' id='word_1_245' title='bbox 425 2384 494 2456; x_wconf 89' lang='lat' dir='ltr'><strong>quia</strong></span> <span class='ocrx_word' id='word_1_246' title='bbox 511 2384 654 2439; x_wconf 89' lang='lat' dir='ltr'><strong>Dominus</strong></span> <span class='ocrx_word' id='word_1_247' title='bbox 665 2384 791 2456; x_wconf 80' lang='lat' dir='ltr'><strong>projecit</strong></span> <span class='ocrx_word' id='word_1_248' title='bbox 808 2385 886 2441; x_wconf 89' lang='lat' dir='ltr'><strong>ittos.</strong></span> <span class='ocrx_word' id='word_1_249' title='bbox 904 2387 976 2440; x_wconf 80' lang='lat' dir='ltr'><strong>Haec</strong></span> 
     </span>
     <span class='ocr_line' id='line_1_36' title="bbox 142 2471 977 2530; baseline 0.007 -6"><span class='ocrx_word' id='word_1_250' title='bbox 142 2471 239 2525; x_wconf 90' lang='lat' dir='ltr'><strong>emnia</strong></span> <span class='ocrx_word' id='word_1_251' title='bbox 254 2472 341 2526; x_wconf 90' lang='lat' dir='ltr'><strong>nohis</strong></span> <span class='ocrx_word' id='word_1_252' title='bbox 357 2473 530 2529; x_wconf 84' lang='lat' dir='ltr'><strong>terribiliter</strong></span> <span class='ocrx_word' id='word_1_253' title='bbox 549 2476 618 2528; x_wconf 89' lang='lat' dir='ltr'><strong>sunt</strong></span> <span class='ocrx_word' id='word_1_254' title='bbox 633 2473 811 2528; x_wconf 87' lang='lat' dir='ltr'><strong>fumidanda.</strong></span> <span class='ocrx_word' id='word_1_255' title='bbox 836 2475 899 2529; x_wconf 90' lang='lat' dir='ltr'><strong>Nos</strong></span> <span class='ocrx_word' id='word_1_256' title='bbox 915 2479 977 2530; x_wconf 89' lang='lat' dir='ltr'><strong>ete-</strong></span> 
     </span>
     <span class='ocr_line' id='line_1_37' title="bbox 141 2559 977 2632; baseline 0.004 -18"><span class='ocrx_word' id='word_1_257' title='bbox 141 2560 203 2614; x_wconf 88' lang='lat' dir='ltr'><strong>nim</strong></span> <span class='ocrx_word' id='word_1_258' title='bbox 213 2561 264 2629; x_wconf 86' lang='lat' dir='ltr'><strong>qui</strong></span> <span class='ocrx_word' id='word_1_259' title='bbox 274 2559 304 2613; x_wconf 93' lang='lat' dir='ltr'><strong>in</strong></span> <span class='ocrx_word' id='word_1_260' title='bbox 315 2560 460 2632; x_wconf 89' lang='lat' dir='ltr'><strong>religione</strong></span> <span class='ocrx_word' id='word_1_261' title='bbox 472 2577 588 2631; x_wconf 80' lang='lat' dir='ltr'><strong>samue,</strong></span> <span class='ocrx_word' id='word_1_262' title='bbox 607 2577 662 2617; x_wconf 88' lang='lat' dir='ltr'><strong>nos</strong></span> <span class='ocrx_word' id='word_1_263' title='bbox 678 2563 804 2617; x_wconf 81' lang='lat' dir='ltr'><strong>maximo</strong></span> <span class='ocrx_word' id='word_1_264' title='bbox 819 2563 848 2617; x_wconf 92' lang='lat' dir='ltr'><strong>in</strong></span> <span class='ocrx_word' id='word_1_265' title='bbox 865 2565 977 2618; x_wconf 84' lang='lat' dir='ltr'><strong>contia-</strong></span> 
     </span>
     <span class='ocr_line' id='line_1_38' title="bbox 141 2647 977 2721; baseline 0.007 -19"><span class='ocrx_word' id='word_1_266' title='bbox 141 2647 977 2721; x_wconf 87' lang='lat' dir='ltr'><strong>toriofornacissumus.Contiatoriumnempectaustrum</strong></span> 
     </span>
     <span class='ocr_line' id='line_1_39' title="bbox 141 2737 975 2812; baseline 0.007 -21"><span class='ocrx_word' id='word_1_267' title='bbox 141 2737 229 2791; x_wconf 87' lang='lat' dir='ltr'><strong>nobis</strong></span> <span class='ocrx_word' id='word_1_268' title='bbox 246 2741 301 2806; x_wconf 89' lang='lat' dir='ltr'><strong>est,</strong></span> <span class='ocrx_word' id='word_1_269' title='bbox 322 2738 352 2792; x_wconf 93' lang='lat' dir='ltr'><strong>in</strong></span> <span class='ocrx_word' id='word_1_270' title='bbox 377 2754 434 2810; x_wconf 92' lang='lat' dir='ltr'><strong>quo</strong></span> <span class='ocrx_word' id='word_1_271' title='bbox 449 2738 531 2795; x_wconf 84' lang='lat' dir='ltr'><strong>velut</strong></span> <span class='ocrx_word' id='word_1_272' title='bbox 553 2755 657 2793; x_wconf 91' lang='lat' dir='ltr'><strong>nurum</strong></span> <span class='ocrx_word' id='word_1_273' title='bbox 672 2740 703 2794; x_wconf 92' lang='lat' dir='ltr'><strong>in</strong></span> <span class='ocrx_word' id='word_1_274' title='bbox 729 2739 859 2810; x_wconf 90' lang='lat' dir='ltr'><strong>fornace,</strong></span> <span class='ocrx_word' id='word_1_275' title='bbox 877 2743 975 2812; x_wconf 81' lang='lat' dir='ltr'><strong>taedio,</strong></span> 
     </span>
     <span class='ocr_line' id='line_1_40' title="bbox 143 2825 971 2901; baseline 0.006 -21"><span class='ocrx_word' id='word_1_276' title='bbox 143 2825 272 2896; x_wconf 87' lang='lat' dir='ltr'><strong>silentio,</strong></span> <span class='ocrx_word' id='word_1_277' title='bbox 297 2827 432 2897; x_wconf 90' lang='lat' dir='ltr'><strong>lectione,</strong></span> <span class='ocrx_word' id='word_1_278' title='bbox 459 2828 658 2898; x_wconf 88' lang='lat' dir='ltr'><strong>meditatione,</strong></span> <span class='ocrx_word' id='word_1_279' title='bbox 676 2830 817 2892; x_wconf 83' lang='lat' dir='ltr'><strong>oratione,</strong></span> <span class='ocrx_word' id='word_1_280' title='bbox 833 2829 971 2901; x_wconf 77' lang='lat' dir='ltr'><strong>jejuniiS,</strong></span> 
     </span>
     <span class='ocr_line' id='line_1_41' title="bbox 141 2913 976 2990; baseline 0.008 -23"><span class='ocrx_word' id='word_1_281' title='bbox 141 2913 976 2990; x_wconf 71' lang='lat' dir='ltr'><strong>vigiliiS,rigoredisciplinae,dehemusanostrispeeca-</strong></span> 
     </span>
     <span class='ocr_line' id='line_1_42' title="bbox 141 3003 974 3080; baseline 0.007 -23"><span class='ocrx_word' id='word_1_282' title='bbox 141 3003 180 3059; x_wconf 90' lang='lat' dir='ltr'><strong>tis</strong></span> <span class='ocrx_word' id='word_1_283' title='bbox 191 3006 312 3077; x_wconf 90' lang='lat' dir='ltr'><strong>purgari</strong></span> <span class='ocrx_word' id='word_1_284' title='bbox 322 3008 487 3078; x_wconf 90' lang='lat' dir='ltr'><strong>etprcbari.</strong></span> <span class='ocrx_word' id='word_1_285' title='bbox 497 3006 646 3062; x_wconf 83' lang='lat' dir='ltr'><strong>Conssator</strong></span> <span class='ocrx_word' id='word_1_286' title='bbox 656 3007 795 3077; x_wconf 88' lang='lat' dir='ltr'><strong>praelatus</strong></span> <span class='ocrx_word' id='word_1_287' title='bbox 804 3012 907 3063; x_wconf 89' lang='lat' dir='ltr'><strong>noster</strong></span> <span class='ocrx_word' id='word_1_288' title='bbox 917 3013 974 3080; x_wconf 90' lang='lat' dir='ltr'><strong>est,</strong></span> 
     </span>
    </p>
   </div>
   <div class='ocr_carea' id='block_1_10' title="bbox 142 3093 1018 3191">
    <p class='ocr_par' dir='ltr' id='par_1_10' title="bbox 142 3093 1018 3191">
     <span class='ocr_line' id='line_1_43' title="bbox 142 3093 1018 3191; baseline 0.005 -42"><span class='ocrx_word' id='word_1_289' title='bbox 142 3093 193 3165; x_wconf 91' lang='lat' dir='ltr'><strong>qui</strong></span> <span class='ocrx_word' id='word_1_290' title='bbox 207 3094 245 3149; x_wconf 91' lang='lat' dir='ltr'><strong>ad</strong></span> <span class='ocrx_word' id='word_1_291' title='bbox 260 3112 316 3152; x_wconf 87' lang='lat' dir='ltr'><strong>nos</strong></span> <span class='ocrx_word' id='word_1_292' title='bbox 331 3096 530 3152; x_wconf 89' lang='lat' dir='ltr'><strong>emendandos</strong></span> <span class='ocrx_word' id='word_1_293' title='bbox 547 3097 684 3151; x_wconf 92' lang='lat' dir='ltr'><strong>continue</strong></span> <span class='ocrx_word' id='word_1_294' title='bbox 699 3097 821 3152; x_wconf 87' lang='lat' dir='ltr'><strong>laborat.</strong></span> <span class='ocrx_word' id='word_1_295' title='bbox 839 3097 975 3153; x_wconf 82' lang='lat' dir='ltr'><strong>Sufflato·</strong></span> <span class='ocrx_word' id='word_1_296' title='bbox 992 3130 1018 3191; x_wconf 70' lang='lat' dir='ltr'>C</span> 
     </span>
    </p>
   </div>
   <div class='ocr_carea' id='block_1_11' title="bbox 138 3185 974 4419">
    <p class='ocr_par' dir='ltr' id='par_1_11' title="bbox 138 3185 974 4419">
     <span class='ocr_line' id='line_1_44' title="bbox 141 3185 971 3258; baseline 0.005 -19"><span class='ocrx_word' id='word_1_297' title='bbox 141 3185 233 3256; x_wconf 88' lang='lat' dir='ltr'><strong>rium,</strong></span> <span class='ocrx_word' id='word_1_298' title='bbox 250 3187 374 3242; x_wconf 82' lang='lat' dir='ltr'><strong>verbum</strong></span> <span class='ocrx_word' id='word_1_299' title='bbox 394 3186 461 3258; x_wconf 83' lang='lat' dir='ltr'><strong>ejus</strong></span> <span class='ocrx_word' id='word_1_300' title='bbox 481 3191 573 3242; x_wconf 91' lang='lat' dir='ltr'><strong>estet</strong></span> <span class='ocrx_word' id='word_1_301' title='bbox 594 3186 770 3258; x_wconf 82' lang='lat' dir='ltr'><strong>exemplum.</strong></span> <span class='ocrx_word' id='word_1_302' title='bbox 792 3187 971 3258; x_wconf 87' lang='lat' dir='ltr'><strong>Timeamus,</strong></span> 
     </span>
     <span class='ocr_line' id='line_1_45' title="bbox 142 3276 973 3347; baseline 0.001 -16"><span class='ocrx_word' id='word_1_303' title='bbox 142 3276 327 3346; x_wconf 86' lang='lat' dir='ltr'><strong>charissimi,</strong></span> <span class='ocrx_word' id='word_1_304' title='bbox 343 3276 410 3347; x_wconf 85' lang='lat' dir='ltr'><strong>ejus</strong></span> <span class='ocrx_word' id='word_1_305' title='bbox 431 3276 460 3330; x_wconf 92' lang='lat' dir='ltr'><strong>iu</strong></span> <span class='ocrx_word' id='word_1_306' title='bbox 481 3276 568 3331; x_wconf 90' lang='lat' dir='ltr'><strong>nobis</strong></span> <span class='ocrx_word' id='word_1_307' title='bbox 587 3277 719 3331; x_wconf 86' lang='lat' dir='ltr'><strong>faborem</strong></span> <span class='ocrx_word' id='word_1_308' title='bbox 735 3276 887 3347; x_wconf 88' lang='lat' dir='ltr'><strong>frustrari,</strong></span> <span class='ocrx_word' id='word_1_309' title='bbox 905 3278 973 3334; x_wconf 91' lang='lat' dir='ltr'><strong>dum</strong></span> 
     </span>
     <span class='ocr_line' id='line_1_46' title="bbox 141 3365 973 3437; baseline 0.001 -18"><span class='ocrx_word' id='word_1_310' title='bbox 141 3365 364 3437; x_wconf 84' lang='lat' dir='ltr'><strong>incorrigibiles</strong></span> <span class='ocrx_word' id='word_1_311' title='bbox 388 3366 551 3421; x_wconf 87' lang='lat' dir='ltr'><strong>existentes</strong></span> <span class='ocrx_word' id='word_1_312' title='bbox 578 3383 633 3437; x_wconf 90' lang='lat' dir='ltr'><strong>per</strong></span> <span class='ocrx_word' id='word_1_313' title='bbox 660 3382 726 3421; x_wconf 90' lang='lat' dir='ltr'><strong>eum</strong></span> <span class='ocrx_word' id='word_1_314' title='bbox 756 3368 973 3421; x_wconf 88' lang='lat' dir='ltr'><strong>contemnimus</strong></span> 
     </span>
     <span class='ocr_line' id='line_1_47' title="bbox 142 3453 972 3527; baseline 0.002 -19"><span class='ocrx_word' id='word_1_315' title='bbox 142 3453 302 3523; x_wconf 89' lang='lat' dir='ltr'><strong>emendari,</strong></span> <span class='ocrx_word' id='word_1_316' title='bbox 327 3454 482 3509; x_wconf 85' lang='lat' dir='ltr'><strong>timeamus</strong></span> <span class='ocrx_word' id='word_1_317' title='bbox 506 3459 661 3527; x_wconf 87' lang='lat' dir='ltr'><strong>argentum</strong></span> <span class='ocrx_word' id='word_1_318' title='bbox 682 3455 841 3525; x_wconf 91' lang='lat' dir='ltr'><strong>reprobum</strong></span> <span class='ocrx_word' id='word_1_319' title='bbox 861 3457 972 3510; x_wconf 88' lang='lat' dir='ltr'><strong>vocari.</strong></span> 
     </span>
     <span class='ocr_line' id='line_1_48' title="bbox 141 3542 974 3615; baseline 0.005 -19"><span class='ocrx_word' id='word_1_320' title='bbox 141 3542 310 3598; x_wconf 86' lang='lat' dir='ltr'><strong>Timeamus</strong></span> <span class='ocrx_word' id='word_1_321' title='bbox 324 3558 341 3596; x_wconf 94' lang='lat' dir='ltr'><strong>a</strong></span> <span class='ocrx_word' id='word_1_322' title='bbox 356 3543 479 3599; x_wconf 89' lang='lat' dir='ltr'><strong>Domino</strong></span> <span class='ocrx_word' id='word_1_323' title='bbox 495 3543 611 3615; x_wconf 89' lang='lat' dir='ltr'><strong>projici.</strong></span> <span class='ocrx_word' id='word_1_324' title='bbox 629 3544 705 3599; x_wconf 88' lang='lat' dir='ltr'><strong>ilinc</strong></span> <span class='ocrx_word' id='word_1_325' title='bbox 721 3545 860 3615; x_wconf 89' lang='lat' dir='ltr'><strong>estquod</strong></span> <span class='ocrx_word' id='word_1_326' title='bbox 876 3545 912 3600; x_wconf 90' lang='lat' dir='ltr'><strong>de</strong></span> <span class='ocrx_word' id='word_1_327' title='bbox 926 3561 974 3600; x_wconf 88' lang='lat' dir='ltr'><strong>re-</strong></span> 
     </span>
     <span class='ocr_line' id='line_1_49' title="bbox 139 3631 971 3706; baseline 0.004 -19"><span class='ocrx_word' id='word_1_328' title='bbox 139 3631 232 3702; x_wconf 88' lang='lat' dir='ltr'><strong>probo</strong></span> <span class='ocrx_word' id='word_1_329' title='bbox 247 3633 416 3703; x_wconf 89' lang='lat' dir='ltr'><strong>etsuperbo</strong></span> <span class='ocrx_word' id='word_1_330' title='bbox 428 3633 534 3688; x_wconf 88' lang='lat' dir='ltr'><strong>dicitur</strong></span> <span class='ocrx_word' id='word_1_331' title='bbox 550 3650 556 3688; x_wconf 80' lang='lat' dir='ltr'><strong>t</strong></span> <span class='ocrx_word' id='word_1_332' title='bbox 574 3633 665 3688; x_wconf 87' lang='lat' dir='ltr'><strong>Dedit</strong></span> <span class='ocrx_word' id='word_1_333' title='bbox 677 3635 706 3688; x_wconf 90' lang='lat' dir='ltr'><strong>ei</strong></span> <span class='ocrx_word' id='word_1_334' title='bbox 715 3633 898 3689; x_wconf 85' lang='lat' dir='ltr'><strong>Deuslocmn</strong></span> <span class='ocrx_word' id='word_1_335' title='bbox 908 3651 971 3706; x_wconf 79' lang='lat' dir='ltr'><strong>pm·</strong></span> 
     </span>
     <span class='ocr_line' id='line_1_50' title="bbox 139 3720 972 3794; baseline 0.002 -19"><span class='ocrx_word' id='word_1_336' title='bbox 139 3720 289 3792; x_wconf 72' lang='lat' dir='ltr'><strong>nitentia,</strong></span> <span class='ocrx_word' id='word_1_337' title='bbox 308 3727 338 3776; x_wconf 89' lang='lat' dir='ltr'><strong>et</strong></span> <span class='ocrx_word' id='word_1_338' title='bbox 360 3723 425 3794; x_wconf 87' lang='lat' dir='ltr'><strong>ipse</strong></span> <span class='ocrx_word' id='word_1_339' title='bbox 448 3723 582 3778; x_wconf 89' lang='lat' dir='ltr'><strong>abutitur</strong></span> <span class='ocrx_word' id='word_1_340' title='bbox 605 3738 640 3777; x_wconf 89' lang='lat' dir='ltr'><strong>eo</strong></span> <span class='ocrx_word' id='word_1_341' title='bbox 658 3722 690 3776; x_wconf 90' lang='lat' dir='ltr'><strong>ia</strong></span> <span class='ocrx_word' id='word_1_342' title='bbox 712 3723 883 3793; x_wconf 82' lang='lat' dir='ltr'><strong>snperbiam</strong></span> <span class='ocrx_word' id='word_1_343' title='bbox 905 3723 972 3791; x_wconf 81' lang='lat' dir='ltr'><strong>(toa</strong></span> 
     </span>
     <span class='ocr_line' id='line_1_51' title="bbox 140 3811 972 3884; baseline -0.001 -18"><span class='ocrx_word' id='word_1_344' title='bbox 140 3811 233 3882; x_wconf 81' lang='lat' dir='ltr'><strong>xxiv).</strong></span> <span class='ocrx_word' id='word_1_345' title='bbox 242 3812 410 3868; x_wconf 85' lang='lat' dir='ltr'><strong>Timeamus</strong></span> <span class='ocrx_word' id='word_1_346' title='bbox 420 3827 493 3884; x_wconf 89' lang='lat' dir='ltr'><strong>ergo</strong></span> <span class='ocrx_word' id='word_1_347' title='bbox 501 3812 530 3866; x_wconf 93' lang='lat' dir='ltr'><strong>in</strong></span> <span class='ocrx_word' id='word_1_348' title='bbox 541 3811 608 3866; x_wconf 90' lang='lat' dir='ltr'><strong>loeo</strong></span> <span class='ocrx_word' id='word_1_349' title='bbox 620 3811 793 3866; x_wconf 88' lang='lat' dir='ltr'><strong>humititatis</strong></span> <span class='ocrx_word' id='word_1_350' title='bbox 805 3812 972 3882; x_wconf 83' lang='lat' dir='ltr'><strong>superbire,</strong></span> 
     </span>
     <span class='ocr_line' id='line_1_52' title="bbox 142 3899 973 3973; baseline 0 -18"><span class='ocrx_word' id='word_1_351' title='bbox 142 3899 973 3973; x_wconf 70' lang='lat' dir='ltr'><strong>quiainitiumearinispeecatisuperbiatllccli.x).Pona-</strong></span> 
     </span>
     <span class='ocr_line' id='line_1_53' title="bbox 139 3989 972 4060; baseline 0.004 -18"><span class='ocrx_word' id='word_1_352' title='bbox 139 4005 207 4043; x_wconf 90' lang='lat' dir='ltr'><strong>mus</strong></span> <span class='ocrx_word' id='word_1_353' title='bbox 215 3993 280 4046; x_wconf 91' lang='lat' dir='ltr'><strong>ante</strong></span> <span class='ocrx_word' id='word_1_354' title='bbox 289 3991 396 4046; x_wconf 90' lang='lat' dir='ltr'><strong>mentis</strong></span> <span class='ocrx_word' id='word_1_355' title='bbox 407 3991 511 4046; x_wconf 88' lang='lat' dir='ltr'><strong>oeulos</strong></span> <span class='ocrx_word' id='word_1_356' title='bbox 523 3990 614 4045; x_wconf 85' lang='lat' dir='ltr'><strong>verba</strong></span> <span class='ocrx_word' id='word_1_357' title='bbox 626 3989 777 4045; x_wconf 79' lang='lat' dir='ltr'><strong>hodiernae</strong></span> <span class='ocrx_word' id='word_1_358' title='bbox 792 3990 972 4060; x_wconf 83' lang='lat' dir='ltr'><strong>prophetiam</strong></span> 
     </span>
     <span class='ocr_line' id='line_1_54' title="bbox 138 4075 971 4150; baseline 0.005 -20"><span class='ocrx_word' id='word_1_359' title='bbox 138 4075 286 4148; x_wconf 71' lang='lat' dir='ltr'><strong>lectioniS,</strong></span> <span class='ocrx_word' id='word_1_360' title='bbox 299 4095 366 4150; x_wconf 86' lang='lat' dir='ltr'><strong>quae</strong></span> <span class='ocrx_word' id='word_1_361' title='bbox 375 4080 513 4149; x_wconf 84' lang='lat' dir='ltr'><strong>superius</strong></span> <span class='ocrx_word' id='word_1_362' title='bbox 526 4079 722 4147; x_wconf 89' lang='lat' dir='ltr'><strong>continentur,</strong></span> <span class='ocrx_word' id='word_1_363' title='bbox 740 4078 790 4132; x_wconf 92' lang='lat' dir='ltr'><strong>ubi</strong></span> <span class='ocrx_word' id='word_1_364' title='bbox 800 4078 835 4132; x_wconf 92' lang='lat' dir='ltr'><strong>de</strong></span> <span class='ocrx_word' id='word_1_365' title='bbox 847 4079 971 4134; x_wconf 88' lang='lat' dir='ltr'><strong>Domino</strong></span> 
     </span>
     <span class='ocr_line' id='line_1_55' title="bbox 139 4164 971 4241; baseline 0.006 -23"><span class='ocrx_word' id='word_1_366' title='bbox 139 4164 224 4221; x_wconf 88' lang='lat' dir='ltr'><strong>dicit:</strong></span> <span class='ocrx_word' id='word_1_367' title='bbox 239 4166 311 4231; x_wconf 89' lang='lat' dir='ltr'><strong>Quis</strong></span> <span class='ocrx_word' id='word_1_368' title='bbox 316 4169 429 4241; x_wconf 85' lang='lat' dir='ltr'><strong>poterit</strong></span> <span class='ocrx_word' id='word_1_369' title='bbox 449 4167 583 4239; x_wconf 72' lang='lat' dir='ltr'><strong>cogitare</strong></span> <span class='ocrx_word' id='word_1_370' title='bbox 596 4166 674 4221; x_wconf 90' lang='lat' dir='ltr'><strong>diem</strong></span> <span class='ocrx_word' id='word_1_371' title='bbox 688 4165 829 4220; x_wconf 77' lang='lat' dir='ltr'><strong>adventis</strong></span> <span class='ocrx_word' id='word_1_372' title='bbox 840 4168 914 4238; x_wconf 77' lang='lat' dir='ltr'><strong>ojus.</strong></span> <span class='ocrx_word' id='word_1_373' title='bbox 930 4168 971 4223; x_wconf 76' lang='lat' dir='ltr'><strong>Ift</strong></span> 
     </span>
     <span class='ocr_line' id='line_1_56' title="bbox 139 4254 971 4329; baseline 0.001 -19"><span class='ocrx_word' id='word_1_374' title='bbox 139 4256 206 4329; x_wconf 87' lang='lat' dir='ltr'><strong>quis</strong></span> <span class='ocrx_word' id='word_1_375' title='bbox 215 4256 309 4311; x_wconf 87' lang='lat' dir='ltr'><strong>stabit</strong></span> <span class='ocrx_word' id='word_1_376' title='bbox 319 4256 357 4312; x_wconf 93' lang='lat' dir='ltr'><strong>ad</strong></span> <span class='ocrx_word' id='word_1_377' title='bbox 366 4254 774 4326; x_wconf 81' lang='lat' dir='ltr'><strong>ridendemenmflpseeainr</strong></span> <span class='ocrx_word' id='word_1_378' title='bbox 790 4257 875 4327; x_wconf 88' lang='lat' dir='ltr'><strong>quasi</strong></span> <span class='ocrx_word' id='word_1_379' title='bbox 889 4257 971 4328; x_wconf 75' lang='lat' dir='ltr'><strong>iguis</strong></span> 
     </span>
     <span class='ocr_line' id='line_1_57' title="bbox 138 4344 970 4419; baseline -0.001 -18"><span class='ocrx_word' id='word_1_380' title='bbox 138 4345 279 4417; x_wconf 89' lang='lat' dir='ltr'><strong>conflans,</strong></span> <span class='ocrx_word' id='word_1_381' title='bbox 292 4353 323 4402; x_wconf 88' lang='lat' dir='ltr'><strong>et</strong></span> <span class='ocrx_word' id='word_1_382' title='bbox 334 4345 419 4419; x_wconf 87' lang='lat' dir='ltr'><strong>quasi</strong></span> <span class='ocrx_word' id='word_1_383' title='bbox 426 4344 671 4400; x_wconf 83' lang='lat' dir='ltr'><strong>licrbafullonum</strong></span> <span class='ocrx_word' id='word_1_384' title='bbox 686 4344 825 4413; x_wconf 65' lang='lat' dir='ltr'><strong>(itlalaclr.</strong></span> <span class='ocrx_word' id='word_1_385' title='bbox 845 4346 897 4415; x_wconf 89' lang='lat' dir='ltr'><strong>m).</strong></span> <span class='ocrx_word' id='word_1_386' title='bbox 915 4346 970 4410; x_wconf 80' lang='lat' dir='ltr'><strong>Qui</strong></span> 
     </span>
    </p>
   </div>
   <div class='ocr_carea' id='block_1_12' title="bbox 1030 1956 1569 2104">
    <p class='ocr_par' dir='ltr' id='par_1_12' title="bbox 1030 1956 1569 2104">
     <span class='ocr_line' id='line_1_58' title="bbox 1030 1956 1409 2029; baseline 0.011 -20"><span class='ocrx_word' id='word_1_387' title='bbox 1030 1959 1173 2025; x_wconf 82' lang='lat' dir='ltr'><strong>praestare</strong></span> <span class='ocrx_word' id='word_1_388' title='bbox 1189 1956 1336 2029; x_wconf 87' lang='lat' dir='ltr'><strong>dignetur,</strong></span> <span class='ocrx_word' id='word_1_389' title='bbox 1355 1962 1409 2013; x_wconf 89' lang='lat' dir='ltr'><strong>ete.</strong></span> 
     </span>
     <span class='ocr_line' id='line_1_59' title="bbox 1322 2047 1569 2104; baseline 0.016 -4"><span class='ocrx_word' id='word_1_390' title='bbox 1322 2047 1451 2102; x_wconf 82' lang='lat' dir='ltr'>SERMO</span> <span class='ocrx_word' id='word_1_391' title='bbox 1466 2049 1569 2104; x_wconf 76' lang='lat' dir='ltr'><strong>xum.</strong></span> 
     </span>
    </p>
   </div>
   <div class='ocr_carea' id='block_1_13' title="bbox 1004 2134 1865 4408">
    <p class='ocr_par' dir='ltr' id='par_1_13' title="bbox 1031 2134 1862 2356">
     <span class='ocr_line' id='line_1_60' title="bbox 1031 2134 1861 2213; baseline 0.007 -24"><span class='ocrx_word' id='word_1_392' title='bbox 1031 2134 1065 2189; x_wconf 91' lang='lat' dir='ltr'><strong>In</strong></span> <span class='ocrx_word' id='word_1_393' title='bbox 1080 2136 1316 2208; x_wconf 72' lang='lat' dir='ltr'><strong>septuagesima,</strong></span> <span class='ocrx_word' id='word_1_394' title='bbox 1334 2145 1384 2192; x_wconf 90' lang='lat' dir='ltr'><strong>aut</strong></span> <span class='ocrx_word' id='word_1_395' title='bbox 1399 2139 1457 2192; x_wconf 92' lang='lat' dir='ltr'><strong>alio</strong></span> <span class='ocrx_word' id='word_1_396' title='bbox 1469 2141 1656 2209; x_wconf 85' lang='lat' dir='ltr'><strong>poenitentiae</strong></span> <span class='ocrx_word' id='word_1_397' title='bbox 1673 2147 1815 2213; x_wconf 85' lang='lat' dir='ltr'><strong>ternpore,</strong></span> <span class='ocrx_word' id='word_1_398' title='bbox 1829 2143 1861 2195; x_wconf 90' lang='lat' dir='ltr'><strong>de</strong></span> 
     </span>
     <span class='ocr_line' id='line_1_61' title="bbox 1065 2208 1861 2285; baseline 0.006 -24"><span class='ocrx_word' id='word_1_399' title='bbox 1065 2208 1237 2278; x_wconf 87' lang='lat' dir='ltr'><strong>plantandis</strong></span> <span class='ocrx_word' id='word_1_400' title='bbox 1253 2209 1283 2263; x_wconf 91' lang='lat' dir='ltr'><strong>iu</strong></span> <span class='ocrx_word' id='word_1_401' title='bbox 1300 2210 1385 2264; x_wconf 78' lang='lat' dir='ltr'><strong>arabis</strong></span> <span class='ocrx_word' id='word_1_402' title='bbox 1403 2211 1544 2264; x_wconf 68' lang='lat' dir='ltr'><strong>virtutum</strong></span> <span class='ocrx_word' id='word_1_403' title='bbox 1560 2213 1745 2277; x_wconf 73' lang='lat' dir='ltr'><strong>senriuariiS,</strong></span> <span class='ocrx_word' id='word_1_404' title='bbox 1765 2221 1794 2268; x_wconf 82' lang='lat' dir='ltr'><strong>rt</strong></span> <span class='ocrx_word' id='word_1_405' title='bbox 1810 2214 1861 2285; x_wconf 74' lang='lat' dir='ltr'><strong>eji-</strong></span> 
     </span>
     <span class='ocr_line' id='line_1_62' title="bbox 1067 2279 1862 2356; baseline 0.009 -22"><span class='ocrx_word' id='word_1_406' title='bbox 1067 2279 1184 2334; x_wconf 83' lang='lat' dir='ltr'><strong>ciendis</strong></span> <span class='ocrx_word' id='word_1_407' title='bbox 1203 2281 1340 2335; x_wconf 85' lang='lat' dir='ltr'><strong>ritiorum</strong></span> <span class='ocrx_word' id='word_1_408' title='bbox 1356 2282 1520 2353; x_wconf 68' lang='lat' dir='ltr'><strong>radicibus</strong></span> <span class='ocrx_word' id='word_1_409' title='bbox 1538 2291 1652 2356; x_wconf 88' lang='lat' dir='ltr'><strong>saurpta</strong></span> <span class='ocrx_word' id='word_1_410' title='bbox 1663 2286 1809 2356; x_wconf 86' lang='lat' dir='ltr'><strong>parabola</strong></span> <span class='ocrx_word' id='word_1_411' title='bbox 1829 2286 1862 2341; x_wconf 86' lang='lat' dir='ltr'><strong>de</strong></span> 
     </span>
    </p>

    <p class='ocr_par' dir='ltr' id='par_1_14' title="bbox 1004 2351 1349 2422">
     <span class='ocr_line' id='line_1_63' title="bbox 1004 2351 1349 2422; baseline 0.02 -21"><span class='ocrx_word' id='word_1_412' title='bbox 1004 2390 1013 2401; x_wconf 78' lang='lat'><strong>.</strong></span> <span class='ocrx_word' id='word_1_413' title='bbox 1064 2351 1202 2422; x_wconf 86' lang='lat' dir='ltr'><strong>paradisi</strong></span> <span class='ocrx_word' id='word_1_414' title='bbox 1218 2352 1349 2415; x_wconf 73' lang='lat' dir='ltr'><strong>deliciis·</strong></span> 
     </span>
    </p>

    <p class='ocr_par' dir='ltr' id='par_1_15' title="bbox 1030 2431 1865 2785">
     <span class='ocr_line' id='line_1_64' title="bbox 1072 2431 1863 2516; baseline 0.008 -23"><span class='ocrx_word' id='word_1_415' title='bbox 1072 2439 1148 2494; x_wconf 88' lang='lat' dir='ltr'><strong>Tulit</strong></span> <span class='ocrx_word' id='word_1_416' title='bbox 1159 2441 1301 2496; x_wconf 85' lang='lat' dir='ltr'><strong>Dominus</strong></span> <span class='ocrx_word' id='word_1_417' title='bbox 1310 2442 1554 2514; x_wconf 86' lang='lat' dir='ltr'><strong>Deuslremiaem,</strong></span> <span class='ocrx_word' id='word_1_418' title='bbox 1572 2461 1656 2516; x_wconf 82' lang='lat' dir='ltr'><strong>quem</strong></span> <span class='ocrx_word' id='word_1_419' title='bbox 1680 2431 1863 2501; x_wconf 72' lang='lat' dir='ltr'><strong>formaverat</strong></span> 
     </span>
     <span class='ocr_line' id='line_1_65' title="bbox 1031 2531 1864 2605; baseline 0.01 -23"><span class='ocrx_word' id='word_1_420' title='bbox 1031 2534 1060 2582; x_wconf 84' lang='lat' dir='ltr'><strong>et</strong></span> <span class='ocrx_word' id='word_1_421' title='bbox 1068 2531 1167 2600; x_wconf 87' lang='lat' dir='ltr'><strong>posuit</strong></span> <span class='ocrx_word' id='word_1_422' title='bbox 1177 2533 1279 2585; x_wconf 76' lang='lat' dir='ltr'><strong>crrrniu</strong></span> <span class='ocrx_word' id='word_1_423' title='bbox 1288 2533 1461 2603; x_wconf 84' lang='lat' dir='ltr'><strong>paradisum</strong></span> <span class='ocrx_word' id='word_1_424' title='bbox 1475 2532 1728 2605; x_wconf 77' lang='lat' dir='ltr'><strong>uoluptatis(Gen.</strong></span> <span class='ocrx_word' id='word_1_425' title='bbox 1739 2540 1781 2604; x_wconf 75' lang='lat' dir='ltr'><strong>u).</strong></span> <span class='ocrx_word' id='word_1_426' title='bbox 1794 2536 1864 2590; x_wconf 90' lang='lat' dir='ltr'><strong>Tro-</strong></span> 
     </span>
     <span class='ocr_line' id='line_1_66' title="bbox 1030 2620 1865 2694; baseline 0.007 -22"><span class='ocrx_word' id='word_1_427' title='bbox 1030 2620 1176 2692; x_wconf 89' lang='lat' dir='ltr'><strong>pulogice,</strong></span> <span class='ocrx_word' id='word_1_428' title='bbox 1195 2621 1224 2674; x_wconf 92' lang='lat' dir='ltr'><strong>id</strong></span> <span class='ocrx_word' id='word_1_429' title='bbox 1240 2625 1286 2675; x_wconf 90' lang='lat' dir='ltr'><strong>est</strong></span> <span class='ocrx_word' id='word_1_430' title='bbox 1301 2622 1452 2677; x_wconf 85' lang='lat' dir='ltr'><strong>moraliter</strong></span> <span class='ocrx_word' id='word_1_431' title='bbox 1466 2623 1530 2678; x_wconf 89' lang='lat' dir='ltr'><strong>haec</strong></span> <span class='ocrx_word' id='word_1_432' title='bbox 1546 2623 1743 2694; x_wconf 86' lang='lat' dir='ltr'><strong>disserentes,</strong></span> <span class='ocrx_word' id='word_1_433' title='bbox 1758 2624 1865 2679; x_wconf 84' lang='lat' dir='ltr'><strong>charis·</strong></span> 
     </span>
     <span class='ocr_line' id='line_1_67' title="bbox 1030 2709 1858 2785; baseline 0.008 -24"><span class='ocrx_word' id='word_1_434' title='bbox 1030 2709 1107 2772; x_wconf 82' lang='lat' dir='ltr'><strong>sirui,</strong></span> <span class='ocrx_word' id='word_1_435' title='bbox 1127 2709 1252 2765; x_wconf 90' lang='lat' dir='ltr'><strong>dicimus</strong></span> <span class='ocrx_word' id='word_1_436' title='bbox 1269 2712 1347 2784; x_wconf 91' lang='lat' dir='ltr'><strong>quod</strong></span> <span class='ocrx_word' id='word_1_437' title='bbox 1363 2713 1450 2767; x_wconf 81' lang='lat' dir='ltr'><strong>trumo</strong></span> <span class='ocrx_word' id='word_1_438' title='bbox 1466 2730 1481 2766; x_wconf 89' lang='lat' dir='ltr'><strong>a</strong></span> <span class='ocrx_word' id='word_1_439' title='bbox 1498 2712 1559 2767; x_wconf 84' lang='lat' dir='ltr'><strong>Deo</strong></span> <span class='ocrx_word' id='word_1_440' title='bbox 1576 2713 1718 2768; x_wconf 88' lang='lat' dir='ltr'><strong>formatur</strong></span> <span class='ocrx_word' id='word_1_441' title='bbox 1744 2715 1858 2785; x_wconf 88' lang='lat' dir='ltr'><strong>quando</strong></span> 
     </span>
    </p>

    <p class='ocr_par' dir='ltr' id='par_1_16' title="bbox 1022 2796 1862 4408">
     <span class='ocr_line' id='line_1_68' title="bbox 1028 2796 1862 2873; baseline 0.006 -22"><span class='ocrx_word' id='word_1_442' title='bbox 1028 2796 1217 2868; x_wconf 78' lang='lat' dir='ltr'><strong>justificatur,</strong></span> <span class='ocrx_word' id='word_1_443' title='bbox 1229 2802 1257 2854; x_wconf 87' lang='lat' dir='ltr'><strong>et</strong></span> <span class='ocrx_word' id='word_1_444' title='bbox 1268 2801 1296 2855; x_wconf 93' lang='lat' dir='ltr'><strong>in</strong></span> <span class='ocrx_word' id='word_1_445' title='bbox 1308 2802 1477 2871; x_wconf 82' lang='lat' dir='ltr'><strong>paradisum</strong></span> <span class='ocrx_word' id='word_1_446' title='bbox 1487 2803 1615 2873; x_wconf 86' lang='lat' dir='ltr'><strong>ponitur,</strong></span> <span class='ocrx_word' id='word_1_447' title='bbox 1628 2802 1698 2857; x_wconf 92' lang='lat' dir='ltr'><strong>dum</strong></span> <span class='ocrx_word' id='word_1_448' title='bbox 1716 2803 1747 2857; x_wconf 91' lang='lat' dir='ltr'><strong>in</strong></span> <span class='ocrx_word' id='word_1_449' title='bbox 1760 2819 1862 2859; x_wconf 87' lang='lat' dir='ltr'><strong>secura</strong></span> 
     </span>
     <span class='ocr_line' id='line_1_69' title="bbox 1028 2886 1862 2962; baseline 0.006 -21"><span class='ocrx_word' id='word_1_450' title='bbox 1028 2886 1223 2958; x_wconf 81' lang='lat' dir='ltr'><strong>jucunditate,</strong></span> <span class='ocrx_word' id='word_1_451' title='bbox 1232 2890 1435 2962; x_wconf 80' lang='lat' dir='ltr'><strong>sivejucunda</strong></span> <span class='ocrx_word' id='word_1_452' title='bbox 1447 2892 1605 2946; x_wconf 86' lang='lat' dir='ltr'><strong>securitate</strong></span> <span class='ocrx_word' id='word_1_453' title='bbox 1614 2891 1862 2950; x_wconf 81' lang='lat' dir='ltr'><strong>bonaeeonscien·</strong></span> 
     </span>
     <span class='ocr_line' id='line_1_70' title="bbox 1032 2976 1862 3053; baseline 0.005 -23"><span class='ocrx_word' id='word_1_454' title='bbox 1032 2976 1079 3030; x_wconf 89' lang='lat' dir='ltr'><strong>tiae</strong></span> <span class='ocrx_word' id='word_1_455' title='bbox 1104 2977 1272 3032; x_wconf 89' lang='lat' dir='ltr'><strong>collocatur.</strong></span> <span class='ocrx_word' id='word_1_456' title='bbox 1290 2979 1364 3044; x_wconf 84' lang='lat' dir='ltr'><strong>Quid</strong></span> <span class='ocrx_word' id='word_1_457' title='bbox 1381 2980 1458 3034; x_wconf 90' lang='lat' dir='ltr'><strong>enim</strong></span> <span class='ocrx_word' id='word_1_458' title='bbox 1480 2981 1585 3036; x_wconf 90' lang='lat' dir='ltr'><strong>melius</strong></span> <span class='ocrx_word' id='word_1_459' title='bbox 1600 2981 1797 3053; x_wconf 89' lang='lat' dir='ltr'><strong>intelligimus</strong></span> <span class='ocrx_word' id='word_1_460' title='bbox 1813 2997 1862 3053; x_wconf 88' lang='lat' dir='ltr'><strong>per</strong></span> 
     </span>
     <span class='ocr_line' id='line_1_71' title="bbox 1032 3066 1859 3142; baseline 0.005 -23"><span class='ocrx_word' id='word_1_461' title='bbox 1032 3066 1202 3135; x_wconf 88' lang='lat' dir='ltr'><strong>paradisum</strong></span> <span class='ocrx_word' id='word_1_462' title='bbox 1215 3068 1335 3138; x_wconf 91' lang='lat' dir='ltr'><strong>plenum</strong></span> <span class='ocrx_word' id='word_1_463' title='bbox 1350 3070 1498 3141; x_wconf 90' lang='lat' dir='ltr'><strong>voluptate</strong></span> <span class='ocrx_word' id='word_1_464' title='bbox 1514 3087 1601 3142; x_wconf 92' lang='lat' dir='ltr'><strong>quam</strong></span> <span class='ocrx_word' id='word_1_465' title='bbox 1617 3074 1748 3127; x_wconf 88' lang='lat' dir='ltr'><strong>mentem</strong></span> <span class='ocrx_word' id='word_1_466' title='bbox 1763 3071 1859 3125; x_wconf 90' lang='lat' dir='ltr'><strong>huma·</strong></span> 
     </span>
     <span class='ocr_line' id='line_1_72' title="bbox 1031 3157 1862 3230; baseline 0.006 -21"><span class='ocrx_word' id='word_1_467' title='bbox 1031 3171 1097 3209; x_wconf 89' lang='lat' dir='ltr'><strong>nam</strong></span> <span class='ocrx_word' id='word_1_468' title='bbox 1107 3171 1144 3210; x_wconf 87' lang='lat' dir='ltr'><strong>ex</strong></span> <span class='ocrx_word' id='word_1_469' title='bbox 1155 3157 1330 3212; x_wconf 82' lang='lat' dir='ltr'><strong>confidentia</strong></span> <span class='ocrx_word' id='word_1_470' title='bbox 1346 3159 1432 3215; x_wconf 76' lang='lat' dir='ltr'><strong>bonae</strong></span> <span class='ocrx_word' id='word_1_471' title='bbox 1449 3160 1639 3216; x_wconf 76' lang='lat' dir='ltr'><strong>conscientiae</strong></span> <span class='ocrx_word' id='word_1_472' title='bbox 1654 3161 1775 3230; x_wconf 90' lang='lat' dir='ltr'><strong>plenam</strong></span> <span class='ocrx_word' id='word_1_473' title='bbox 1787 3176 1862 3215; x_wconf 89' lang='lat' dir='ltr'><strong>secu·</strong></span> 
     </span>
     <span class='ocr_line' id='line_1_73' title="bbox 1031 3246 1860 3324; baseline 0.006 -26"><span class='ocrx_word' id='word_1_474' title='bbox 1031 3246 1860 3324; x_wconf 62' lang='lat' dir='ltr'><strong>1·itate‘?Seea1·acuimurerisqaasijuqeconviviumffror.</strong></span> 
     </span>
     <span class='ocr_line' id='line_1_74' title="bbox 1030 3338 1860 3412; baseline 0.004 -22"><span class='ocrx_word' id='word_1_475' title='bbox 1030 3340 1091 3407; x_wconf 81' lang='lat' dir='ltr'><strong>xv).</strong></span> <span class='ocrx_word' id='word_1_476' title='bbox 1109 3338 1191 3392; x_wconf 83' lang='lat' dir='ltr'><strong>Nihil</strong></span> <span class='ocrx_word' id='word_1_477' title='bbox 1205 3355 1277 3412; x_wconf 91' lang='lat' dir='ltr'><strong>ergo</strong></span> <span class='ocrx_word' id='word_1_478' title='bbox 1297 3340 1408 3394; x_wconf 87' lang='lat' dir='ltr'><strong>rectius</strong></span> <span class='ocrx_word' id='word_1_479' title='bbox 1425 3341 1586 3412; x_wconf 89' lang='lat' dir='ltr'><strong>accipimus</strong></span> <span class='ocrx_word' id='word_1_480' title='bbox 1602 3357 1655 3412; x_wconf 89' lang='lat' dir='ltr'><strong>per</strong></span> <span class='ocrx_word' id='word_1_481' title='bbox 1679 3339 1760 3394; x_wconf 90' lang='lat' dir='ltr'><strong>illam</strong></span> <span class='ocrx_word' id='word_1_482' title='bbox 1776 3343 1860 3394; x_wconf 88' lang='lat' dir='ltr'><strong>terre·</strong></span> 
     </span>
     <span class='ocr_line' id='line_1_75' title="bbox 1029 3428 1860 3501; baseline 0.002 -22"><span class='ocrx_word' id='word_1_483' title='bbox 1029 3429 1120 3481; x_wconf 87' lang='lat' dir='ltr'><strong>stram</strong></span> <span class='ocrx_word' id='word_1_484' title='bbox 1131 3429 1260 3497; x_wconf 87' lang='lat' dir='ltr'><strong>paradisi</strong></span> <span class='ocrx_word' id='word_1_485' title='bbox 1271 3429 1397 3501; x_wconf 90' lang='lat' dir='ltr'><strong>gloriam</strong></span> <span class='ocrx_word' id='word_1_486' title='bbox 1407 3447 1495 3501; x_wconf 92' lang='lat' dir='ltr'><strong>quam</strong></span> <span class='ocrx_word' id='word_1_487' title='bbox 1505 3430 1612 3485; x_wconf 88' lang='lat' dir='ltr'><strong>bonam</strong></span> <span class='ocrx_word' id='word_1_488' title='bbox 1620 3428 1698 3500; x_wconf 79' lang='lat' dir='ltr'><strong>justi</strong></span> <span class='ocrx_word' id='word_1_489' title='bbox 1713 3429 1860 3484; x_wconf 79' lang='lat' dir='ltr'><strong>eonscien-</strong></span> 
     </span>
     <span class='ocr_line' id='line_1_76' title="bbox 1028 3519 1859 3591; baseline -0.008 -15"><span class='ocrx_word' id='word_1_490' title='bbox 1028 3523 1107 3576; x_wconf 87' lang='lat' dir='ltr'><strong>tiam.</strong></span> <span class='ocrx_word' id='word_1_491' title='bbox 1126 3520 1167 3573; x_wconf 90' lang='lat' dir='ltr'><strong>De</strong></span> <span class='ocrx_word' id='word_1_492' title='bbox 1181 3536 1239 3591; x_wconf 92' lang='lat' dir='ltr'><strong>qua</strong></span> <span class='ocrx_word' id='word_1_493' title='bbox 1255 3523 1283 3574; x_wconf 90' lang='lat' dir='ltr'><strong>et</strong></span> <span class='ocrx_word' id='word_1_494' title='bbox 1308 3520 1469 3590; x_wconf 81' lang='lat' dir='ltr'><strong>Apostolus</strong></span> <span class='ocrx_word' id='word_1_495' title='bbox 1493 3520 1550 3575; x_wconf 88' lang='lat' dir='ltr'><strong>ait:</strong></span> <span class='ocrx_word' id='word_1_496' title='bbox 1578 3519 1681 3574; x_wconf 85' lang='lat' dir='ltr'><strong>Gloria</strong></span> <span class='ocrx_word' id='word_1_497' title='bbox 1700 3524 1805 3574; x_wconf 91' lang='lat' dir='ltr'><strong>nostra</strong></span> <span class='ocrx_word' id='word_1_498' title='bbox 1820 3525 1859 3572; x_wconf 86' lang='lat' dir='ltr'><strong>ast</strong></span> 
     </span>
     <span class='ocr_line' id='line_1_77' title="bbox 1030 3605 1858 3678; baseline -0.007 -14"><span class='ocrx_word' id='word_1_499' title='bbox 1030 3611 1229 3667; x_wconf 86' lang='lat' dir='ltr'><strong>testimoniam</strong></span> <span class='ocrx_word' id='word_1_500' title='bbox 1249 3611 1440 3665; x_wconf 78' lang='lat' dir='ltr'><strong>conscientia</strong></span> <span class='ocrx_word' id='word_1_501' title='bbox 1458 3615 1570 3665; x_wconf 65' lang='lat' dir='ltr'><strong>nostrae</strong></span> <span class='ocrx_word' id='word_1_502' title='bbox 1588 3608 1630 3678; x_wconf 71' lang='lat' dir='ltr'><strong>(ll</strong></span> <span class='ocrx_word' id='word_1_503' title='bbox 1652 3607 1721 3662; x_wconf 89' lang='lat' dir='ltr'><strong>Car.</strong></span> <span class='ocrx_word' id='word_1_504' title='bbox 1743 3609 1775 3675; x_wconf 79' lang='lat' dir='ltr'><strong>r).</strong></span> <span class='ocrx_word' id='word_1_505' title='bbox 1791 3605 1858 3671; x_wconf 87' lang='lat' dir='ltr'><strong>Quid</strong></span> 
     </span>
     <span class='ocr_line' id='line_1_78' title="bbox 1029 3697 1858 3774; baseline -0.008 -18"><span class='ocrx_word' id='word_1_506' title='bbox 1029 3717 1147 3774; x_wconf 90' lang='lat' dir='ltr'><strong>quoque</strong></span> <span class='ocrx_word' id='word_1_507' title='bbox 1162 3701 1259 3771; x_wconf 87' lang='lat' dir='ltr'><strong>aptius</strong></span> <span class='ocrx_word' id='word_1_508' title='bbox 1276 3700 1397 3773; x_wconf 86' lang='lat' dir='ltr'><strong>figurari</strong></span> <span class='ocrx_word' id='word_1_509' title='bbox 1414 3700 1539 3754; x_wconf 83' lang='lat' dir='ltr'><strong>dixerim</strong></span> <span class='ocrx_word' id='word_1_510' title='bbox 1561 3714 1614 3769; x_wconf 90' lang='lat' dir='ltr'><strong>per</strong></span> <span class='ocrx_word' id='word_1_511' title='bbox 1628 3697 1710 3751; x_wconf 88' lang='lat' dir='ltr'><strong>itlius</strong></span> <span class='ocrx_word' id='word_1_512' title='bbox 1736 3697 1858 3768; x_wconf 89' lang='lat' dir='ltr'><strong>quietem</strong></span> 
     </span>
     <span class='ocr_line' id='line_1_79' title="bbox 1029 3787 1857 3862; baseline -0.01 -17"><span class='ocrx_word' id='word_1_513' title='bbox 1029 3792 1177 3862; x_wconf 91' lang='lat' dir='ltr'><strong>optimam,</strong></span> <span class='ocrx_word' id='word_1_514' title='bbox 1204 3807 1291 3862; x_wconf 90' lang='lat' dir='ltr'><strong>quum</strong></span> <span class='ocrx_word' id='word_1_515' title='bbox 1313 3789 1554 3861; x_wconf 84' lang='lat' dir='ltr'><strong>tranquillitatem</strong></span> <span class='ocrx_word' id='word_1_516' title='bbox 1576 3787 1695 3856; x_wconf 88' lang='lat' dir='ltr'><strong>mentis,</strong></span> <span class='ocrx_word' id='word_1_517' title='bbox 1713 3790 1744 3842; x_wconf 91' lang='lat' dir='ltr'><strong>et</strong></span> <span class='ocrx_word' id='word_1_518' title='bbox 1762 3799 1857 3856; x_wconf 89' lang='lat' dir='ltr'><strong>pacem</strong></span> 
     </span>
     <span class='ocr_line' id='line_1_80' title="bbox 1026 3874 1857 3949; baseline -0.01 -15"><span class='ocrx_word' id='word_1_519' title='bbox 1026 3880 1191 3935; x_wconf 78' lang='lat' dir='ltr'><strong>internam?</strong></span> <span class='ocrx_word' id='word_1_520' title='bbox 1203 3880 1243 3935; x_wconf 88' lang='lat' dir='ltr'><strong>De</strong></span> <span class='ocrx_word' id='word_1_521' title='bbox 1255 3881 1391 3949; x_wconf 85' lang='lat' dir='ltr'><strong>liacpace</strong></span> <span class='ocrx_word' id='word_1_522' title='bbox 1402 3878 1510 3949; x_wconf 92' lang='lat' dir='ltr'><strong>populo</strong></span> <span class='ocrx_word' id='word_1_523' title='bbox 1519 3893 1578 3931; x_wconf 92' lang='lat' dir='ltr'><strong>non</strong></span> <span class='ocrx_word' id='word_1_524' title='bbox 1590 3877 1619 3931; x_wconf 91' lang='lat' dir='ltr'><strong>in</strong></span> <span class='ocrx_word' id='word_1_525' title='bbox 1628 3877 1676 3930; x_wconf 83' lang='lat' dir='ltr'><strong>uia</strong></span> <span class='ocrx_word' id='word_1_526' title='bbox 1691 3875 1747 3930; x_wconf 89' lang='lat' dir='ltr'><strong>Dei</strong></span> <span class='ocrx_word' id='word_1_527' title='bbox 1766 3874 1857 3929; x_wconf 92' lang='lat' dir='ltr'><strong>ambu-</strong></span> 
     </span>
     <span class='ocr_line' id='line_1_81' title="bbox 1026 3961 1855 4038; baseline -0.007 -16"><span class='ocrx_word' id='word_1_528' title='bbox 1026 3969 1106 4038; x_wconf 90' lang='lat' dir='ltr'><strong>lanti,</strong></span> <span class='ocrx_word' id='word_1_529' title='bbox 1123 3972 1176 4025; x_wconf 90' lang='lat' dir='ltr'><strong>sed</strong></span> <span class='ocrx_word' id='word_1_530' title='bbox 1192 3972 1221 4025; x_wconf 92' lang='lat' dir='ltr'><strong>in</strong></span> <span class='ocrx_word' id='word_1_531' title='bbox 1238 3972 1317 4025; x_wconf 84' lang='lat' dir='ltr'><strong>invio</strong></span> <span class='ocrx_word' id='word_1_532' title='bbox 1333 3968 1442 4024; x_wconf 92' lang='lat' dir='ltr'><strong>diaboli</strong></span> <span class='ocrx_word' id='word_1_533' title='bbox 1467 3967 1576 4023; x_wconf 87' lang='lat' dir='ltr'><strong>erranti</strong></span> <span class='ocrx_word' id='word_1_534' title='bbox 1602 3965 1719 4020; x_wconf 89' lang='lat' dir='ltr'><strong>Barucb</strong></span> <span class='ocrx_word' id='word_1_535' title='bbox 1746 3964 1800 4018; x_wconf 90' lang='lat' dir='ltr'><strong>nit:</strong></span> <span class='ocrx_word' id='word_1_536' title='bbox 1824 3961 1855 4016; x_wconf 91' lang='lat' dir='ltr'><strong>Si</strong></span> 
     </span>
     <span class='ocr_line' id='line_1_82' title="bbox 1024 4054 1853 4128; baseline -0.006 -17"><span class='ocrx_word' id='word_1_537' title='bbox 1024 4058 1055 4112; x_wconf 87' lang='lat' dir='ltr'><strong>iu</strong></span> <span class='ocrx_word' id='word_1_538' title='bbox 1066 4061 1170 4116; x_wconf 82' lang='lat' dir='ltr'><strong>riaDci</strong></span> <span class='ocrx_word' id='word_1_539' title='bbox 1175 4059 1368 4126; x_wconf 80' lang='lat' dir='ltr'><strong>ambulasses,</strong></span> <span class='ocrx_word' id='word_1_540' title='bbox 1374 4057 1649 4128; x_wconf 83' lang='lat' dir='ltr'><strong>liabitassesutique</strong></span> <span class='ocrx_word' id='word_1_541' title='bbox 1655 4054 1688 4108; x_wconf 84' lang='lat' dir='ltr'><strong>in</strong></span> <span class='ocrx_word' id='word_1_542' title='bbox 1691 4065 1853 4126; x_wconf 82' lang='lat' dir='ltr'><strong>pacesupcr</strong></span> 
     </span>
     <span class='ocr_line' id='line_1_83' title="bbox 1026 4144 1850 4224; baseline -0.016 -16"><span class='ocrx_word' id='word_1_543' title='bbox 1026 4151 1346 4224; x_wconf 76' lang='lat' dir='ltr'><strong>terram(llarnclnm).</strong></span> <span class='ocrx_word' id='word_1_544' title='bbox 1363 4147 1470 4203; x_wconf 90' lang='lat' dir='ltr'><strong>Namsi</strong></span> <span class='ocrx_word' id='word_1_545' title='bbox 1486 4144 1718 4216; x_wconf 89' lang='lat' dir='ltr'><strong>parentesprimi</strong></span> <span class='ocrx_word' id='word_1_546' title='bbox 1735 4144 1850 4213; x_wconf 87' lang='lat' dir='ltr'><strong>inpara-</strong></span> 
     </span>
     <span class='ocr_line' id='line_1_84' title="bbox 1023 4232 1846 4318; baseline -0.021 -16"><span class='ocrx_word' id='word_1_547' title='bbox 1023 4247 1275 4318; x_wconf 88' lang='lat' dir='ltr'><strong>disopraeceptum</strong></span> <span class='ocrx_word' id='word_1_548' title='bbox 1283 4238 1431 4296; x_wconf 85' lang='lat' dir='ltr'><strong>Crantoris</strong></span> <span class='ocrx_word' id='word_1_549' title='bbox 1445 4237 1621 4299; x_wconf 84' lang='lat' dir='ltr'><strong>tenuissent,</strong></span> <span class='ocrx_word' id='word_1_550' title='bbox 1631 4235 1662 4287; x_wconf 94' lang='lat' dir='ltr'><strong>in</strong></span> <span class='ocrx_word' id='word_1_551' title='bbox 1674 4232 1846 4288; x_wconf 85' lang='lat' dir='ltr'><strong>habitatione</strong></span> 
     </span>
     <span class='ocr_line' id='line_1_85' title="bbox 1022 4319 1850 4408; baseline -0.021 -17"><span class='ocrx_word' id='word_1_552' title='bbox 1022 4340 1105 4408; x_wconf 88' lang='lat' dir='ltr'><strong>pacis</strong></span> <span class='ocrx_word' id='word_1_553' title='bbox 1125 4336 1191 4408; x_wconf 77' lang='lat' dir='ltr'><strong>ejus</strong></span> <span class='ocrx_word' id='word_1_554' title='bbox 1208 4337 1349 4405; x_wconf 89' lang='lat' dir='ltr'><strong>perpetuo</strong></span> <span class='ocrx_word' id='word_1_555' title='bbox 1373 4329 1568 4402; x_wconf 87' lang='lat' dir='ltr'><strong>quievissent.</strong></span> <span class='ocrx_word' id='word_1_556' title='bbox 1585 4324 1628 4378; x_wconf 90' lang='lat' dir='ltr'><strong>Ita</strong></span> <span class='ocrx_word' id='word_1_557' title='bbox 1643 4324 1673 4378; x_wconf 89' lang='lat' dir='ltr'><strong>et</strong></span> <span class='ocrx_word' id='word_1_558' title='bbox 1697 4338 1777 4377; x_wconf 90' lang='lat' dir='ltr'><strong>nune</strong></span> <span class='ocrx_word' id='word_1_559' title='bbox 1793 4319 1850 4391; x_wconf 78' lang='lat' dir='ltr'><strong>qui·</strong></span> 
     </span>
    </p>
   </div>
   <div class='ocr_carea' id='block_1_14' title="bbox 135 4412 1851 4686">
    <p class='ocr_par' dir='ltr' id='par_1_17' title="bbox 135 4412 1851 4686">
     <span class='ocr_line' id='line_1_86' title="bbox 137 4412 1851 4508; baseline -0.016 -16"><span class='ocrx_word' id='word_1_560' title='bbox 137 4437 216 4492; x_wconf 91' lang='lat' dir='ltr'><strong>enim</strong></span> <span class='ocrx_word' id='word_1_561' title='bbox 233 4436 314 4491; x_wconf 85' lang='lat' dir='ltr'><strong>venit</strong></span> <span class='ocrx_word' id='word_1_562' title='bbox 338 4439 367 4491; x_wconf 89' lang='lat' dir='ltr'><strong>et</strong></span> <span class='ocrx_word' id='word_1_563' title='bbox 389 4435 496 4490; x_wconf 82' lang='lat' dir='ltr'><strong>condat</strong></span> <span class='ocrx_word' id='word_1_564' title='bbox 521 4437 549 4489; x_wconf 89' lang='lat' dir='ltr'><strong>et</strong></span> <span class='ocrx_word' id='word_1_565' title='bbox 562 4436 669 4506; x_wconf 88' lang='lat' dir='ltr'><strong>purgat</strong></span> <span class='ocrx_word' id='word_1_566' title='bbox 692 4433 804 4488; x_wconf 89' lang='lat' dir='ltr'><strong>eleetos</strong></span> <span class='ocrx_word' id='word_1_567' title='bbox 827 4450 900 4488; x_wconf 86' lang='lat' dir='ltr'><strong>suos</strong></span> <span class='ocrx_word' id='word_1_568' title='bbox 916 4445 1010 4508; x_wconf 73' lang='lat' dir='ltr'><strong>perp</strong></span> <span class='ocrx_word' id='word_1_569' title='bbox 1026 4443 1141 4499; x_wconf 92' lang='lat' dir='ltr'><strong>cunque</strong></span> <span class='ocrx_word' id='word_1_570' title='bbox 1157 4425 1293 4479; x_wconf 88' lang='lat' dir='ltr'><strong>mandata</strong></span> <span class='ocrx_word' id='word_1_571' title='bbox 1307 4422 1359 4477; x_wconf 89' lang='lat' dir='ltr'><strong>Dei</strong></span> <span class='ocrx_word' id='word_1_572' title='bbox 1376 4421 1465 4476; x_wconf 89' lang='lat' dir='ltr'><strong>corde</strong></span> <span class='ocrx_word' id='word_1_573' title='bbox 1480 4417 1611 4489; x_wconf 87' lang='lat' dir='ltr'><strong>perfeeto</strong></span> <span class='ocrx_word' id='word_1_574' title='bbox 1631 4412 1851 4476; x_wconf 67' lang='lat' dir='ltr'><strong>custodiuntur</strong></span> 
     </span>
     <span class='ocr_line' id='line_1_87' title="bbox 136 4502 1849 4600; baseline -0.015 -19"><span class='ocrx_word' id='word_1_575' title='bbox 136 4526 370 4581; x_wconf 87' lang='lat' dir='ltr'><strong>misericordiam</strong></span> <span class='ocrx_word' id='word_1_576' title='bbox 385 4525 415 4579; x_wconf 91' lang='lat' dir='ltr'><strong>iu</strong></span> <span class='ocrx_word' id='word_1_577' title='bbox 430 4527 572 4595; x_wconf 88' lang='lat' dir='ltr'><strong>tempore,</strong></span> <span class='ocrx_word' id='word_1_578' title='bbox 589 4523 619 4577; x_wconf 91' lang='lat' dir='ltr'><strong>in</strong></span> <span class='ocrx_word' id='word_1_579' title='bbox 640 4522 697 4577; x_wconf 81' lang='lat' dir='ltr'><strong>fine</strong></span> <span class='ocrx_word' id='word_1_580' title='bbox 712 4510 854 4593; x_wconf 87' lang='lat' dir='ltr'><strong>temporis</strong></span> <span class='ocrx_word' id='word_1_581' title='bbox 869 4524 969 4580; x_wconf 87' lang='lat' dir='ltr'><strong>veniet</strong></span> <span class='ocrx_word' id='word_1_582' title='bbox 1026 4519 1109 4590; x_wconf 90' lang='lat' dir='ltr'><strong>pacis</strong></span> <span class='ocrx_word' id='word_1_583' title='bbox 1118 4517 1228 4573; x_wconf 88' lang='lat' dir='ltr'><strong>intimae</strong></span> <span class='ocrx_word' id='word_1_584' title='bbox 1239 4514 1397 4570; x_wconf 88' lang='lat' dir='ltr'><strong>securitate</strong></span> <span class='ocrx_word' id='word_1_585' title='bbox 1409 4510 1552 4566; x_wconf 89' lang='lat' dir='ltr'><strong>malorum</strong></span> <span class='ocrx_word' id='word_1_586' title='bbox 1563 4507 1669 4562; x_wconf 89' lang='lat' dir='ltr'><strong>timore</strong></span> <span class='ocrx_word' id='word_1_587' title='bbox 1678 4502 1796 4559; x_wconf 88' lang='lat' dir='ltr'><strong>sublato</strong></span> <span class='ocrx_word' id='word_1_588' title='bbox 1810 4513 1849 4600; x_wconf 81' lang='lat' dir='ltr'><strong>re·</strong></span> 
     </span>
     <span class='ocr_line' id='line_1_88' title="bbox 135 4596 1849 4686; baseline -0.015 -16"><span class='ocrx_word' id='word_1_589' title='bbox 135 4618 164 4670; x_wconf 90' lang='lat' dir='ltr'><strong>et</strong></span> <span class='ocrx_word' id='word_1_590' title='bbox 179 4615 317 4672; x_wconf 88' lang='lat' dir='ltr'><strong>conflabit</strong></span> <span class='ocrx_word' id='word_1_591' title='bbox 340 4615 439 4670; x_wconf 89' lang='lat' dir='ltr'><strong>minus</strong></span> <span class='ocrx_word' id='word_1_592' title='bbox 462 4617 604 4686; x_wconf 88' lang='lat' dir='ltr'><strong>purgatos</strong></span> <span class='ocrx_word' id='word_1_593' title='bbox 621 4628 675 4683; x_wconf 86' lang='lat' dir='ltr'><strong>per</strong></span> <span class='ocrx_word' id='word_1_594' title='bbox 695 4611 852 4683; x_wconf 79' lang='lat' dir='ltr'><strong>judicium.</strong></span> <span class='ocrx_word' id='word_1_595' title='bbox 880 4613 964 4668; x_wconf 85' lang='lat' dir='ltr'><strong>Unde</strong></span> <span class='ocrx_word' id='word_1_596' title='bbox 1025 4609 1192 4681; x_wconf 89' lang='lat' dir='ltr'><strong>quieseunt.</strong></span> <span class='ocrx_word' id='word_1_597' title='bbox 1209 4605 1275 4660; x_wconf 93' lang='lat' dir='ltr'><strong>Non</strong></span> <span class='ocrx_word' id='word_1_598' title='bbox 1291 4604 1389 4659; x_wconf 89' lang='lat' dir='ltr'><strong>solum</strong></span> <span class='ocrx_word' id='word_1_599' title='bbox 1408 4604 1504 4655; x_wconf 90' lang='lat' dir='ltr'><strong>autem</strong></span> <span class='ocrx_word' id='word_1_600' title='bbox 1528 4596 1687 4668; x_wconf 90' lang='lat' dir='ltr'><strong>paradisus</strong></span> <span class='ocrx_word' id='word_1_601' title='bbox 1703 4596 1849 4649; x_wconf 80' lang='lat' dir='ltr'><strong>terrestris</strong></span> 
     </span>
    </p>
   </div>
   <div class='ocr_carea' id='block_1_15' title="bbox 128 4701 969 5490">
    <p class='ocr_par' dir='ltr' id='par_1_18' title="bbox 128 4701 969 5490">
     <span class='ocr_line' id='line_1_89' title="bbox 134 4701 969 4777; baseline -0.002 -17"><span class='ocrx_word' id='word_1_602' title='bbox 134 4706 349 4777; x_wconf 82' lang='lat' dir='ltr'><strong>scriptumest:</strong></span> <span class='ocrx_word' id='word_1_603' title='bbox 367 4703 610 4760; x_wconf 84' lang='lat' dir='ltr'><strong>Misericordiam</strong></span> <span class='ocrx_word' id='word_1_604' title='bbox 627 4709 657 4757; x_wconf 86' lang='lat' dir='ltr'><strong>et</strong></span> <span class='ocrx_word' id='word_1_605' title='bbox 672 4701 819 4773; x_wconf 76' lang='lat' dir='ltr'><strong>judicium</strong></span> <span class='ocrx_word' id='word_1_606' title='bbox 844 4702 969 4758; x_wconf 88' lang='lat' dir='ltr'><strong>cantabo</strong></span> 
     </span>
     <span class='ocr_line' id='line_1_90' title="bbox 135 4789 968 4866; baseline -0.004 -18"><span class='ocrx_word' id='word_1_607' title='bbox 135 4794 202 4863; x_wconf 83' lang='lat' dir='ltr'><strong>tibi,</strong></span> <span class='ocrx_word' id='word_1_608' title='bbox 210 4792 433 4866; x_wconf 74' lang='lat' dir='ltr'><strong>Dominetl&#39;sal.</strong></span> <span class='ocrx_word' id='word_1_609' title='bbox 445 4792 488 4863; x_wconf 71' lang='lat' dir='ltr'><strong>ct:</strong></span> <span class='ocrx_word' id='word_1_610' title='bbox 505 4808 584 4847; x_wconf 90' lang='lat' dir='ltr'><strong>nunc</strong></span> <span class='ocrx_word' id='word_1_611' title='bbox 593 4789 837 4860; x_wconf 90' lang='lat' dir='ltr'><strong>misericordiam,</strong></span> <span class='ocrx_word' id='word_1_612' title='bbox 845 4790 968 4861; x_wconf 83' lang='lat' dir='ltr'><strong>tuncja-</strong></span> 
     </span>
     <span class='ocr_line' id='line_1_91' title="bbox 133 4879 967 4952; baseline -0.004 -16"><span class='ocrx_word' id='word_1_613' title='bbox 133 4881 253 4937; x_wconf 88' lang='lat' dir='ltr'><strong>dicium.</strong></span> <span class='ocrx_word' id='word_1_614' title='bbox 270 4883 345 4937; x_wconf 90' lang='lat' dir='ltr'><strong>Nam</strong></span> <span class='ocrx_word' id='word_1_615' title='bbox 360 4883 445 4938; x_wconf 89' lang='lat' dir='ltr'><strong>electi</strong></span> <span class='ocrx_word' id='word_1_616' title='bbox 460 4881 625 4952; x_wconf 80' lang='lat' dir='ltr'><strong>imperfecti</strong></span> <span class='ocrx_word' id='word_1_617' title='bbox 641 4880 741 4946; x_wconf 84' lang='lat' dir='ltr'><strong>minus</strong></span> <span class='ocrx_word' id='word_1_618' title='bbox 766 4879 884 4951; x_wconf 88' lang='lat' dir='ltr'><strong>purgati</strong></span> <span class='ocrx_word' id='word_1_619' title='bbox 901 4883 967 4934; x_wconf 91' lang='lat' dir='ltr'><strong>ante</strong></span> 
     </span>
     <span class='ocr_line' id='line_1_92' title="bbox 130 4967 962 5044; baseline -0.005 -18"><span class='ocrx_word' id='word_1_620' title='bbox 130 4970 287 5043; x_wconf 81' lang='lat' dir='ltr'><strong>judicium,</strong></span> <span class='ocrx_word' id='word_1_621' title='bbox 304 4972 335 5026; x_wconf 91' lang='lat' dir='ltr'><strong>in</strong></span> <span class='ocrx_word' id='word_1_622' title='bbox 354 4972 468 5044; x_wconf 80' lang='lat' dir='ltr'><strong>judicio</strong></span> <span class='ocrx_word' id='word_1_623' title='bbox 491 4971 622 5042; x_wconf 78' lang='lat' dir='ltr'><strong>perfecte</strong></span> <span class='ocrx_word' id='word_1_624' title='bbox 644 4967 860 5040; x_wconf 87' lang='lat' dir='ltr'><strong>purgabuntur.</strong></span> <span class='ocrx_word' id='word_1_625' title='bbox 887 4968 962 5023; x_wconf 83' lang='lat' dir='ltr'><strong>ilinc</strong></span> 
     </span>
     <span class='ocr_line' id='line_1_93' title="bbox 132 5059 965 5132; baseline -0.004 -16"><span class='ocrx_word' id='word_1_626' title='bbox 132 5060 295 5132; x_wconf 84' lang='lat' dir='ltr'><strong>Apostolus</strong></span> <span class='ocrx_word' id='word_1_627' title='bbox 304 5061 352 5115; x_wconf 88' lang='lat' dir='ltr'><strong>ait:</strong></span> <span class='ocrx_word' id='word_1_628' title='bbox 362 5059 965 5129; x_wconf 86' lang='lat' dir='ltr'><strong>Fundamentumalindnemopotestponc·</strong></span> 
     </span>
     <span class='ocr_line' id='line_1_94' title="bbox 131 5146 965 5223; baseline -0.005 -17"><span class='ocrx_word' id='word_1_629' title='bbox 131 5167 168 5206; x_wconf 90' lang='lat' dir='ltr'><strong>re</strong></span> <span class='ocrx_word' id='word_1_630' title='bbox 188 5156 303 5222; x_wconf 70' lang='lat' dir='ltr'><strong>praeter</strong></span> <span class='ocrx_word' id='word_1_631' title='bbox 325 5150 357 5205; x_wconf 93' lang='lat' dir='ltr'><strong>id</strong></span> <span class='ocrx_word' id='word_1_632' title='bbox 371 5166 425 5223; x_wconf 91' lang='lat' dir='ltr'><strong>qao</strong></span> <span class='ocrx_word' id='word_1_633' title='bbox 435 5151 563 5222; x_wconf 90' lang='lat' dir='ltr'><strong>positum</strong></span> <span class='ocrx_word' id='word_1_634' title='bbox 580 5154 625 5205; x_wconf 89' lang='lat' dir='ltr'><strong>est</strong></span> <span class='ocrx_word' id='word_1_635' title='bbox 641 5148 669 5217; x_wconf 84' lang='grc' dir='ltr'><strong>(Ι</strong></span> <span class='ocrx_word' id='word_1_636' title='bbox 688 5149 755 5203; x_wconf 88' lang='lat' dir='ltr'><strong>Cor.</strong></span> <span class='ocrx_word' id='word_1_637' title='bbox 768 5147 820 5218; x_wconf 86' lang='grc' dir='ltr'>ιιι).</span> <span class='ocrx_word' id='word_1_638' title='bbox 841 5146 877 5201; x_wconf 88' lang='lat' dir='ltr'><strong>Si</strong></span> <span class='ocrx_word' id='word_1_639' title='bbox 899 5149 965 5220; x_wconf 88' lang='lat' dir='ltr'><strong>quis</strong></span> 
     </span>
     <span class='ocr_line' id='line_1_95' title="bbox 131 5238 967 5312; baseline -0.007 -17"><span class='ocrx_word' id='word_1_640' title='bbox 131 5238 967 5312; x_wconf 80' lang='lat' dir='ltr'><strong>autemsuperaedidcatsnper,lrocfundamentnrn,aarum</strong></span> 
     </span>
     <span class='ocr_line' id='line_1_96' title="bbox 131 5326 964 5403; baseline -0.007 -18"><span class='ocrx_word' id='word_1_641' title='bbox 131 5326 964 5403; x_wconf 78' lang='lat' dir='ltr'><strong>etargentum,lapidespretiosos,utvideticetcogitetca</strong></span> 
     </span>
     <span class='ocr_line' id='line_1_97' title="bbox 128 5414 964 5490; baseline -0.007 -16"><span class='ocrx_word' id='word_1_642' title='bbox 128 5422 241 5474; x_wconf 89' lang='lat' dir='ltr'><strong>tautum</strong></span> <span class='ocrx_word' id='word_1_643' title='bbox 256 5435 323 5490; x_wconf 91' lang='lat' dir='ltr'><strong>quae</strong></span> <span class='ocrx_word' id='word_1_644' title='bbox 339 5418 393 5473; x_wconf 90' lang='lat' dir='ltr'><strong>Dei</strong></span> <span class='ocrx_word' id='word_1_645' title='bbox 415 5420 493 5481; x_wconf 89' lang='lat' dir='ltr'><strong>sunt,</strong></span> <span class='ocrx_word' id='word_1_646' title='bbox 518 5417 596 5471; x_wconf 88' lang='lat' dir='ltr'><strong>sicut</strong></span> <span class='ocrx_word' id='word_1_647' title='bbox 620 5416 730 5470; x_wconf 89' lang='lat' dir='ltr'><strong>faciunt</strong></span> <span class='ocrx_word' id='word_1_648' title='bbox 755 5414 888 5486; x_wconf 89' lang='lat' dir='ltr'><strong>perfecti,</strong></span> <span class='ocrx_word' id='word_1_649' title='bbox 914 5417 964 5468; x_wconf 92' lang='lat' dir='ltr'><strong>aut</strong></span> 
     </span>
    </p>
   </div>
   <div class='ocr_carea' id='block_1_16' title="bbox 1017 4683 1850 5481">
    <p class='ocr_par' dir='ltr' id='par_1_19' title="bbox 1017 4683 1850 5481">
     <span class='ocr_line' id='line_1_98' title="bbox 1022 4683 1850 4767; baseline -0.025 -12"><span class='ocrx_word' id='word_1_650' title='bbox 1022 4716 1077 4755; x_wconf 85' lang='lat' dir='ltr'><strong>sua</strong></span> <span class='ocrx_word' id='word_1_651' title='bbox 1092 4697 1255 4767; x_wconf 83' lang='lat' dir='ltr'><strong>uoluptate,</strong></span> <span class='ocrx_word' id='word_1_652' title='bbox 1272 4692 1440 4760; x_wconf 87' lang='lat' dir='ltr'><strong>securitate,</strong></span> <span class='ocrx_word' id='word_1_653' title='bbox 1456 4703 1539 4760; x_wconf 89' lang='lat' dir='ltr'><strong>pace,</strong></span> <span class='ocrx_word' id='word_1_654' title='bbox 1555 4684 1651 4759; x_wconf 87' lang='lat' dir='ltr'><strong>gloria</strong></span> <span class='ocrx_word' id='word_1_655' title='bbox 1662 4726 1669 4753; x_wconf 97' lang='lat'><strong>,</strong></span> <span class='ocrx_word' id='word_1_656' title='bbox 1680 4683 1769 4740; x_wconf 87' lang='lat' dir='ltr'><strong>bonae</strong></span> <span class='ocrx_word' id='word_1_657' title='bbox 1786 4696 1850 4737; x_wconf 91' lang='lat' dir='ltr'><strong>con-</strong></span> 
     </span>
     <span class='ocr_line' id='line_1_99' title="bbox 1021 4773 1849 4855; baseline -0.023 -11"><span class='ocrx_word' id='word_1_658' title='bbox 1021 4788 1156 4845; x_wconf 80' lang='lat' dir='ltr'><strong>scientiae</strong></span> <span class='ocrx_word' id='word_1_659' title='bbox 1172 4789 1283 4841; x_wconf 84' lang='lat' dir='ltr'><strong>nostrae</strong></span> <span class='ocrx_word' id='word_1_660' title='bbox 1302 4781 1445 4855; x_wconf 89' lang='lat' dir='ltr'><strong>spiritalia</strong></span> <span class='ocrx_word' id='word_1_661' title='bbox 1456 4775 1703 4848; x_wconf 81' lang='lat' dir='ltr'><strong>bouasignifieat,</strong></span> <span class='ocrx_word' id='word_1_662' title='bbox 1713 4773 1849 4829; x_wconf 80' lang='lat' dir='ltr'><strong>uerumet</strong></span> 
     </span>
     <span class='ocr_line' id='line_1_100' title="bbox 1021 4860 1849 4945; baseline -0.028 -11"><span class='ocrx_word' id='word_1_663' title='bbox 1021 4878 1112 4934; x_wconf 91' lang='lat' dir='ltr'><strong>fontis</strong></span> <span class='ocrx_word' id='word_1_664' title='bbox 1127 4877 1185 4945; x_wconf 90' lang='lat' dir='ltr'><strong>sui,</strong></span> <span class='ocrx_word' id='word_1_665' title='bbox 1201 4876 1416 4942; x_wconf 78' lang='lat' dir='ltr'><strong>fluviorumque</strong></span> <span class='ocrx_word' id='word_1_666' title='bbox 1441 4866 1615 4932; x_wconf 87' lang='lat' dir='ltr'><strong>manatione,</strong></span> <span class='ocrx_word' id='word_1_667' title='bbox 1639 4867 1730 4935; x_wconf 85' lang='lat' dir='ltr'><strong>atque</strong></span> <span class='ocrx_word' id='word_1_668' title='bbox 1754 4860 1849 4917; x_wconf 89' lang='lat' dir='ltr'><strong>natati-</strong></span> 
     </span>
     <span class='ocr_line' id='line_1_101' title="bbox 1020 4950 1847 5037; baseline -0.027 -15"><span class='ocrx_word' id='word_1_669' title='bbox 1020 4968 1102 5037; x_wconf 91' lang='lat' dir='ltr'><strong>lium,</strong></span> <span class='ocrx_word' id='word_1_670' title='bbox 1115 4957 1544 5033; x_wconf 87' lang='lat' dir='ltr'><strong>ambulatitium,etvolatilium</strong></span> <span class='ocrx_word' id='word_1_671' title='bbox 1562 4954 1597 5008; x_wconf 91' lang='lat' dir='ltr'><strong>nd</strong></span> <span class='ocrx_word' id='word_1_672' title='bbox 1608 4953 1665 5008; x_wconf 91' lang='lat' dir='ltr'><strong>alta</strong></span> <span class='ocrx_word' id='word_1_673' title='bbox 1681 4950 1847 5015; x_wconf 82' lang='lat' dir='ltr'><strong>volantium,</strong></span> 
     </span>
     <span class='ocr_line' id='line_1_102' title="bbox 1020 5040 1848 5113; baseline -0.024 -1"><span class='ocrx_word' id='word_1_674' title='bbox 1020 5071 1112 5112; x_wconf 85' lang='lat' dir='ltr'><strong>suave</strong></span> <span class='ocrx_word' id='word_1_675' title='bbox 1129 5054 1295 5109; x_wconf 89' lang='lat' dir='ltr'><strong>canentium</strong></span> <span class='ocrx_word' id='word_1_676' title='bbox 1310 5047 1505 5113; x_wconf 85' lang='lat' dir='ltr'><strong>multitudine,</strong></span> <span class='ocrx_word' id='word_1_677' title='bbox 1521 5061 1555 5098; x_wconf 91' lang='lat' dir='ltr'><strong>ac</strong></span> <span class='ocrx_word' id='word_1_678' title='bbox 1569 5043 1759 5098; x_wconf 84' lang='lat' dir='ltr'><strong>diversarum</strong></span> <span class='ocrx_word' id='word_1_679' title='bbox 1769 5040 1848 5094; x_wconf 88' lang='lat' dir='ltr'><strong>arbe-</strong></span> 
     </span>
     <span class='ocr_line' id='line_1_103' title="bbox 1018 5130 1848 5212; baseline -0.023 -12"><span class='ocrx_word' id='word_1_680' title='bbox 1018 5130 1848 5212; x_wconf 82' lang='lat' dir='ltr'><strong>rummultipticifructificatione,cmniumquoquettorum</strong></span> 
     </span>
     <span class='ocr_line' id='line_1_104' title="bbox 1017 5218 1846 5301; baseline -0.027 -13"><span class='ocrx_word' id='word_1_681' title='bbox 1017 5234 1203 5290; x_wconf 88' lang='lat' dir='ltr'><strong>vernantium</strong></span> <span class='ocrx_word' id='word_1_682' title='bbox 1214 5227 1432 5301; x_wconf 88' lang='lat' dir='ltr'><strong>pulchritudine</strong></span> <span class='ocrx_word' id='word_1_683' title='bbox 1447 5222 1658 5279; x_wconf 86' lang='lat' dir='ltr'><strong>convenienter</strong></span> <span class='ocrx_word' id='word_1_684' title='bbox 1668 5219 1718 5273; x_wconf 87' lang='lat' dir='ltr'><strong>itia</strong></span> <span class='ocrx_word' id='word_1_685' title='bbox 1735 5218 1846 5291; x_wconf 83' lang='lat' dir='ltr'><strong>figurat.</strong></span> 
     </span>
     <span class='ocr_line' id='line_1_105' title="bbox 1018 5305 1847 5395; baseline -0.023 -17"><span class='ocrx_word' id='word_1_686' title='bbox 1018 5323 1172 5395; x_wconf 81' lang='lat' dir='ltr'><strong>Significat</strong></span> <span class='ocrx_word' id='word_1_687' title='bbox 1180 5320 1259 5374; x_wconf 91' lang='lat' dir='ltr'><strong>enim</strong></span> <span class='ocrx_word' id='word_1_688' title='bbox 1270 5319 1300 5372; x_wconf 91' lang='lat' dir='ltr'><strong>in</strong></span> <span class='ocrx_word' id='word_1_689' title='bbox 1310 5316 1398 5372; x_wconf 87' lang='lat' dir='ltr'><strong>nobis</strong></span> <span class='ocrx_word' id='word_1_690' title='bbox 1406 5315 1473 5369; x_wconf 90' lang='lat' dir='ltr'><strong>faus</strong></span> <span class='ocrx_word' id='word_1_691' title='bbox 1485 5309 1613 5383; x_wconf 91' lang='lat' dir='ltr'><strong>paradisi</strong></span> <span class='ocrx_word' id='word_1_692' title='bbox 1623 5309 1753 5382; x_wconf 87' lang='lat' dir='ltr'><strong>gratiam</strong></span> <span class='ocrx_word' id='word_1_693' title='bbox 1762 5305 1847 5378; x_wconf 85' lang='lat' dir='ltr'><strong>spiri·</strong></span> 
     </span>
     <span class='ocr_line' id='line_1_106' title="bbox 1019 5397 1847 5481; baseline -0.023 -13"><span class='ocrx_word' id='word_1_694' title='bbox 1019 5413 1137 5480; x_wconf 87' lang='lat' dir='ltr'><strong>tantem,</strong></span> <span class='ocrx_word' id='word_1_695' title='bbox 1154 5412 1280 5481; x_wconf 88' lang='lat' dir='ltr'><strong>quatuor</strong></span> <span class='ocrx_word' id='word_1_696' title='bbox 1295 5405 1414 5461; x_wconf 85' lang='lat' dir='ltr'><strong>flumina</strong></span> <span class='ocrx_word' id='word_1_697' title='bbox 1429 5406 1553 5474; x_wconf 85' lang='lat' dir='ltr'><strong>quatuor</strong></span> <span class='ocrx_word' id='word_1_698' title='bbox 1568 5398 1779 5470; x_wconf 88' lang='lat' dir='ltr'><strong>principalium</strong></span> <span class='ocrx_word' id='word_1_699' title='bbox 1793 5397 1847 5449; x_wconf 74' lang='lat' dir='ltr'><strong>rir-</strong></span> 
     </span>
    </p>
   </div>
   <div class='ocr_carea' id='block_1_17' title="bbox 121 5484 1846 5755">
    <p class='ocr_par' dir='ltr' id='par_1_20' title="bbox 121 5484 1846 5755">
     <span class='ocr_line' id='line_1_107' title="bbox 126 5484 1846 5580; baseline -0.012 -17"><span class='ocrx_word' id='word_1_700' title='bbox 126 5507 250 5580; x_wconf 76' lang='lat' dir='ltr'><strong>lignum,</strong></span> <span class='ocrx_word' id='word_1_701' title='bbox 267 5508 377 5574; x_wconf 85' lang='lat' dir='ltr'><strong>fenum,</strong></span> <span class='ocrx_word' id='word_1_702' title='bbox 394 5505 542 5576; x_wconf 90' lang='lat' dir='ltr'><strong>stipulam,</strong></span> <span class='ocrx_word' id='word_1_703' title='bbox 560 5505 629 5559; x_wconf 90' lang='lat' dir='ltr'><strong>dum</strong></span> <span class='ocrx_word' id='word_1_704' title='bbox 654 5503 769 5559; x_wconf 80' lang='lat' dir='ltr'><strong>divisus</strong></span> <span class='ocrx_word' id='word_1_705' title='bbox 793 5504 902 5575; x_wconf 88' lang='lat' dir='ltr'><strong>cogitat</strong></span> <span class='ocrx_word' id='word_1_706' title='bbox 927 5519 961 5557; x_wconf 88' lang='lat' dir='ltr'><strong>ea</strong></span> <span class='ocrx_word' id='word_1_707' title='bbox 1020 5504 1114 5557; x_wconf 90' lang='lat' dir='ltr'><strong>tutum</strong></span> <span class='ocrx_word' id='word_1_708' title='bbox 1130 5497 1368 5556; x_wconf 83' lang='lat' dir='ltr'><strong>exercitationem</strong></span> <span class='ocrx_word' id='word_1_709' title='bbox 1380 5509 1389 5563; x_wconf 79' lang='lat'>3</span> <span class='ocrx_word' id='word_1_710' title='bbox 1403 5491 1541 5558; x_wconf 88' lang='lat' dir='ltr'><strong>natatilia,</strong></span> <span class='ocrx_word' id='word_1_711' title='bbox 1558 5504 1594 5544; x_wconf 89' lang='lat' dir='ltr'><strong>eo</strong></span> <span class='ocrx_word' id='word_1_712' title='bbox 1609 5487 1689 5559; x_wconf 90' lang='lat' dir='ltr'><strong>qued</strong></span> <span class='ocrx_word' id='word_1_713' title='bbox 1704 5487 1805 5557; x_wconf 85' lang='lat' dir='ltr'><strong>pisces</strong></span> <span class='ocrx_word' id='word_1_714' title='bbox 1821 5484 1846 5537; x_wconf 84' lang='lat' dir='ltr'><strong>in</strong></span> 
     </span>
     <span class='ocr_line' id='line_1_108' title="bbox 127 5576 1845 5675; baseline -0.012 -24"><span class='ocrx_word' id='word_1_715' title='bbox 127 5613 195 5666; x_wconf 77' lang='lat' dir='ltr'><strong>quae</strong></span> <span class='ocrx_word' id='word_1_716' title='bbox 211 5599 279 5650; x_wconf 91' lang='lat' dir='ltr'><strong>sunt</strong></span> <span class='ocrx_word' id='word_1_717' title='bbox 300 5595 411 5665; x_wconf 90' lang='lat' dir='ltr'><strong>mundi,</strong></span> <span class='ocrx_word' id='word_1_718' title='bbox 437 5594 547 5665; x_wconf 89' lang='lat' dir='ltr'><strong>quibus</strong></span> <span class='ocrx_word' id='word_1_719' title='bbox 572 5593 637 5647; x_wconf 88' lang='lat' dir='ltr'><strong>sine</strong></span> <span class='ocrx_word' id='word_1_720' title='bbox 656 5592 758 5647; x_wconf 87' lang='lat' dir='ltr'><strong>dolore</strong></span> <span class='ocrx_word' id='word_1_721' title='bbox 783 5609 884 5648; x_wconf 88' lang='lat' dir='ltr'><strong>curere</strong></span> <span class='ocrx_word' id='word_1_722' title='bbox 899 5607 959 5646; x_wconf 90' lang='lat' dir='ltr'><strong>non</strong></span> <span class='ocrx_word' id='word_1_723' title='bbox 1019 5577 1687 5663; x_wconf 83' lang='lat' dir='ltr'><strong>aquishineindefluctibusquassatinatando</strong></span> <span class='ocrx_word' id='word_1_724' title='bbox 1704 5576 1845 5675; x_wconf 76' lang='lat' dir='ltr'><strong>laborant,</strong></span> 
     </span>
     <span class='ocr_line' id='line_1_109' title="bbox 121 5664 1845 5755; baseline -0.012 -18"><span class='ocrx_word' id='word_1_725' title='bbox 121 5686 230 5753; x_wconf 82' lang='lat' dir='ltr'><strong>petest,</strong></span> <span class='ocrx_word' id='word_1_726' title='bbox 248 5687 281 5740; x_wconf 89' lang='lat' dir='ltr'><strong>ut</strong></span> <span class='ocrx_word' id='word_1_727' title='bbox 294 5684 405 5741; x_wconf 86' lang='lat' dir='ltr'><strong>faciunt</strong></span> <span class='ocrx_word' id='word_1_728' title='bbox 420 5682 593 5754; x_wconf 88' lang='lat' dir='ltr'><strong>imperfecti,</strong></span> <span class='ocrx_word' id='word_1_729' title='bbox 605 5683 802 5755; x_wconf 87' lang='lat' dir='ltr'><strong>uuusquisque</strong></span> <span class='ocrx_word' id='word_1_730' title='bbox 817 5697 959 5753; x_wconf 86' lang='lat' dir='ltr'><strong>opusma·</strong></span> <span class='ocrx_word' id='word_1_731' title='bbox 1013 5680 1194 5735; x_wconf 87' lang='lat' dir='ltr'><strong>laboriosam</strong></span> <span class='ocrx_word' id='word_1_732' title='bbox 1211 5675 1280 5730; x_wconf 91' lang='lat' dir='ltr'><strong>boni</strong></span> <span class='ocrx_word' id='word_1_733' title='bbox 1296 5672 1395 5745; x_wconf 89' lang='lat' dir='ltr'><strong>operis</strong></span> <span class='ocrx_word' id='word_1_734' title='bbox 1412 5669 1640 5737; x_wconf 61' lang='lat' dir='ltr'><strong>exhibitionem</strong></span> <span class='ocrx_word' id='word_1_735' title='bbox 1655 5664 1845 5722; x_wconf 81' lang='lat' dir='ltr'><strong>ambulatilia·</strong></span> 
     </span>
    </p>
   </div>
   <div class='ocr_carea' id='block_1_18' title="bbox 0 0 1902 6022">
    <p class='ocr_par' dir='ltr' id='par_1_21' title="bbox 0 0 1902 6022">
     <span class='ocr_line' id='line_1_110' title="bbox 0 0 1902 6022; baseline 0 0"><span class='ocrx_word' id='word_1_736' title='bbox 0 0 1902 6022; x_wconf 95' lang='lat' dir='ltr'><strong> </strong></span> 
     </span>
    </p>
   </div>
  </div>
 </body>
</html>
