3796 6022
80 270 143 333 755.

487 271 708 336 APPENDIX
722 269 780 333 ho
796 268 987 335 HUGONIS
1002 267 1147 333 OPERA
1161 269 1423 335 DOGMATICA.

1758 272 1814 337 ⁷56

81 476 287 534 misericordia
295 475 406 547 proprii
416 475 529 530 arbitrii
538 474 922 545 sepultavoluntateindivi·
936 454 966 515 Α
981 472 1058 527 inter
1071 488 1127 528 nos
1143 475 1171 527 et
1185 473 1356 542 paradisum
1366 475 1471 545 positae
1482 477 1561 544 sunt,
1572 477 1604 531 ut
1620 490 1679 530 non
1695 474 1754 529 nisi
1764 490 1813 546 per

70 569 141 623 ‘tias
162 568 266 640 gloriae
284 567 314 620 in
330 566 435 636 spiritu
446 565 562 619 ardoris
574 565 736 634 rapiuntur.
752 565 860 620 Beatus
871 566 922 637 qui

84 659 116 713 in
136 657 274 713 omnibus
296 655 344 709 his
360 655 503 726 gradibus
519 654 612 708 Deum
628 655 737 712 ducem
748 654 846 724 habet,
869 655 919 725 qui

85 751 129 803 ast
144 748 214 815 vita,
230 744 343 798 veritos
354 751 382 797 et
395 745 441 797 via
455 744 545 804 tdoau.
557 746 627 806 xiv).
638 744 691 798 Via
702 744 731 798 in
742 745 920 814 exemplum,

84 835 196 889 veritas
213 833 243 886 in
258 832 418 902 promisse,
436 830 538 886 vitain
554 833 687 902 praemio.

85 921 920 994 T1r.Vl.DetribusmontibusiuquosescenditDominus.

121 1011 195 1065 Tres
211 1012 280 1065 sunt
300 1013 414 1065 montes
431 1012 461 1064 in
472 1027 548 1082 quos
564 1011 698 1066 ascendit
714 1011 867 1066 Dominus.
885 1010 918 1065 ln

50 1153 56 1163 Χ
86 1100 417 1173 primotranslrguratus
426 1102 481 1169 est,
492 1102 521 1154 et
531 1101 647 1154 videtur
655 1100 924 1172 gloriaejuslnse·

87 1190 215 1244 cundum
227 1189 361 1243 ascendit
376 1189 493 1243 docere.
510 1189 542 1243 ln
557 1190 675 1243 tertium
689 1190 823 1244 ascendit
838 1189 922 1244 solus

88 1294 183 1334 orare.
195 1279 400 1333 ascendamus
411 1295 485 1350 ergo
497 1279 658 1348 inprimum
665 1280 701 1333 ad
710 1295 787 1349 eum,
798 1278 924 1333 forman·

87 1371 133 1422 tes
142 1367 690 1437 incordibusnostrispatriarcharum,
701 1369 921 1439 prophetarum,

88 1456 300 1529 apostolorum,
320 1459 490 1526 martyrum,
508 1457 715 1512 confessorum
731 1460 759 1511 et
775 1458 923 1529 virginum

88 1545 268 1615 multiplices
284 1546 466 1615 mansiones,
478 1548 509 1601 ut
518 1548 636 1618 cognita
651 1547 806 1601 dulcedine
818 1547 923 1601 domus

90 1635 144 1689 Dei
158 1637 186 1689 et
200 1635 295 1706 gloria
309 1634 376 1706 ejus
388 1635 521 1690 dicamus
535 1652 541 1690 ε
560 1636 671 1690 Bonum
683 1642 729 1690 est
740 1636 925 1691 nosliicessc

90 1722 209 1795 (Mattlr.
223 1724 303 1784 xvir).
316 1723 469 1793 Eligentes
481 1728 577 1779 autem
588 1724 647 1779 illic
663 1740 732 1780 esse
750 1728 780 1779 ut
795 1725 872 1778 viam
884 1725 926 1778 di·

22 1846 23 1851 1
95 1828 225 1883 scamus,
237 1812 434 1867 ascendamus
450 1814 538 1867 alium
549 1818 677 1869 montem
687 1816 717 1869 in
728 1831 786 1886 quo
798 1815 883 1869 docet
899 1815 927 1868 ct

981 562 1047 617 illas
1063 578 1119 617 nos
1133 563 1242 617 intrare
1258 579 1348 634 posse
1365 565 1506 619 sciamus.

1069 652 1131 706 Tra.
1148 652 1200 706 IX.
1217 653 1261 706 De
1277 652 1390 725 triplici
1405 658 1485 708 statu
1499 653 1599 709 fidelis
1610 656 1727 709 artiore.

1016 740 1091 795 Tres
1112 744 1181 795 sunt
1201 744 1296 796 status
1320 743 1416 797 tidelis
1442 743 1557 797 animae.
1582 743 1643 798 Sub
1659 744 1756 814 primo
1771 747 1812 799 est

981 829 1105 900 captiva,
1116 830 1172 884 sub
1182 831 1314 886 secundo
1323 835 1371 885 est
1380 832 1483 901 libera,
1496 832 1553 886 sub
1564 833 1651 887 tertio
1662 836 1711 887 est
1721 833 1811 887 beata.

981 917 1101 988 Captiva
1124 920 1266 975 servitute
1290 922 1403 990 peccati
1428 921 1621 991 opprimitur;
1648 921 1743 976 libera
1760 921 1811 975 sub

981 1007 1056 1063 duce
1077 1008 1193 1080 justitia
1212 1009 1377 1080 praeliatur,
1400 1011 1485 1065 beata
1500 1010 1695 1081 perfruitione
1716 1010 1811 1082 gaudii

980 1097 1106 1152 laetatur.
1118 1098 1248 1168 Coptivae
1256 1099 1364 1153 dicitur
1374 1115 1379 1154 :
1389 1099 1569 1168 Revertere,
1582 1104 1756 1170 revertere,
1767 1099 1814 1154 Su·

982 1187 1815 1261 humitis,utdeceptivaefficiarisliberatcaut.vr).Liho

981 1291 1023 1330 ree
1040 1276 1162 1331 dicitur:
1180 1276 1317 1332 Viriliter
1328 1293 1383 1349 ape
1396 1283 1426 1332 et
1435 1277 1622 1332 confortetur
1630 1293 1683 1332 cor
1694 1282 1773 1332 tuum
1787 1282 1814 1333 et

981 1365 1107 1433 sustine,
1121 1366 1566 1437 Dominuthsal.xxxv1),utde
1575 1366 1814 1421 liberaelticiaris

981 1453 1814 1511 beataBeataediciturtGantateDominoiuSionalubilate

983 1543 1012 1598 ci
1027 1545 1057 1597 in
1080 1560 1149 1599 voco
1168 1545 1378 1601 exsultationis
1397 1545 1489 1608 (Psal.
1509 1544 1622 1614 xuvur).
1642 1545 1705 1600 Sub
1725 1545 1813 1616 primo

983 1637 1029 1688 est
1044 1632 1159 1702 ancilla,
1177 1637 1206 1688 et
1222 1635 1315 1689 timet.
1341 1635 1402 1690 Sub
1418 1635 1550 1690 secundo
1566 1634 1635 1699 filia,
1659 1637 1688 1688 et
1712 1634 1813 1707 diligit.

983 1722 1045 1777 Sub
1060 1723 1146 1777 tertio
1162 1723 1255 1777 amica
1270 1727 1298 1777 et
1314 1724 1516 1794 complectiur.

1128 1812 1189 1866 Tm.
1203 1812 1240 1866 Χ.
1252 1812 1297 1867 De
1308 1813 1406 1867 tribus
1416 1814 1522 1867 animae
1534 1813 1676 1868 inimicis.

95 1901 205 1957 scalam
216 1902 304 1974 erigit
315 1905 380 1957 octo
392 1903 560 1957 distinctam
572 1904 826 1973 interscalaribus,
840 1903 928 1975 cujus
1021 1901 1096 1955 Tres
1111 1905 1181 1954 sunt
1195 1901 1294 1970 populi
1320 1902 1369 1973 qui
1392 1902 1469 1956 fideli
1485 1903 1590 1956 animae
1606 1902 1813 1957 inimicantur:

95 1990 249 2047 summitas
265 1992 357 2046 coelos
367 1992 471 2064 tangit.
486 1993 574 2047 Beati
584 1995 633 2066 qui
640 1994 878 2066 persecutionem
881 2008 932 2064 pa·
987 1990 1077 2044 Primi
1093 1992 1162 2044 sunt
1176 1989 1313 2046 homines
1328 1991 1444 2060 saeculi,
1463 1991 1512 2062 qui
1529 1991 1632 2046 abono
1647 1991 1815 2060 retrahunt,

96 2080 491 2153 liunturpropterjustitiem
502 2081 656 2153 (Matthv)
670 2083 703 2137 ln
712 2083 790 2137 hunc
803 2086 930 2137 montem
986 2078 1573 2151 dequibusDominus:Sidexteramanus
1582 2086 1628 2135 tua
1637 2080 1816 2135 scandalizat

95 2169 144 2224 ubi
161 2170 259 2225 dicere
271 2171 382 2241 poteris
397 2170 521 2226 Domino
537 2172 611 2227 lesu
626 2187 632 2226 :
652 2171 748 2226 Verba
768 2173 835 2225 vitro
845 2176 932 2225 reter-
989 2168 1252 2238 te,absciudeeam
1262 2175 1291 2222 ot
1299 2169 1417 2240 projice
1428 2169 1483 2223 abs
1494 2176 1523 2223 tc
1533 2170 1655 2235 (llattlr.
1665 2168 1816 2231 vt.Scundi

95 2275 142 2314 nae
152 2258 246 2313 lrabcs
263 2260 355 2327 (doen.
372 2262 422 2331 vit,
439 2277 498 2315 non
517 2260 708 2333 gravabimur
727 2260 889 2315 ascendere
905 2259 932 2313 si
987 2262 1057 2311 sunt
1072 2258 1220 2313 desideria
1231 2259 1341 2328 carnis,
1355 2274 1422 2329 quoe
1435 2257 1509 2312 mala
1519 2260 1697 2330 suggerunt,
1709 2257 1746 2313 de
1757 2258 1816 2329 qui·

95 2347 356 2420 primummontcm
368 2349 472 2421 gloriae
482 2349 623 2422 ejusjugi
635 2349 932 2405 meditationeascen·
987 2346 1044 2400 bus
1057 2347 1162 2401 Petrus
1171 2347 1343 2417 apostolus:
1356 2346 1488 2402 Obsecro
1501 2363 1553 2401 vos
1563 2347 1721 2401 abstinere
1736 2363 1818 2402 acar·

95 2436 204 2492 dimus.
216 2436 265 2491 Sic
277 2439 354 2492 enim
366 2438 479 2494 audies.
498 2439 540 2493 Εῖ
551 2456 605 2512 quo
617 2456 679 2494 eam
691 2439 793 2507 scitis,
812 2440 932 2508 propter
988 2434 1106 2489 nulibus
1122 2435 1287 2491 desideriis
1302 2453 1365 2508 quae
1381 2435 1512 2491 militant
1530 2436 1680 2491 adversus
1695 2436 1818 2491 unimam

96 2525 304 2581 ascensionem
314 2529 438 2596 primam
450 2534 478 2582 et
489 2527 567 2581 viem
578 2528 666 2582 scitis
675 2528 765 2587 tloao.
782 2539 932 2598 xivgpro·
988 2523 1104 2595 (ll‘etr,
1129 2525 1171 2595 ιι).
1197 2525 1288 2580 tertii
1303 2527 1372 2580 sunt
1387 2525 1598 2597 cogitationes,
1615 2541 1683 2596 quaa
1698 2539 1819 2596 peccare

9 2661 12 2666 .
96 2617 163 2684 pter
172 2617 343 2670 secundam.
357 2616 490 2686 Inprimo
503 2617 600 2687 itaque
609 2616 838 2686 transfiguratus
850 2618 932 2669 estut
989 2617 1108 2684 cogunt,
1118 2614 1273 2685 dequibus
1288 2614 1529 2686 lob:llissipat‹c
1544 2620 1614 2669 sunt
1624 2615 1820 2686 cogitationes

97 2704 194 2759 scires
206 2721 263 2776 quo
279 2704 428 2773 tenderes
449 2706 478 2760 id
494 2709 540 2760 est
550 2705 676 2777 gloriam
693 2703 761 2775 ejus
777 2720 865 2775 quam
878 2704 932 2759 tibi
988 2719 1061 2756 mere
1072 2708 1246 2773 torquentes
1256 2718 1308 2758 eor
1316 2704 1484 2773 mcumtlol)
1492 2705 1596 2774 xxvu).
1607 2704 1727 2758 Primus
1735 2718 1820 2773 popu·

97 2794 249 2863 promittit.
260 2795 292 2848 ln
308 2795 540 2849 secundoverba
554 2797 621 2849 vrtae
632 2794 812 2862 locutusest,
829 2795 859 2847 ut
875 2793 933 2847 sci·
988 2790 1036 2845 lus
1053 2793 1099 2845 cst
1113 2791 1227 2846 amicus
1244 2793 1358 2862 saeculi,
1368 2796 1397 2847 et
1412 2793 1550 2847 iuimicus
1561 2792 1817 2864 Dei,juxtaillud:

98 2897 149 2937 res
170 2900 226 2955 qua
246 2885 430 2955 pervenires.
454 2884 554 2940 Oravit
577 2884 607 2936 iu
626 2883 723 2945 tertio,
743 2885 773 2936 ut
794 2882 883 2936 eundi
906 2884 934 2936 et
989 2880 1112 2934 Amicus
1122 2881 1224 2934 seculi
1241 2882 1380 2936 inimicus
1393 2883 1450 2937 Dei
1466 2883 1665 2937 coustituetur
1679 2882 1755 2951 (dac.
1772 2882 1819 2949 iv).

99 2973 291 3043 perveniendi
299 2974 407 3029 bonam
416 2975 552 3030 obtineas
562 2973 753 3042 voluntatem,
765 2975 793 3026 et
804 2972 934 3026 studium

101 3061 245 3117 adhibeas
261 3062 401 3135 diligens.

126 3150 188 3206 Trr.
199 3151 261 3207 Vll.
273 3152 435 3225 Deduplici
442 3150 582 3206 scandalo
592 3159 622 3206 et
630 3153 828 3207 instrumento
834 3152 908 3223 ejus.

136 3248 251 3318 Duplex
269 3247 505 3302 estsoandalum,
518 3246 649 3300 Primum
664 3246 806 3314 exterius,
824 3246 859 3300 de
876 3260 934 3315 quo

81 3374 84 3380 ·
101 3334 935 3407 Dominus:VreperquemscandalumvenittMatthmvru)

101 3424 270 3480 Secundum
281 3424 415 3492 interius,
428 3428 455 3478 et
467 3424 564 3494 ipsum
573 3425 690 3495 triplex.
703 3424 834 3478 Primum
846 3423 934 3492 oculi,

80 3571 86 3583 ⁸
102 3513 267 3567 secundum
278 3528 393 3581 monus,
404 3514 521 3568 tertium
531 3514 627 3584 pedis.
645 3513 681 3567 Si
695 3529 767 3585 ergo
778 3512 878 3568 oculus
889 3512 938 3567 vel

102 3618 207 3657 manus
219 3601 273 3656 vel
272 3617 328 3674 pes
336 3602 518 3657 scandalizat
526 3609 555 3657 te
564 3601 889 3674 (Matth,v),quinoster
899 3601 938 3655 di-

17 3761 21 3777 .
104 3693 189 3760 citur,
206 3695 314 3748 ettunc
325 3693 448 3748 sinister
461 3709 528 3746 cum
545 3692 616 3762 petit
635 3691 798 3760 contraria,
816 3690 938 3745 retrahit

104 3784 140 3838 ad
155 3784 248 3852 mala,
267 3783 458 3838 intentionem
473 3785 553 3837 tuam
563 3781 610 3836 vel
622 3798 638 3835 a
648 3780 886 3851 bonisoperibus
901 3779 937 3834 ad

105 3874 262 3943 contraria,
272 3873 346 3942 vela
360 3873 406 3926 via
419 3874 529 3927 sanotae
546 3870 793 3937 conversationis,
813 3885 871 3940 qua
887 3885 939 3939 per

104 3962 217 4033 gradum
226 3962 317 4016 scalae
328 3961 420 4016 lacob
432 3961 468 4016 de
481 3962 589 4016 virtute
600 3961 629 4015 in
639 3961 776 4014 virtutem
793 3958 938 4012 ascende-

103 4065 154 4105 res
166 4092 173 4119 ,
186 4050 221 4104 ad
234 4050 414 4120 protundum
429 4050 537 4127 interni
552 4049 695 4115 detrahit3
715 4048 793 4101 hunc
809 4047 937 4114 oculum,

104 4154 224 4193 manum
236 4141 264 4193 et
276 4139 382 4208 pedem
397 4154 468 4192 crue
480 4144 509 4192 et
521 4138 673 4205 abscinde,
686 4153 702 4190 a
713 4140 740 4191 te
752 4135 937 4205 declinando,

105 4233 135 4284 ct
146 4227 263 4300 projice
275 4226 330 4282 abs
341 4233 370 4282 tc
380 4226 621 4298 derelinquendo.

234 4317 295 4372 Trr.
313 4317 375 4372 Vll.
389 4317 433 4372 De
447 4316 561 4371 duabus
576 4315 712 4370 clavibus
726 4314 801 4370 cccli.

990 2969 1145 3024 Secundus
1157 2972 1419 3041 amiouscarniS,et
1428 2972 1566 3028 inimicus
1578 2969 1818 3028 hominis.Unde:

952 3059 1111 3149 clnuuici
1125 3061 1255 3117 hominis
1265 3064 1421 3119 domestici
1432 3064 1497 3135 ejus
1512 3063 1627 3132 (llatth.
1647 3063 1689 3132 x).
1706 3059 1820 3116 Tertius

993 3149 1107 3205 amicus
1125 3152 1232 3206 mentis
1251 3156 1280 3206 et
1294 3153 1432 3207 inimicus
1448 3153 1566 3223 quietis.
1588 3151 1672 3206 Unde
1689 3166 1696 3205 :
1713 3150 1821 3204 Museo

992 3243 1157 3298 morientes
1174 3243 1302 3314 perdunt
1317 3243 1496 3298 suavitatem
1508 3242 1650 3313 ungricnti
1659 3240 1774 3310 (Eccle.
1785 3246 1819 3305 x).

991 3332 1055 3388 Hos
1066 3333 1192 3404 populos
1204 3332 1340 3387 oblivisci
1350 3332 1522 3403 praecipitur
1531 3331 1599 3385 tiliae
1610 3330 1680 3384 dum
1694 3329 1801 3384 dicitur
1813 3344 1819 3383 :

990 3426 1031 3481 Et
1047 3426 1228 3482 obliviscere
1237 3425 1371 3497 populum
1384 3430 1461 3478 taum
1477 3421 1568 3481 (Psel.
1584 3421 1674 3490 xciv).

1110 3516 1171 3569 Trr.
1185 3515 1236 3569 Xl.
1253 3515 1297 3569 De
1313 3514 1411 3569 trihus
1426 3510 1710 3583 horuiuispatribus.

1027 3606 1102 3659 Tres
1119 3608 1188 3659 sunt
1199 3604 1328 3659 hominis
1338 3605 1438 3674 patres
1451 3618 1457 3656 ε
1471 3602 1587 3655 Primus
1597 3599 1704 3671 gignit,
1717 3613 1821 3653 secun-

992 3693 1048 3748 dus
1064 3694 1153 3764 rapit,
1165 3695 1269 3748 tertius
1284 3693 1417 3764 requirit.
1438 3691 1555 3745 Primus
1573 3689 1671 3761 gignit
1685 3687 1720 3742 ad
1738 3688 1822 3743 vitam

993 3784 1103 3850 carnis,
1114 3783 1265 3838 secundus
1277 3783 1352 3853 repit
1362 3782 1398 3835 ad
1408 3796 1525 3851 poenam
1534 3779 1649 3849 mortis,
1660 3777 1767 3832 tertius
1775 3792 1821 3831 re·

992 3874 1082 3943 quirit
1106 3874 1142 3928 ad
1167 3871 1306 3945 gaudium
1331 3870 1514 3925 aeternitatis.
1532 3868 1649 3922 Primus
1674 3869 1759 3936 pater
1782 3866 1824 3920 est

994 3962 1092 4031 homo,
1103 3963 1254 4017 secundus
1265 3961 1411 4029 diabolus,
1421 3960 1527 4014 tertius
1537 3959 1627 4013 Deus.
1647 3956 1689 4010 De
1706 3956 1801 4026 primo
1816 3969 1821 4008 :

995 4050 1415 4121 Cresciteetmultiplicamini
1423 4048 1507 4120 (Gon.
1517 4049 1545 4109 ι).
1556 4047 1597 4102 lio
1605 4045 1754 4101 secundo:
1774 4043 1824 4098 Vos

994 4155 1033 4194 ex
1040 4147 1128 4211 patre
1146 4139 1263 4194 diaholo
1273 4139 1348 4193 estis
1360 4138 1455 4208 (loon.
1466 4139 1535 4199 viu).
1553 4136 1594 4190 De
1609 4135 1714 4189 tertio:
1733 4133 1824 4188 Pater

994 4236 1105 4293 noster,
1120 4230 1169 4302 qui
1180 4246 1213 4284 es
1223 4228 1343 4283 luciolis
1353 4227 1473 4297 (illattlr.
1482 4227 1534 4295 vr).
1545 4224 1606 4280 Sub
1615 4223 1712 4294 primo
1722 4238 1823 4277 carna·

993 4317 1060 4372 liter
1070 4319 1209 4386 vivimus,
1221 4319 1277 4373 sub
1289 4317 1421 4372 secundo
1436 4315 1599 4370 mortaliter
1613 4311 1821 4384 delinquimus,

140 4411 212 4466 Duae
228 4411 298 4464 sunt
308 4407 408 4462 claves
420 4405 521 4478 januae
539 4405 668 4476 paradisi
681 4420 687 4459 z
702 4404 831 4458 charitas
846 4407 874 4458 et
882 4419 937 4474 pa·
951 4396 978 4459 D
995 4409 1051 4462 sub
1072 4409 1157 4462 tertio
1175 4408 1300 4462 feliciter
1316 4421 1487 4478 regnamus.
1509 4404 1544 4458 Et
1560 4405 1657 4458 monet
1675 4402 1782 4456 tertius
1796 4402 1824 4454 ut

103 4501 214 4556 tientia.
232 4499 363 4554 Primum
379 4500 424 4552 est
441 4496 570 4550 charitas
587 4493 798 4564 amplectenda.
821 4492 857 4546 Et
867 4494 936 4564 quia

104 4592 155 4662 qui
176 4591 269 4645 Deum
285 4588 349 4643 vult
363 4587 504 4658 diligere,
520 4583 732 4639 tentationibus
757 4583 934 4653 exponitur,

104 4679 270 4734 adhibenda
294 4680 340 4732 est
363 4675 511 4746 patientia.
539 4674 610 4728 Haeo
633 4675 704 4726 sunt
728 4671 883 4726 cherubim
901 4686 935 4725 ao

103 4768 221 4840 gladius
237 4766 387 4822 versatilis
408 4767 437 4819 et
447 4765 600 4818 flammeus
611 4761 707 4833 posita
719 4760 754 4815 ad
771 4759 935 4815 custodiam

102 4857 242 4927 paradisi.
266 4855 426 4910 Cherubim
440 4853 649 4923 interpretatur
659 4849 813 4922 plenitudo
834 4849 935 4903 scien-

103 4946 171 4999 tiae:
191 4947 219 4999 at
233 4943 386 5016 plenitudo
402 4940 480 5015 lepis
494 4941 579 5013 juxta
594 4939 778 5012 Apostolum,
801 4938 935 4992 olreritas

31 5035 34 5040 '
101 5034 200 5106 (Rom.
221 5033 295 5103 xur).
311 5034 367 5087 Per
382 5032 512 5104 gladium
530 5032 697 5085 llammeum
716 5032 745 5084 et
764 5026 934 5082 versatilem

100 5123 276 5195 intelligitur
296 5121 464 5176 tribulatio:
486 5137 552 5192 quae
568 5123 638 5174 tunc
653 5118 782 5191 giudice,
801 5133 868 5171 cum
887 5117 933 5170 di-

100 5213 190 5279 vidit3
212 5213 365 5266 llammeus
391 5211 500 5265 dicitur
519 5224 585 5264 oum
604 5207 748 5274 incendit;
768 5203 931 5275 versatilis,

100 5304 169 5376 quia
185 5301 386 5357 transitorius.
407 5299 437 5354 Si
453 5314 526 5370 ergo
540 5297 588 5351 vis
609 5295 716 5350 coelum
740 5295 860 5363 intrare,
875 5293 933 5347 ista

99 5392 244 5448 duoscias
254 5389 435 5458 necessaria,
443 5387 511 5460 quia
522 5389 550 5440 et
558 5385 623 5439 sine
635 5383 854 5438 charitatenihil
863 5398 932 5451 pos-

99 5472 932 5551 sumus,etpermultastribulationesoportetuosintrare

98 5572 129 5625 in
141 5586 265 5644 regnum
279 5568 336 5623 Dei
345 5567 414 5634 (Act
423 5564 495 5633 xiv).
513 5562 618 5616 illaves
632 5561 710 5615 enim
721 5562 790 5613 sunt
800 5559 931 5630 paradisi

8 5721 10 5727 ,
98 5659 228 5715 charitas
253 5659 282 5712 et
295 5653 443 5727 patientia,
467 5652 532 5708 sine
547 5649 657 5723 quibus
678 5664 737 5703 non
752 5647 884 5718 intratur,
903 5651 932 5702 et

994 4499 1178 4570 relinquatur
1190 4498 1314 4568 primus,
1326 4491 1686 4550 necimitetursecundus.
1696 4490 1824 4545 Duorum

995 4590 1126 4660 priorum
1141 4591 1255 4658 patrum
1277 4587 1395 4641 domum
1411 4583 1584 4654 praecipitur
1605 4581 1674 4635 tiliae
1689 4576 1823 4635 oblivisci

993 4696 1061 4734 cum
1076 4679 1192 4746 dicitur,
1210 4683 1240 4731 et
1251 4676 1364 4731 domum
1376 4673 1475 4745 petris
1491 4672 1533 4726 tui
1542 4669 1637 4739 (Psal.
1649 4669 1740 4739 xnrvt:

993 4769 1055 4824 Tm.
1075 4767 1141 4822 XII.
1161 4767 1204 4821 De
1219 4773 1342 4838 quatuor
1356 4762 1393 4817 ab
1409 4762 1506 4816 anima
1521 4758 1711 4831 superandis,
1723 4763 1753 4812 et
1769 4756 1822 4811 tri-

1262 4837 1334 4908 plici
1351 4835 1416 4906 ojus
1433 4833 1551 4888 decore.

1027 4930 1157 4994 Quatuor
1172 4928 1293 4997 superat
1316 4923 1412 4979 tidelis
1433 4922 1530 4977 anima
1555 4936 1560 4975 :
1587 4919 1739 4984 Mundum,
1760 4933 1823 4972 car·

992 5001 1821 5088 nem,mcntem,diabolum.Bellamundisunttorinseoa,

993 5109 1091 5164 carnis
1107 5105 1284 5173 domestica,
1300 5102 1407 5158 mentis
1417 5100 1565 5167 intestina,
1584 5096 1691 5152 diaboli
1704 5095 1822 5151 iraudu-

992 5196 1115 5253 lenta.0
1135 5211 1223 5267 quam
1240 5192 1360 5248 ditlrcile
1375 5189 1537 5261 acquiritur
1547 5186 1671 5242 victoria
1681 5184 1821 5239 ubitanta

992 5292 1038 5343 est
1048 5284 1251 5341 resistentium
1267 5281 1372 5336 turba?
1387 5279 1496 5333 Verum
1507 5278 1536 5331 in
1549 5274 1673 5330 victoria
1683 5271 1824 5342 concupi·

992 5376 1049 5432 scit
1064 5391 1115 5430 rex
1132 5375 1269 5429 decorem
1280 5369 1413 5424 victricis
1429 5368 1544 5422 animae.
1561 5365 1615 5429 Qui
1631 5363 1736 5433 triplea
1752 5364 1799 5416 est
1815 5376 1821 5414 :

991 5466 1023 5520 ln
1038 5480 1112 5520 voce
1127 5464 1195 5535 quia
1211 5460 1333 5532 pulchra
1344 5458 1488 5530 loquitur;
1505 5457 1535 5509 in
1554 5454 1641 5521 facie,
1662 5451 1732 5523 quia
1747 5451 1825 5506 bona

990 5556 1142 5625 operatur,
1159 5553 1188 5605 in
1200 5549 1302 5615 corde,
1323 5547 1390 5619 quia
1404 5548 1505 5600 sancta
1519 5542 1685 5598 meditatur.
1707 5539 1743 5594 Et
1758 5540 1825 5594 ideo

988 5644 1058 5698 dicit
1068 5643 1112 5697 ei:
1130 5639 1198 5696 Tota
1207 5637 1372 5712 pulelrraes
1382 5677 1389 5704 ,
1401 5635 1493 5689 ararica
1503 5648 1582 5702 mea,
1592 5637 1623 5687 et
1634 5629 1748 5686 macuta
1765 5644 1823 5684 nou
