3796 6022
56 291 116 357 821

672 294 982 360 MISCELLANEA.
1000 332 1036 343 —
1048 297 1124 361 LIB.
1142 297 1196 360 Vl.

1738 298 1798 365 822

59 496 194 564 utraque,
208 493 272 548 haec
281 493 448 562 nutriendo,
461 494 509 548 illa
520 493 683 567 gignendo,
696 493 892 566 conjungunt.
922 476 951 538 Α
968 498 1185 566 protrahentur.
1203 500 1352 555 laborant
1367 517 1432 555 cum
1444 500 1572 572 Christe,
1585 501 1639 557 sed
1654 515 1714 557 non
1731 517 1799 557 cum

61 582 99 636 Et
111 582 188 637 bene
203 585 272 652 post
288 582 465 636 divisionem
481 583 586 636 animae
603 587 631 637 et
655 583 790 653 spiritus,
806 584 835 638 id
851 588 898 638 est

61 671 225 737 carnalium
246 671 439 738 voluntatum,
465 672 573 726 divisio
594 687 781 744 compagum,
798 672 827 726 id
852 676 898 727 est

61 761 275 831 cogitationum
291 761 435 814 bonarum
443 764 471 814 et
478 761 722 832 malarum,qunsi
731 763 899 832 perplexior

61 855 90 902 et
98 849 249 903 difficilior
260 853 305 903 est
311 849 408 920 posita
419 865 425 918 ;
441 854 593 918 postremo
605 851 690 921 quasi
700 851 899 906 discretorin-

61 938 234 992 tentionem.
251 938 306 992 His
321 939 459 992 omnibus
469 942 637 994 secretaest
649 939 752 993 merito
761 940 792 993 in
803 943 899 994 extre·

61 1044 110 1082 mo
136 1027 331 1081 medullarum
352 1027 460 1081 divisio
479 1028 584 1097 posita.
609 1028 664 1081 Hic
687 1032 783 1084 autem
800 1045 899 1084 sermo

63 1117 117 1170 Dei
129 1115 321 1186 diiudicanda
332 1118 465 1186 penetrat
476 1118 555 1170 intus
566 1132 619 1186 per
630 1118 804 1187 sapientiam
815 1134 900 1172 suam

62 1207 179 1259 secreta
191 1208 292 1259 nostra
307 1205 677 1277 subtiliterintelligend03
695 1205 768 1260 ioris
780 1222 832 1277 per
849 1206 900 1261 do-

64 1293 190 1347 ctrinam
206 1309 290 1347 suam
306 1293 417 1347 utiliter
435 1309 492 1348 nos
509 1293 718 1363 illuminando,
736 1295 839 1349 eadem
855 1295 900 1350 la-

67 1382 174 1436 ciendo
191 1381 367 1453 intelligere.
393 1381 466 1446 Quia
482 1398 554 1453 ergo
569 1383 655 1436 vivus
671 1387 727 1452 est,
744 1385 899 1439 credamus

63 1486 132 1525 eum
144 1486 214 1524 vcra
229 1471 399 1540 promittere
413 1487 419 1540 ;
442 1473 510 1542 quia
522 1472 639 1539 efficax,
655 1487 812 1542 speremus
832 1489 899 1527 eum

64 1560 214 1629 promissa
230 1560 391 1629 perficere;
409 1561 477 1630 quia
500 1560 691 1630 penetrabilis
716 1565 745 1615 et
759 1560 822 1615 salli
840 1577 899 1616 non

65 1649 174 1717 potest,
184 1646 420 1702 attendissdeum
429 1648 593 1718 doleamus,
601 1651 629 1703 et
637 1647 673 1704 de
683 1649 796 1719 reliquo
808 1648 899 1704 olien-

65 1736 137 1790 dere
153 1752 220 1790 eum
230 1752 398 1790 caveamus.

66 1824 129 1879 Tm.
147 1824 253 1879 xvtll.
271 1824 314 1879 Da
339 1825 529 1880 Pharisaicis
543 1826 591 1879 sui
609 1826 851 1895 admiratoribus
869 1833 899 1880 et

210 1914 378 1986 hypocritis
389 1914 512 1968 occultis
523 1915 754 1969 detractoribus

104 2003 274 2056 Pharisaica
303 2001 443 2072 jactantia
477 2007 600 2058 cunctos
625 2004 743 2074 quidam
762 2003 899 2059 homines

66 2091 147 2161 quod
162 2091 333 2161 superiores
350 2107 384 2145 se
400 2095 428 2145 et
445 2091 583 2147 meliores
600 2093 779 2162 existimant,
797 2093 899 2163 despi-

67 2181 159 2246 ciunt,
168 2180 323 2234 venientes
334 2180 369 2233 ad
379 2195 431 2234 eos
441 2180 497 2234 suh
507 2181 692 2236 vestimentis
700 2183 808 2251 ovium,
820 2184 900 2237 intus

66 2272 164 2322 autem
176 2268 236 2338 lupi
248 2283 371 2338 rapaces
386 2272 473 2323 sunt:
492 2270 545 2323 sed
561 2274 589 2324 et
604 2270 717 2339 pulices
733 2272 899 2339 mordaces

66 2357 126 2411 imo
142 2357 229 2411 tineae
244 2357 437 2412 demolientes
454 2358 600 2412 bonorum
615 2360 713 2429 vitam,
731 2360 900 2431 cumpalam

65 2461 126 2499 non
141 2446 277 2514 audeant,
298 2447 328 2500 in
349 2447 466 2500 occulto
490 2447 668 2516 corrodunt3
693 2449 720 2502 si
743 2448 901 2502 clamorem

65 2534 901 2605 invectionisnoupossunt,saltemsusurriumdetractio·

65 2622 267 2677 nisenrittunt.
285 2622 360 2688 Quid
381 2622 554 2694 hujusmodi
569 2625 691 2695 prodest
705 2629 784 2679 tanta
798 2627 829 2680 in
845 2641 900 2681 suo

68 2711 149 2764 victu
164 2711 302 2781 percitae,
319 2715 347 2766 et
367 2713 522 2767 investita
538 2714 684 2784 asperitas
699 2714 759 2783 illa,
772 2717 800 2769 et
816 2717 901 2769 nota-

66 2798 138 2853 bilis
149 2799 258 2866 vilitas,
270 2799 299 2853 in
308 2799 431 2871 vigiliis,
443 2801 472 2854 in
481 2800 617 2872 Jejuniis,
627 2802 657 2854 in
668 2803 758 2856 totius
775 2802 901 2873 denique

967 584 1085 640 Christo
1096 589 1263 659 regnabunt
1275 592 1612 660 ,sequunturllhristum
1622 592 1651 645 in
1662 590 1799 645 simulata

967 674 1095 744 tristitia,
1113 692 1172 730 non
1183 664 1446 733 tanemchnstu'm
1459 681 1718 750 consequenturin
1732 679 1799 751 glo·

966 763 1019 817 ria.
1039 763 1079 818 De
1096 768 1223 820 torrente
1244 766 1272 821 in
1288 769 1335 821 via
1352 769 1465 837 bibunt,
1486 769 1614 823 sednon
1630 768 1800 823 exaltabunt

967 856 1062 922 caput.
1081 853 1113 907 ln
1128 855 1175 906 vin
1191 854 1303 926 lugent,
1322 856 1448 911 sednon
1465 858 1698 912 consolabuntur
1706 858 1736 911 in
1744 872 1798 927 pa-

966 941 1021 994 tria
1033 957 1038 994 :
1050 945 1079 996 et
1087 943 1201 997 morito.
1211 942 1285 1007 Quid
1297 946 1375 998 enim
1388 945 1457 998 lacit
1468 946 1609 1015 superbia
1620 945 1677 1000 sub
1688 946 1796 1016 pannis

966 1029 1277 1085 humilitatistristi‘?
1287 1018 1799 1105 Nunquidnonhabetquosepalliet

966 1117 1092 1171 humana
1104 1119 1222 1187 malitia,
1238 1120 1297 1173 nisi
1314 1122 1390 1175 unde
1399 1122 1529 1176 involuta
1539 1123 1593 1176 luit
1602 1122 1723 1176 infantia
1734 1122 1798 1177 Sal·

964 1207 1098 1260 vatoris‘?
1109 1211 1137 1261 et
1152 1209 1300 1277 quomodo
1324 1209 1401 1263 inter
1415 1212 1594 1281 praesepium
1623 1211 1739 1265 Domini
1756 1211 1797 1265 si·

966 1294 1082 1349 mulans
1091 1297 1258 1366 arrogantia
1270 1311 1303 1350 sc
1312 1301 1439 1366 coarcta,
1451 1301 1479 1352 et
1493 1314 1547 1368 pro
1558 1299 1708 1370 vagitibus
1716 1299 1798 1355 inno·

966 1384 1069 1437 centiae
1085 1384 1194 1438 malum
1210 1389 1373 1440 murmurat
1389 1387 1604 1441 detractionis?
1619 1388 1666 1441 An
1681 1403 1741 1442 non
1754 1387 1798 1443 illi

965 1472 1175 1541 superbissimi
1183 1475 1212 1528 in
1221 1474 1334 1543 psalmo
1344 1490 1469 1543 quorum
1476 1475 1734 1546 prodiiteradr'pe
1744 1477 1799 1531 ini·

966 1562 1063 1632 quites
1078 1577 1188 1628 corum,
1202 1562 1292 1616 multo
1309 1563 1396 1617 citius
1412 1564 1472 1617 sint
1480 1563 1623 1634 redempti
1638 1563 1674 1617 ab
1690 1563 1799 1634 iniqui·

965 1653 1022 1703 tate
1037 1653 1065 1703 et
1079 1651 1236 1719 impietate,
1254 1666 1341 1720 quam
1352 1652 1401 1704 isti
1413 1653 1463 1721 qui
1478 1652 1566 1705 latent
1577 1652 1633 1706 sub
1643 1652 1798 1707 sanctitate

965 1739 1060 1792 aliena
1072 1738 1086 1791 ?
1099 1737 1195 1805 (Psoi.
1212 1741 1313 1808 uxxn).
1330 1738 1415 1793 Certe
1427 1740 1524 1794 minus
1533 1744 1578 1794 cst
1588 1739 1799 1810 impiusoonfl-

967 1828 1033 1880 tens
1058 1826 1234 1896 impietatem
1250 1843 1337 1898 quam
1353 1828 1498 1882 mentiens
1514 1830 1709 1899 sanctitatem,
1727 1829 1797 1900 quia

968 1915 1152 1969 mendacium
1171 1915 1284 1969 addens
1304 1917 1434 1987 geminat
1449 1917 1636 1985 impietatem.

967 2003 1028 2057 Tre.
1043 2003 1123 2058 XIX.
1140 2003 1184 2056 Dc
1202 2005 1385 2058 incremento
1401 2005 1526 2058 seminis
1535 2006 1614 2075 pacti
1626 2005 1657 2058 in
1674 2011 1798 2076 terram,

1090 2091 1122 2146 id
1138 2098 1183 2145 est
1198 2091 1269 2145 lirici
1284 2098 1313 2145 ct
1328 2096 1503 2145 caeterarum
1523 2094 1674 2146 virtutum.

1003 2180 1054 2233 Sic
1063 2185 1108 2233 est
1125 2195 1248 2251 regnum
1263 2180 1317 2233 Dei
1328 2181 1566 2251 quemadmodum
1579 2182 1606 2234 si
1611 2180 1800 2252 -Ironrojaoiat

964 2284 1065 2323 semen
1075 2270 1105 2322 in
1115 2273 1236 2334 terrani,
1251 2270 1450 2324 ctdormiatct
1459 2276 1602 2339 exsurgat
1616 2275 1701 2324 nocte
1710 2275 1741 2323 et
1749 2269 1800 2324 die

965 2364 994 2411 et
1005 2372 1105 2411 semen
1113 2358 1461 2427 pernrinct,etirrcrescat
1469 2359 1535 2412 dum
1543 2357 1707 2412 nescitille.
1715 2357 1801 2413 Ultro

966 2446 1043 2500 enirn
1055 2451 1138 2499 terra
1146 2444 1318 2509 fructificat·
1331 2447 1458 2516 primurn
1470 2446 1602 2509 bertram,
1617 2445 1727 2501 deinde
1737 2445 1797 2516 spi·

966 2540 1143 2605 campester
1152 2533 1456 2604 plennmfrumentnm
1467 2535 1709 2604 inspicaEtcum
1718 2549 1757 2588 ex
1766 2548 1800 2588 se

963 2623 1142 2694 produxerit
1161 2621 1287 2690 fructus,
1306 2624 1407 2675 statim
1420 2623 1513 2676 rnittit
1529 2621 1643 2687 falcem,
1665 2621 1800 2693 quoniam

966 2711 1051 2766 adest
1060 2710 1282 2775 nessisptlmc.
1292 2710 1341 2778 iv).
1352 2711 1384 2764 ln
1394 2711 1492 2765 cordis
1503 2710 1801 2781 ascentionequidam

967 2800 1077 2871 gradus
1089 2801 1158 2852 suut
1168 2798 1366 2869 dequibusait
1371 2798 1524 2867 psalmista
1533 2815 1538 2852 :
1548 2797 1750 2853 :linbulabunt
1761 2798 1799 2854 de

63 2889 134 2943 vitae
151 2904 214 2944 suae
226 2889 431 2960 singularitate
440 2891 575 2960 quaedam
589 2891 737 2944 austerior
747 2907 903 2945 conversa·
970 2888 1118 2942 virtutein
1131 2885 1801 2954 virtuterrr(Psal.uxxxrn).Undelob:Persin-

63 2978 117 3046 tio,
134 2977 191 3032 nisi
209 2978 283 3033 sorte
299 2993 452 3048 operasua
463 2978 573 3033 faciunt
590 2985 619 3032 ut
633 2979 836 3033 rideanturab
847 2980 900 3034 bo·
966 2976 1051 3046 pulos
1064 2975 1177 3046 gradus
1196 2990 1276 3028 meos
1292 2974 1493 3044 pronuntiabo
1509 2974 1591 3028 illum
1612 2974 1679 3041 (Job
1701 2973 1797 3046 xxxi).

66 3066 197 3121 minibus
207 3066 221 3120 ?
231 3049 350 3135 (Mattb.
359 3067 409 3137 rx).
418 3066 476 3122 Sed
487 3067 699 3123 dicitChristus
710 3085 716 3123 :
727 3068 901 3132 denemarca
928 3099 954 3160 C
968 3064 996 3118 ls
1012 3065 1120 3135 quippe
1135 3078 1188 3132 per
1203 3062 1339 3133 singulos
1349 3062 1460 3135 gradus
1473 3077 1545 3116 suos
1558 3062 1735 3133 pronuntiat,
1747 3063 1800 3134 qui

68 3154 518 3226 vobis,recepc1·untmercedem
526 3156 899 3227 suamtibid).Talcs,juxta
968 3157 1088 3223 propter
1098 3152 1277 3205 incrementa
1285 3151 1422 3203 virtulum
1439 3167 1505 3220 quea
1521 3151 1627 3219 accipit
1642 3151 1670 3204 ci
1685 3151 1736 3221 qui
1751 3151 1800 3206 de-

63 3243 249 3313 Apostolum,
274 3245 304 3297 in
321 3245 375 3298 hac
392 3246 449 3299 vita
464 3249 575 3300 tantum
593 3251 760 3316 sperantes,
772 3247 898 3300 misera·
968 3243 1009 3296 dit
1024 3241 1140 3295 laudem
1155 3239 1260 3294 reddit.
1278 3238 1313 3291 Et
1328 3254 1386 3292 non
1403 3239 1499 3292 solum
1517 3239 1552 3292 dc
1568 3239 1675 3294 virtute
1689 3239 1720 3293 in
1734 3240 1797 3292 vir-

63 3332 410 3389 bilioressuntomnibus
423 3335 592 3389 hominibus
604 3335 633 3406 (Ι
647 3335 714 3390 Cor.
731 3337 791 3397 xv).
804 3335 898 3390 Inhac
966 3335 1057 3385 tutem
1081 3328 1192 3401 gradus
1218 3330 1297 3396 sunt,
1318 3328 1369 3381 scd
1390 3343 1575 3398 unaquaeque
1597 3329 1694 3382 virtus
1711 3328 1798 3398 quasi

64 3421 124 3473 vita
140 3422 288 3475 tantumin
296 3421 415 3477 Christo
431 3424 599 3494 sperat,qui
611 3423 765 3478 chhristi
774 3423 897 3478 servitio

63 3512 175 3562 tuntum
184 3511 375 3580 temporalem
392 3512 516 3583 gloriam
528 3513 642 3583 quaerit.
661 3512 753 3567 Miser
767 3513 834 3566 talis
850 3512 900 3566 ho-

64 3598 193 3666 muncio,
215 3599 264 3669 qui
285 3601 365 3653 tanto
381 3599 483 3654 labore
503 3604 531 3655 ct
555 3601 700 3655 industria
725 3601 823 3655 studet
840 3617 897 3655 non

63 3702 144 3755 csse,
162 3687 208 3741 vel
225 3688 324 3759 potius
341 3705 400 3743 non
414 3689 509 3743 videri
521 3691 598 3744 sicut
614 3691 713 3744 caeteri
730 3689 896 3744 hominum:

63 3776 163 3829 minus
175 3781 327 3847 acceptus,
344 3778 402 3833 imo
414 3778 592 3833 cruciandus
602 3779 724 3850 gravius
733 3794 820 3849 quam
831 3778 889 3849 qui·

61 3864 496 3922 libethominum.Siccinencn
513 3866 897 3939 inveniturhvpocritisvia,

58 3956 91 4006 ut
114 3952 153 4006 ita
170 3954 277 4022 dicam,
297 3959 445 4027 utcunque
467 3955 653 4013 tolerabilior.
671 3957 707 4009 ad
730 3953 896 4009 infernuml

61 4058 116 4096 cur
134 4041 240 4097 saltem
263 4043 352 4112 illam,
371 4061 427 4115 qua
444 4045 525 4099 multi
548 4045 699 4113 incedunt,
716 4044 794 4098 viam
810 4043 897 4097 latam

58 4146 128 4201 quae
144 4130 265 4186 ducitad
283 4136 408 4187 mortem
417 4149 475 4187 non
485 4134 608 4206 eligunt,
616 4133 774 4188 utvelutde
787 4131 897 4203 gaudio

58 4222 87 4273 et
103 4235 163 4274 non
179 4220 215 4275 de
231 4221 312 4275 luctu
323 4221 357 4275 ad
373 4221 485 4276 luctum
500 4221 719 4276 transirenttO
734 4237 821 4293 quarn
833 4221 897 4274 feli·

60 4309 128 4363 cius
137 4313 183 4364 est
194 4309 263 4364 illis:
272 4326 397 4381 quorum
407 4316 515 4365 nonest
525 4311 776 4382 respectusmorti
784 4326 894 4377 eorum,

967 3419 1145 3490 quibusdam
1154 3415 1297 3488 gradibus
1306 3419 1431 3487 augetur
1439 3419 1467 3469 et
1475 3432 1528 3485 per
1540 3417 1718 3470 incrementa
1728 3431 1798 3487 per-

965 3509 1071 3563 ficitur.
1096 3506 1149 3560 Est
1175 3505 1253 3559 enim
1275 3504 1352 3558 aliud
1382 3505 1499 3559 virtutis
1531 3505 1696 3575 exordium,
1719 3504 1799 3560 aliud

963 3596 1126 3667 proiectus,
1143 3593 1222 3648 aliud
1238 3593 1389 3663 perfectio.
1408 3593 1439 3647 Si
1452 3595 1517 3663 ipsa
1529 3593 1603 3661 fides
1620 3593 1799 3664 quibusdam

963 3685 1107 3757 gradibus
1116 3683 1152 3735 ad
1163 3681 1376 3753 perfectionem
1386 3697 1444 3735 nou
1456 3681 1661 3752 deduceretur,
1669 3683 1797 3753 apostoli

963 3772 1190 3829 nondixisseut:
1204 3770 1329 3840 Adaupe
1338 3771 1368 3822 in
1378 3770 1465 3823 nobis
1475 3770 1563 3824 bdem
1575 3771 1655 3837 (Luc.
1668 3769 1798 3837 xv11).Et

963 3863 1057 3931 alius,
1078 3877 1115 3914 an
1138 3859 1271 3913 crederet
1290 3858 1470 3928 requisitus,
1493 3874 1551 3911 non
1572 3858 1793 3928 respondisset:

964 3949 1209 4017 Credo,Donrinc:
1223 3945 1678 4016 acljuvaincredulitatemmeam
1687 3946 1795 4016 (Marc.

963 4042 1016 4107 rx).
1031 4038 1063 4093 Si
1079 4038 1157 4092 enim
1167 4034 1400 4088 incredulitatem
1411 4049 1445 4088 se
1456 4034 1566 4089 habere
1577 4037 1709 4106 noverat,
1721 4051 1797 4107 quo·

962 4128 1048 4182 modo
1058 4124 1196 4180 credebat
1206 4122 1284 4177 ‘lSed
1294 4122 1363 4192 quia
1379 4122 1453 4177 fides
1468 4124 1640 4178 meritorum
1650 4124 1795 4196 gradibus

962 4217 1079 4278 crescit,
1093 4230 1151 4269 uno
1167 4216 1254 4283 atque
1271 4211 1375 4265 eodem
1387 4214 1519 4283 tempore
1532 4214 1557 4267 is
1571 4214 1695 4283 quinon
1709 4212 1796 4284 plene

962 4304 1136 4369 crediderat,
1145 4299 1640 4370 simulatoredebat,etincredulus
1649 4304 1720 4357 erat.
1731 4302 1795 4356 Hos

61 4404 91 4452 ct
102 4397 319 4452 firmamentum
332 4400 362 4453 in
370 4399 457 4471 plaga
467 4415 576 4454 corum:
589 4399 640 4470 qui
651 4400 682 4453 in
692 4399 895 4454 laborebonri-
920 4409 947 4470 D
962 4395 1059 4464 itaque
1076 4390 1188 4463 gradus
1204 4388 1261 4442 sub
1280 4389 1390 4442 messis
1407 4391 1535 4457 nomine,
1552 4392 1671 4445 Marcus
1691 4392 1795 4444 noster

59 4503 128 4540 rrum
141 4502 197 4541 non
206 4493 284 4554 sunt,
297 4493 398 4541 etcum
410 4487 579 4542 bominibus
590 4487 895 4560 rronllapellabuntur!

58 4573 153 4638 (Psal.
171 4577 270 4637 uxxu).
288 4575 342 4639 Qui
359 4576 414 4630 etsi
432 4578 614 4646 peccatores,
636 4581 664 4631 et
677 4593 731 4647 pro
745 4580 893 4646 tempora-

59 4662 140 4717 libus
151 4663 271 4734 gaudiis
286 4665 436 4734 perpetuis
452 4665 635 4719 cruciatibus
650 4665 769 4734 addicti,
788 4665 894 4719 saltem

57 4750 244 4806 abundantes
261 4752 289 4805 in
300 4754 414 4807 saeculo
426 4753 754 4808 obtinueruntdivitias.
767 4753 894 4823 Vaepor-

60 4839 193 4894 tantibus
218 4856 352 4910 crucem,
369 4857 428 4896 non
456 4842 533 4896 sicut
553 4842 688 4896 Salvator
714 4857 816 4909 suam,
841 4841 894 4895 scd

61 4928 140 4982 sicut
163 4928 326 4998 Cyrenaeus
346 4930 481 4984 alienam.
504 4931 556 4985 Vae
576 4929 748 4985 citharoedis
773 4930 895 4983 cithari-

58 5017 196 5071 zantibus
219 5033 279 5072 non
302 5018 383 5073 velut
407 5018 449 5072 illi
465 5019 501 5072 de
524 5019 702 5089 apocalypsi
728 5018 758 5072 in
772 5019 894 5072 citharis

59 5106 135 5173 suis,
148 5105 202 5158 sed
212 5121 292 5174 vere,
306 5110 335 5160 ut
351 5106 523 5176 hypocrita,
538 5107 692 5161 inalienis.
704 5106 856 5162 Vaescmel
866 5109 893 5161 et

58 5194 405 5264 vaeiterumpauperibus
415 5195 759 5265 superbis,portantibus
775 5210 894 5249 crucem

58 5282 181 5349 Christi,
193 5298 251 5336 non
263 5283 458 5353 sequentibus
470 5283 619 5338 Christum
630 5282 635 5337 l
653 5284 702 5355 qui
719 5284 807 5355 cujus
824 5300 894 5353 pas-

58 5370 196 5424 sionibus
212 5372 433 5440 participantur,
458 5372 652 5426 humilitatem
676 5373 786 5426 sectari
800 5370 895 5442 negti·

58 5462 142 5529 gunt.
151 5459 266 5528 Duplici
277 5461 452 5514 contritione
464 5461 712 5530 conternnturqui
720 5459 895 5532 hujusmodi

42 5549 138 5617 sunt.
157 5546 230 5613 Quia
245 5548 293 5602 hic
305 5565 358 5619 pro
374 5549 526 5618 temporali
539 5549 633 5621 gloria
649 5564 683 5602 se
701 5548 846 5620 affligunt,
864 5552 893 5602 et

57 5636 88 5690 in
103 5633 202 5691 iuturo
217 5651 270 5706 pro
285 5638 400 5692 interna
411 5637 550 5708 superbia
566 5638 602 5691 ab
619 5641 728 5694 {eterna
744 5636 891 5708 supplicia

962 4483 1105 4538 describit
1122 4481 1241 4535 dicens:
1261 4475 1313 4530 Sic
1324 4484 1370 4529 est
1390 4493 1514 4547 regnum
1528 4478 1595 4546 Dei,
1613 4481 1669 4532 etc.
1686 4475 1794 4531 Samen

962 4572 1167 4643 homojacitin
1177 4573 1296 4637 terram,
1314 4583 1380 4621 cum
1392 4567 1700 4621 bonamintentionem
1709 4564 1794 4619 cordi

960 4677 1016 4716 suo
1036 4661 1151 4715 inserit.
1173 4661 1339 4728 Posteaquc
1358 4656 1475 4723 dormit,
1497 4654 1524 4707 id
1541 4655 1634 4707 estin
1651 4652 1792 4723 speboni

959 4750 1057 4821 operis
1076 4747 1218 4819 quiescit3
1239 4749 1325 4800 nocte
1345 4743 1482 4813 exsurgit
1501 4757 1535 4795 ac
1549 4742 1607 4812 die,
1629 4742 1698 4813 quia
1714 4740 1792 4797 inter

957 4853 1101 4908 prospera
1116 4840 1144 4891 et
1159 4836 1286 4890 adversa
1302 4849 1361 4887 non
1372 4831 1471 4885 deficit
1481 4845 1594 4900 semen,
1608 4830 1753 4903 germinat
1763 4834 1793 4888 et

958 4926 1131 4992 crescitille,
1149 4924 1216 4996 quia
1228 4926 1256 4977 et
1272 4937 1338 4975 cum
1354 4919 1450 4973 adhuc
1466 4919 1646 4974 incrementa
1662 4936 1717 4977 sua
1729 4937 1791 4977 me-

958 5015 1015 5069 reri
1032 5030 1091 5068 non
1105 5013 1192 5080 valet,
1205 5013 1301 5065 virtus
1314 5009 1406 5063 semel
1418 5011 1558 5078 concepta
1570 5009 1607 5062 ad
1617 5014 1790 5080 provectum

958 5103 1092 5170 ducitur,
1109 5105 1137 5156 et
1152 5101 1227 5154 ultro
1237 5103 1314 5154 terra
1329 5098 1497 5161 fructificat,
1508 5097 1577 5168 quia
1590 5100 1789 5168 praeveniente

958 5208 991 5245 se
1007 5192 1101 5262 gratia
1117 5204 1201 5243 mens
1217 5187 1346 5241 hominis
1359 5186 1568 5256 spontancead
1584 5185 1710 5241 fructum
1717 5186 1789 5242 honi

957 5281 1057 5349 operis
1073 5278 1178 5349 surgit.
1196 5276 1253 5330 Sed
1271 5277 1334 5329 haec
1351 5275 1454 5328 eadem
1476 5280 1555 5329 terra
1570 5277 1696 5344 primum
1718 5274 1787 5329 her-

956 5368 1038 5434 bam,
1061 5367 1166 5421 dcindc
1188 5367 1318 5436 spicam,
1341 5364 1446 5418 deinde
1469 5364 1588 5433 plenum
1610 5362 1788 5417 trumentum

956 5457 1092 5528 producit
1107 5457 1136 5509 in
1152 5455 1245 5525 spica.
1262 5453 1330 5522 ipsa
1345 5454 1424 5505 euim
1439 5451 1587 5505 invocatio
1602 5449 1674 5504 boni
1684 5451 1785 5519 operis

956 5548 1051 5600 instar
1074 5544 1174 5599 borbae
1196 5541 1424 5597 teneritudinem
1445 5540 1546 5604 habat,
1571 5541 1599 5591 ct
1619 5538 1656 5592 ad
1674 5537 1789 5609 epicam

956 5635 1101 5707 pervenit,
1118 5648 1185 5688 cum
1198 5631 1293 5687 virtus
1304 5632 1443 5702 percepta
1459 5627 1495 5680 ad
1508 5626 1673 5696 perlectum
1688 5627 1788 5699 operis
