3796 6022
557 332 776 398 APPENDIX
797 329 855 397 Ab
879 329 1071 399 HUGONIS
1094 330 1239 396 OPERA
1259 328 1458 396 MYSTICA.
1784 324 1847 395 948

112 331 173 406 917

115 540 191 597 muri
208 539 237 597 in
253 540 428 611 Jerusalem,
456 555 557 594 urruns
575 538 712 610 superior
736 538 799 593 sive
815 538 947 609 interior,
963 519 993 581 Α
1007 539 1196 610 siveternpus
1208 539 1404 594 tribulationis
1415 541 1537 611 estpost
1555 539 1726 599 discessum
1744 540 1843 596 noctis

116 648 219 687 murus
229 631 353 685 interior
363 632 409 684 vel
423 630 560 684 exterior.
572 629 620 684 Sic
631 630 661 683 in
674 629 818 699 spirituali
829 644 950 683 conver·
1008 629 1361 685 hodierneesolcmnitutis
1373 646 1380 700 3
1392 630 1555 685 secundnm
1569 633 1637 701 post
1647 631 1751 686 horem
1760 646 1843 685 mor-

116 722 229 775 salione
254 720 383 774 fidelium
412 721 469 773 duo
500 721 569 772 sunt
596 719 746 789 praecipua
770 719 949 773 munimenta

116 810 202 882 quasi
217 810 275 863 duo
290 809 376 878 muri,
394 809 511 863 dileetio
528 809 643 862 seilicet
658 811 686 862 et
710 808 803 862 aetio:
831 808 948 862 dilectio

51 908 56 913 '
115 914 218 953 murus
229 898 360 967 interior,
373 900 560 952 aetiomurus
572 899 717 960 exteriore·
727 898 779 951 scd
791 897 861 950 nihil
872 895 950 951 valet

115 987 153 1041 nd
169 988 293 1042 salutem
307 1004 409 1042 neurus
425 989 564 1056 exterior,
581 988 639 1041 nisi
654 987 777 1040 interior
792 986 950 1057 diligenter

116 1077 308 1132 custodiatur.
321 1076 396 1141 Quid
408 1093 534 1147 nomque
549 1078 670 1146 prodest
682 1076 781 1145 operis
794 1075 947 1144 exhibitio,

117 1165 144 1219 si
159 1165 236 1220 desit
247 1167 347 1221 cordis
363 1165 500 1219 dileetio?
515 1165 589 1229 Quid
603 1166 678 1220 valet
689 1181 794 1235 panem
807 1165 950 1218 esurienti

116 1257 280 1327 porrigere,
296 1261 396 1325 potum
413 1255 531 1309 sitiendi
543 1255 622 1323 dare,
636 1255 783 1326 hospitem
794 1255 946 1326 colligere,

117 1344 228 1398 nudum
251 1344 377 1414 operire,
407 1345 556 1397 iatirmum
579 1344 710 1412 visitare,
736 1345 772 1399 ad
801 1344 950 1399 inclusum

1006 720 1186 788 tis3tcrtiunr
1196 721 1678 791 postcursumsacculipraesentis,
1689 719 1747 774 Sed
1756 736 1841 775 mane

1007 808 1158 863 hodiernae
1178 809 1357 880 testivitatiS,
1370 826 1454 864 mane
1475 809 1621 864 Dominici
1640 809 1747 864 natalis
1764 825 1841 880 quo-

1006 899 1094 953 modo
1106 898 1162 952 diei
1173 900 1270 968 potest
1278 900 1395 968 tempus
1406 899 1614 967 tribulationis
1623 915 1689 953 oum
1700 898 1841 953 omuibus

1006 988 1141 1042 videatur
1149 1003 1218 1042 esse
1230 991 1345 1058 tempus
1357 989 1564 1043 exsultationis
1575 991 1589 1043 ἱ)
1605 988 1664 1046 Sed
1678 988 1704 1041 si
1722 987 1842 1065 subtili·-

1006 1080 1051 1132 tor
1065 1078 1272 1148 perspiciatur,
1290 1082 1336 1131 cst
1350 1077 1531 1148 quibusdam
1547 1080 1662 1148 tempus
1677 1077 1842 1131 tribulatio·

1007 1168 1065 1236 niS,
1076 1167 1145 1238 quia
1155 1170 1271 1237 tempus
1281 1168 1461 1236 tentationis,
1474 1167 1543 1221 dnm
1557 1167 1693 1222 diabolus
1710 1183 1764 1237 per
1775 1183 1844 1237 spe·

1008 1256 1120 1310 ctueula
1137 1257 1290 1325 vanitatis3
1314 1260 1342 1312 et
1357 1257 1590 1327 superfluitatem
1606 1256 1801 1312 comestionis
1816 1259 1843 1313 et

1006 1345 1165 1416 potationis
1183 1349 1210 1400 ct
1226 1346 1396 1416 multiplicis
1412 1346 1618 1401 dissolutionis
1634 1346 1736 1400 multis
1751 1346 1844 1401 tendit

119 1448 238 1488 carcerc
250 1432 304 1500 ire,
328 1433 513 1486 diversarum
531 1434 694 1488 orationum
709 1434 799 1488 verba
816 1433 947 1497 tundere,
1007 1434 1131 1506 laqueos
1146 1436 1400 1506 praecipitationis.
1423 1435 1537 1501 Quanto
1551 1436 1643 1508 igitur
1658 1435 1798 1490 diabolus
1814 1435 1843 1488 in

118 1520 256 1576 laudibus
269 1520 379 1575 divinis
389 1537 423 1575 os
434 1524 559 1592 operire,
570 1523 680 1577 missas
695 1523 857 1591 celebrare,
871 1537 951 1593 quec-
1008 1524 1114 1578 dicbus
1126 1525 1311 1580 solemnibus
1320 1526 1479 1580 instantius
1490 1525 1805 1596 quaeritoccasionem,
1818 1529 1845 1580 ct

117 1610 190 1664 libet
201 1613 384 1664 sacramenta
396 1610 449 1664 Dei
461 1615 607 1666 tranctarc
619 1615 646 1666 et
658 1613 702 1667 eis
720 1612 949 1681 communicare,
1007 1613 1126 1667 facilius
1142 1614 1254 1668 invenit
1274 1615 1403 1668 tentandi
1420 1615 1596 1684 facultatem,
1613 1616 1693 1668 tanto
1715 1614 1843 1685 quisquc

117 1701 147 1753 ct
161 1698 301 1769 quaelibet
316 1698 487 1769 hujusmodi
503 1700 611 1770 lacere,
629 1702 653 1755 si
671 1702 808 1774 negligas
826 1703 872 1756 vcl
883 1717 951 1756 eon·
1009 1703 1045 1756 ad
1061 1703 1261 1758 resistendum
1275 1703 1363 1759 dehet
1378 1705 1570 1774 semetipsum
1586 1718 1756 1774 praeparare
1772 1719 1842 1756 cau-

118 1789 233 1843 tcmnas
247 1788 415 1842 mandatum
431 1790 597 1845 dilectionis
614 1792 796 1846 observaret
812 1791 885 1845 Sunt
900 1791 952 1861 qui
1009 1795 1114 1847 tiorcm
1124 1799 1152 1847 et
1161 1793 1321 1863 fortiorem,
1333 1810 1368 1849 no
1379 1810 1446 1849 curn
1458 1794 1509 1848 filii
1521 1794 1573 1848 llei
1585 1793 1759 1866 congregati
1777 1791 1843 1847 fue-

40 1876 46 1890 ‘
119 1877 208 1931 multa
225 1879 405 1947 pauperibus
425 1883 558 1951 erogant,
576 1881 665 1935 multa
688 1885 858 1936 sanctorum
875 1882 950 1945 loca,
1009 1883 1067 1937 rint
1082 1884 1112 1938 in
1128 1899 1228 1952 unum,
1254 1883 1470 1953 superveniens
1486 1883 1573 1938 Satan
1589 1883 1717 1955 aliquem
1741 1897 1843 1937 eorum

120 1966 176 2021 suh
192 1966 313 2020 obtentu
328 1967 507 2022 redimendae
524 1970 652 2041 propriae
667 1972 820 2041 pravitatis
837 1973 865 2025 et
880 1987 950 2042 prc—
1009 1987 1063 2042 per
1082 1973 1197 2042 culpam
1220 1977 1398 2043 corrumpet,
1414 1976 1442 2028 et
1465 1973 1558 2028 hlium
1582 1971 1785 2028 damnationis
1800 1971 1843 2025 ta·

93 2077 99 2083 ’
120 2061 268 2117 merendae
279 2063 373 2117 beatae
386 2065 598 2133 retributionis,
610 2066 954 2138 peregrinandovisitant
1010 2062 1075 2116 ciat.
1088 2060 1339 2127 Quemadmodum
1348 2079 1420 2135 crgo
1430 2063 1570 2134 diximus,
1580 2062 1698 2134 qnando
1712 2065 1758 2117 est
1770 2064 1844 2116 tem-

121 2151 793 2226 etnlinbonaurultalaeiunt,scdsemctipsos
811 2156 956 2210 nihilomi-
1008 2167 1065 2222 pus
1093 2151 1273 2221 festivitatis,
1297 2155 1366 2207 tunc
1396 2155 1442 2207 cst
1462 2156 1578 2223 tempus
1607 2151 1791 2216 tentationis,
1819 2152 1846 2205 et

122 2257 179 2296 nus
194 2241 269 2296 male
281 2242 407 2297 vivendo
417 2243 583 2298 sceleribus
594 2244 758 2300 involvunt.
778 2246 829 2300 lsti
846 2245 956 2300 frustra
1010 2240 1139 2314 quandiu
1158 2245 1204 2296 est
1226 2241 1395 2296 tentationis
1412 2245 1538 2313 tempus,
1556 2241 1658 2296 tandiu
1674 2243 1845 2311 esttcmpus

43 2388 44 2392 ,
123 2347 178 2387 suo
187 2347 240 2401 pro
250 2332 310 2386 Deo
320 2333 461 2399 tribuunt,
476 2334 605 2403 quandiu
617 2335 676 2389 Deo
689 2335 868 2405 semetipsos
878 2335 956 2389 ante·
1009 2330 1218 2386 tribulationis.
1227 2331 1311 2396 Esto,
1322 2332 1412 2403 igitur
1423 2332 1577 2386 binchium
1592 2335 1738 2400 nostrum,
1747 2329 1847 2385 Domi-

123 2423 201 2474 runt.
214 2421 288 2474 Nam
299 2422 325 2475 si
336 2425 383 2474 tua
395 2422 448 2474 das
460 2422 530 2491 Deo,
548 2423 676 2492 teipsum
692 2425 820 2492 diabolo,
838 2441 896 2478 non
912 2428 958 2479 est
1014 2436 1060 2488 ne,
1072 2421 1389 2477 etselusnostraindie
1398 2421 1612 2490 tribulationis,
1621 2436 1659 2475 ne
1668 2418 1849 2476 diabolnsci·

125 2524 210 2579 acqua
226 2509 352 2577 partitio.
375 2510 455 2563 Deus
479 2511 628 2565 hominem
650 2512 720 2566 sceit
743 2517 771 2567 et
792 2513 916 2568 redemit
931 2516 959 2569 el
1012 2508 1847 2582 vitatemsanctampertentotionemfrangat,fidelestuos

125 2596 192 2651 idco
213 2596 300 2651 debet
324 2600 416 2651 totum
440 2598 590 2653 hominem
614 2602 782 2671 possidere,
799 2606 827 2658 et
842 2603 878 2656 ab
894 2603 960 2673 ipso
1012 2598 1848 2671 periniquitatescoptesabducat.Secundummenesive

125 2684 254 2742 fructum
276 2687 363 2743 honre
389 2687 586 2759 cogitationis,
607 2691 775 2759 locutionis,
793 2696 821 2747 et
835 2692 960 2747 actionis
1012 2691 1129 2758 tempus
1145 2689 1343 2744 tribulationis
1366 2694 1412 2745 est
1431 2694 1499 2760 post
1516 2690 1619 2744 horam
1637 2690 1703 2744 sive
1719 2689 1806 2744 etiam
1821 2687 1848 2742 in

87 2774 90 2783 '
127 2776 278 2848 colligere,
291 2781 318 2832 et
333 2780 488 2849 propterca
497 2794 556 2834 non
567 2780 659 2836 debes
672 2781 741 2836 dare
754 2781 871 2837 diaholo
881 2781 962 2853 quod
1014 2778 1077 2848 ipsa
1089 2778 1161 2833 horn
1172 2781 1285 2834 mortis.
1298 2778 1433 2844 Quandiu
1444 2781 1532 2834 homo
1544 2779 1616 2834 vivit
1628 2776 1849 2853 quodammodo

127 2865 219 2921 dobes
236 2866 307 2922 Deo.
1013 2866 1043 2921 in
1061 2871 1146 2922 nocto
1165 2872 1222 2937 est,
1243 2869 1386 2939 quianon
1410 2869 1568 2941 cognoscit
1583 2868 1684 2936 multa,
1702 2883 1770 2939 quae
1784 2868 1849 2937 post

163 2955 290 3022 Quilibet
299 2973 371 3029 ergo
380 2959 472 3028 pravi,
483 2959 560 3014 sicut
571 2961 741 3031 temporalia
750 2962 827 3016 bona
838 2961 955 3016 Clnisto
1014 2962 1138 3012 mortem
1146 2958 1323 3030 cogniturus
1331 2963 1386 3014 est.
1395 2959 1611 3029 Sicutnumque
1619 2956 1846 3012 dicitSulomon:

127 3045 960 3121 insuismcmbrisstudentdarc,sicsemetipsosChristo‚
1017 3047 1185 3119 Suntjusti,
1198 3055 1284 3120 atque
1293 3049 1454 3119 sapientae,
1463 3054 1492 3102 et
1508 3064 1596 3120 opera
1609 3062 1711 3101 eornm
1720 3046 1751 3100 in
1762 3060 1846 3099 manu

128 3135 279 3191 Christum
294 3153 385 3207 super
401 3140 507 3208 omnio,
525 3143 552 3194 et
566 3142 732 3210 proximum
748 3142 825 3196 sicut
841 3141 960 3211 seipsos
978 3163 1000 3224 C
1015 3137 1155 3192 Deisunt.
1165 3137 1410 3192 tretainenneseit
1424 3139 1720 3193 Iromoutrumamore
1733 3134 1840 3190 auodio

129 3225 279 3297 diligendo
295 3226 403 3282 debent
419 3226 539 3298 offerre3
557 3234 584 3283 et
598 3231 642 3284 sic
660 3231 764 3285 civitas
780 3246 892 3299 eorum,
904 3230 960 3283 du·
1018 3225 1850 3298 dipnussit,sedornniainlutnrurnservanturincerta,cc

128 3314 198 3385 plici
206 3331 290 3370 muro
301 3317 461 3372 munietur:
475 3318 960 3390 murointerioriperdilectionem,
1018 3318 1093 3389 qnod
1102 3317 1330 3390 universamque
1341 3318 1481 3372 eveniant
1481 3316 1600 3388 justoet
1608 3315 1652 3387 inp'
1656 3321 1729 3378 usto,
1739 3314 1846 3368 honoet

130 3404 271 3459 exteriori
281 3421 334 3475 per
343 3406 552 3475 operationem.
561 3407 669 3462 Slvere
685 3409 865 3479 interiorem,
874 3409 901 3462 id
918 3410 964 3462 est
1017 3406 1101 3479 erato,
1113 3406 1276 3461 immolanti
1288 3407 1431 3472 victimae,
1444 3411 1473 3460 et
1484 3404 1634 3460 saerideia
1641 3401 1849 3458 contemnenti.

130 3491 318 3547 dilectionem
334 3495 484 3567 contingat
500 3497 618 3564 deesse,
632 3499 772 3567 exterior,
793 3498 820 3552 id
834 3501 880 3552 est
891 3514 964 3569 ope·
1017 3495 1100 3549 Sicut
1108 3496 1202 3550 bonus
1210 3497 1444 3568 sicetpeccator,
1454 3500 1483 3549 ut
1487 3494 1641 3567 perjurae,
1652 3495 1695 3547 ita
1705 3489 1852 3564 etille,qni

130 3581 205 3636 ratio
216 3581 493 3654 hostiurnimpeturn
504 3601 563 3639 non
574 3586 651 3640 valet
660 3587 819 3641 sustinere.
828 3586 961 3653 Domine,
1019 3601 1120 3640 verum
1128 3584 1419 3657 dejeratt‘liccleux).
1432 3584 1551 3639 Etitcm:
1559 3579 1850 3639 Nescithomodnenr

130 3671 279 3727 miserere
295 3674 403 3728 nostri.
420 3674 578 3730 bliseretur
593 3675 672 3729 Deus
689 3675 828 3745 hominis,
846 3675 963 3746 quando
1017 3691 1112 3730 suum:
1126 3675 1180 3729 sed
1188 3676 1264 3729 sient
1272 3675 1374 3746 pisces
1385 3674 1542 3746 capientur
1556 3674 1650 3738 hamo,
1665 3670 1851 3726 sichomines

131 3759 280 3817 hominem
295 3778 311 3817 a
328 3763 402 3818 malo
419 3764 534 3835 liberat,
552 3768 580 3819 et
596 3765 626 3818 in
642 3764 720 3819 bono
746 3765 919 3835 confirmnt3
937 3767 964 3818 et
1017 3764 1350 3836 capiunturintempore
1363 3763 1448 3828 malo,
1459 3780 1522 3818 curn
1538 3763 1584 3818 eis
1596 3760 1851 3832 externplosuper·

132 3851 202 3905 sien
221 3851 298 3907 malo
308 3852 472 3924 liberando,
484 3856 512 3908 et
521 3854 550 3908 in
561 3854 640 3909 bono
657 3855 860 3909 confirmando
871 3853 963 3925 justi·
1020 3853 1254 3925 verrerittibidd.
1264 3853 1459 3923 Etapostolus
1471 3852 1581 3906 Paulus
1591 3867 1597 3906 :
1609 3849 1851 3906 Nihilrnihicon·

131 3937 965 4016 sicatlliiserereigitnr,lionrine,nostr·ipc1‘·justiheotio·
1017 3944 1099 3998 seius
1120 3960 1193 4011 sunt,
1226 3943 1352 3997 sednon
1382 3939 1678 4013 inlroejustideetns
1707 3956 1781 3994 suni.
1800 3935 1851 4004 Qni

132 4042 209 4082 nem.
222 4028 374 4084 Noncnim
385 4047 547 4100 possumus
559 4033 898 4105 haberejustitiam,nisi
909 4049 964 4087 no·
1018 4039 1114 4089 autem
1124 4033 1242 4104 ,initient
1258 4048 1313 4100 nre,
1329 4032 1472 4086 Ilominus
1488 4036 1534 4085 est
1548 4029 1576 4100 (I
1589 4030 1658 4085 Cor.
1675 4032 1728 4098 iv).

131 4114 180 4171 bis
194 4116 273 4171 illam
289 4118 382 4173 dones
396 4137 450 4190 per
471 4122 603 4192 gratiam.
626 4122 664 4177 Te
680 4124 758 4177 enim
774 4123 964 4194 exspectavi·
1054 4121 1360 4193 Tegiturergehomo,
1372 4123 1458 4175 nocte
1470 4135 1586 4191 magnae
1601 4118 1779 4191 ignorantiae
1790 4133 1849 4173 om-

131 4221 205 4260 mns.
223 4205 278 4271 Qui
292 4208 323 4260 in
341 4207 433 4262 Deum
456 4214 565 4279 sperat,
583 4211 675 4265 Deum
690 4227 743 4282 per
759 4227 843 4281 spem
859 4227 964 4281 exspe·
1018 4212 1107 4266 nibus
1118 4211 1301 4266 diebusvitae
1312 4226 1386 4264 suae.
1404 4208 1692 4264 lnmortoverodies
1705 4206 1851 4279 illieogni·

132 4296 198 4350 ctat.
211 4294 287 4362 Quid
302 4297 380 4352 enim
397 4298 515 4354 minime
532 4304 640 4370 sperat,
657 4301 776 4355 minime
797 4304 963 4371 exspectan
1018 4300 1109 4355 tionis
1122 4301 1223 4368 oritur,
1241 4300 1309 4371 quia
1335 4299 1492 4353 recedente
1509 4297 1657 4352 unimode
1687 4312 1813 4368 corpore
1827 4296 1851 4350 et

132 4384 186 4442 sed
200 4387 408 4457 permiseram
423 4389 635 4443 conscientiam
650 4389 779 4444 divinem
795 4389 870 4462 fugit
885 4405 964 4460 prac-
1021 4390 1174 4460 praemium
1190 4391 1218 4443 et
1232 4388 1368 4444 meritum
1379 4403 1467 4442 snum
1482 4386 1610 4442 simulet
1624 4389 1705 4441 ctare
1724 4388 1852 4441 conteru-

132 4475 268 4532 sentiam.
295 4477 357 4532 Nec
373 4478 432 4533 lleo
458 4480 564 4550 quaerit
579 4479 764 4549 praesentari,
782 4479 849 4533 durn
867 4480 903 4534 ab
929 4495 963 4535 eo
978 4486 1005 4548 D
1020 4480 1126 4551 platur.
1139 4477 1171 4532 ln
1183 4477 1271 4532 istius
1282 4476 1619 4532 dicimatutinomultnm
1637 4478 1683 4530 cst
1695 4474 1852 4530 timendum

131 4563 965 4639 timetcondemnarillornine,misererenostr-iperiusti·

56 4705 65 4720 ,
132 4654 308 4726 ficationem,
323 4664 352 4713 te
372 4658 450 4712 eninr
467 4659 706 4730 exspectaveras
723 4674 776 4728 per
786 4673 878 4728 spem.
890 4658 965 4713 Esto

132 4742 286 4800 brachium
294 4754 427 4802 nostrum
437 4748 468 4802 in
476 4747 694 4816 rnane,etsalus
704 4755 805 4802 nostra
820 4748 850 4801 in
860 4753 967 4818 tempo-

133 4848 168 4886 re
176 4833 389 4890 tribulationis,
399 4836 720 4892 Unumscnsumbnbct
732 4837 809 4908 qnod
817 4836 967 4907 praemittit

133 4919 297 4992 bruchium,
310 4927 338 4978 ct
353 4926 431 4996 quod
448 4926 604 4998 subjunxit
624 4928 724 4981 salus:
743 4929 770 4981 ct
786 4943 876 4981 unum
892 4941 963 4981 seu-

133 5025 200 5064 sum
215 5010 304 5067 habet
319 5015 474 5084 quoddicit
485 5017 513 5070 in
529 5019 660 5085 manc,et
676 5015 875 5088 quodndditin
891 5019 966 5071 tem·

64 5094 67 5101 ’
133 5115 205 5171 porc
213 5100 506 5171 tribulationisb'sto,
517 5107 650 5176 Dareine,
661 5106 815 5161 brachium
823 5112 965 5176 nostrum,

1021 4569 1149 4622 humano
1160 4567 1286 4637 spiritui,
1306 4583 1342 4622 nc
1361 4567 1503 4621 nerudeti
1520 4565 1725 4620 Sennacherib
1736 4565 1853 4636 impeta·

1020 4660 1077 4726 tur,
1095 4660 1123 4711 ot
1137 4672 1190 4727 pro
1207 4656 1336 4727 peccatis
1353 4656 1417 4710 suis
1434 4655 1471 4709 ad
1490 4657 1598 4709 terrani
1610 4653 1753 4724 ultimam,
1765 4655 1802 4709 nd
1814 4654 1852 4708 in·

1019 4745 1282 4802 fernumvidelicet
1301 4745 1473 4799 abducatur.
1489 4744 1522 4797 ln
1531 4747 1624 4797 morte
1643 4742 1852 4815 nomquosolet

1019 4836 1156 4891 diabolus
1167 4835 1306 4890 miseram
1317 4835 1442 4889 animam
1453 4849 1519 4886 enm
1535 4832 1599 4886 suis
1612 4831 1792 4886 satellitibus
1800 4831 1851 4886 eir·

1019 4925 1168 4995 cumdnre,
1181 4927 1209 4980 ct
1221 4924 1349 4995 nudique
1366 4925 1573 4994 coangustare,
1586 4921 1651 4975 etsi
1668 4920 1787 4976 lieentia
1796 4919 1850 4974 sihi

1019 5016 1113 5085 detur,
1130 5015 1166 5069 ad
1188 5015 1275 5069 istam
1296 5017 1405 5069 terram
1420 5013 1620 5083 prosternere.
1638 5009 1774 5079 Domine,
1791 5014 1851 5063 esto

1017 5104 1173 5160 brachium
1183 5108 1315 5158 nostrum
1325 5101 1356 5155 in
1366 5102 1525 5164 boemano,
1540 5098 1621 5153 satus
1632 5103 1736 5153 nostra
1745 5099 1851 5152 intem·

133 5197 163 5246 et
178 5189 259 5246 salus
274 5198 386 5264 nestra,
403 5197 434 5248 ut
447 5211 504 5249 nos
521 5195 631 5251 liberes
642 5212 658 5249 n
669 5197 755 5263 mulo,
766 5199 794 5249 et
805 5195 965 5249 confirmes
1014 5211 1090 5266 pore
1102 5198 1190 5248 tantae
1199 5190 1413 5246 tribulationis,
1422 5189 1552 5244 Tertium
1568 5187 1726 5242 rnnnesivc
1737 5188 1850 5257 tempus

132 5280 266 5337 inbono.
288 5282 319 5337 Si
335 5286 366 5337 tu
389 5283 482 5338 tueris
506 5285 660 5339 brachium
677 5288 822 5354 nostrum,
841 5285 868 5338 si
884 5284 967 5338 salus

133 5373 244 5442 nestra,
257 5372 292 5426 ab
302 5372 440 5428 hostibus
451 5373 965 5445 nosimpugnantibusliberabimur,

133 5462 161 5514 ct
176 5460 205 5514 iu
222 5462 448 5516 conversatione
469 5461 546 5514 bona
563 5463 639 5517 sieut
654 5461 695 5514 illi
721 5463 832 5533 antiqui
849 5464 878 5517 in
895 5463 967 5517 urbe

134 5548 578 5620 ierosolymitanasalvabimur.
589 5549 722 5619 Inmane,
732 5552 762 5603 in
772 5551 968 5622 ternporetri-

58 5640 62 5655 '
103 5692 105 5696 ,
133 5636 968 5711 bulationis.Possumustrilursnrodisdistinguercquod

126 5724 300 5799 dr'eiteraee,
310 5728 500 5806 sivetempns
515 5727 723 5787 tribulationis.
734 5729 866 5784 Primum
882 5744 967 5784 mane

1018 5281 1217 5338 tribulationis
1242 5282 1288 5336 est
1312 5280 1376 5334 dies
1402 5277 1582 5332 universalis
1610 5276 1849 5331 resurrectionis.

1019 5365 1744 5442 Quandiunamquegenushumnnuminpraescnti
1758 5381 1850 5420 saecu·

1019 5456 1623 5529 lodemoratur,magnonocteignorantim
1639 5454 1760 5527 tegitur.
1768 5454 1849 5509 Non·

1020 5551 1087 5604 dum
1103 5550 1181 5603 cnim
1203 5549 1280 5602 scire
1294 5549 1391 5618 potest
1405 5545 1534 5616 qnandiu
1548 5542 1676 5598 mundus
1692 5543 1847 5607 subsistat,

1020 5634 1561 5709 velquandothiemaceipiat3nondum
1575 5632 1781 5704 novitquisint
1795 5631 1849 5686 sal-

1019 5727 1117 5797 vandi,
1134 5725 1185 5799 qui
1199 5725 1356 5782 damnandi
1369 5740 1376 5796 3
1393 5740 1447 5781 nec
1463 5723 1542 5779 videt
1555 5721 1678 5793 praemio
1692 5719 1851 5803 bonorum,
