3796 6022
108 257 168 321 665
472 248 693 319 tranauit<
713 250 771 314 AD
794 244 986 317 HUGONIS
1009 249 1154 316 OPERA
1176 247 1452 316 nonnanes.

1780 248 1835 318 656

110 470 179 512 nem
187 456 323 527 pertinet.
340 455 372 508 ln
384 454 438 508 bac
455 452 548 523 prima
563 451 773 523 quadripartita
793 450 941 506 locutione
955 432 986 496 Α
1000 451 1833 525 reformetcorpnsbamilitatissuaeconfiguratamcorpo

111 544 176 615 Dei,
192 545 251 599 duo
269 544 441 598 audiuntur:
459 544 592 610 potestas
608 543 636 594 et
651 540 865 595 msericordia.
883 539 942 593 Po·
1000 541 1031 594 ri
1040 540 1190 596 claritatis
1201 541 1413 613 suathilipp.
1430 543 1490 612 ni):
1508 557 1596 612 quam
1611 541 1833 596 denuorediens

111 636 215 701 testas,
233 647 290 703 qua
306 630 446 700 promittit
457 633 486 683 et
501 629 709 698 comminatum
726 628 941 696 misericordia,
1002 629 1164 684 exhibebit.
1181 630 1236 683 Hic
1247 645 1320 701 ergo
1336 630 1480 684 adventus
1496 630 1611 684 modius
1627 633 1675 684 est
1692 629 1834 700 optandus

112 737 170 793 qua
184 719 319 791 praecipit
333 721 361 772 et
374 718 521 787 probibet,
539 718 617 771 viam
632 717 862 788 ostendensque
878 733 945 770 cur·
1002 721 1034 772 ut
1053 717 1102 789 qui
1112 718 1237 790 gratiam
1258 717 1387 788 impertit
1401 718 1497 788 primi,
1507 723 1535 772 et
1551 718 1679 789 gloriam
1695 720 1832 788 promittit

111 824 212 864 ramus
228 808 264 862 ad
280 807 461 877 promissum
476 806 594 870 bonum,
612 805 798 876 vitemusque
814 806 947 875 proposi·
1004 806 1137 862 secundi.
1151 806 1266 861 Medius
1276 806 1449 877 eniinquasi
1463 806 1834 877 mediatorparticipatcum

111 900 174 953 tum
191 895 310 951 malum.
328 895 404 949 Huic
426 898 523 949 autem
539 893 750 964 quadripartito
763 893 855 948 verbo
880 909 948 964 qua·
1003 898 1139 964 utroque.
1163 894 1280 949 Primus
1296 898 1343 948 est
1362 895 1497 948 occultus
1513 898 1541 948 et
1555 894 1699 964 humilis;
1716 895 1833 949 ultimus

112 984 285 1056 ‹li-upliciter
314 986 361 1038 est
388 981 639 1052 respondendum.
670 981 866 1051 Proeceptioni
894 996 947 1051 ρον

114 1073 321 1141 obedientiam,
338 1075 369 1126 ut
383 1071 526 1124 iaciamus
541 1071 670 1139 bonum,
685 1069 876 1141 prohibitioni
893 1086 948 1140 per

112 1161 346 1233 temperantiam,
358 1162 390 1214 nt
403 1159 606 1213 abstineamus
618 1174 634 1211 a
646 1158 737 1226 mala;
753 1159 947 1229 promissioni

1004 983 1180 1037 manifestus
1189 985 1218 1038 et
1227 982 1421 1037 admirabilis.
1433 983 1492 1038 lste
1504 982 1779 1054 occultusquidem,
1787 984 1835 1038 sed

1004 1069 1159 1125 mirabilis.
1184 1068 1337 1126 Occultum
1361 1073 1450 1126 letum
1475 1071 1523 1125 ilia
1548 1071 1681 1143 glorians
1708 1072 1836 1144 gloriosa

1004 1159 1101 1214 anima
1125 1161 1286 1229 receperat,
1314 1175 1381 1230 qnae
1406 1159 1540 1214 dicebat:
1565 1159 1725 1214 Secretura
1747 1176 1836 1215 arcura

113 1266 167 1323 per
187 1264 328 1316 amorem,
351 1251 379 1302 et
400 1247 619 1301 comminationi
640 1247 852 1317 pertimerem.
884 1247 946 1301 litis

113 1338 297 1410 respondere
312 1340 431 1407 paratus
447 1340 510 1390 erat
532 1336 582 1406 qui
597 1334 726 1390 dicebat:
754 1335 898 1408 Loquere,
918 1341 947 1388 et

114 1425 302 1499 respondebo
318 1424 374 1479 tibi
388 1424 454 1494 (lob
470 1429 543 1482 xiii).
554 1424 701 1493 Aitcerte,
718 1423 856 1495 quiajam
867 1424 949 1478 locu·
1005 1426 1132 1480 animam
1157 1424 1391 1495 contemplantis,
1422 1428 1451 1480 et
1469 1425 1566 1479 omnia
1592 1440 1662 1480 ossa
1686 1426 1836 1481 interioris

113 1518 163 1571 tus
177 1529 211 1569 es
227 1529 282 1569 nec
297 1514 426 1583 repetis,
443 1528 499 1584 ego
515 1512 619 1583 loquar
629 1516 658 1566 at
668 1528 721 1582 ρον
737 1513 946 1581 obedientiam,
1006 1514 1135 1568 hominis
1149 1513 1311 1568 acclament
1326 1514 1371 1567 ei:
1388 1513 1519 1578 Domine,
1533 1514 1598 1585 quis
1609 1513 1721 1568 similis
1735 1515 1777 1570 sit
1786 1515 1836 1568 tibi

113 1604 346 1674 temperantiam,
376 1616 506 1656 amorem
536 1604 564 1655 et
584 1601 720 1655 timorem
741 1601 794 1655 tibi
819 1617 947 1671 respon·
1006 1600 1836 1672 (Psal..xxx1v)‘?noruntcxperti3etutinamdesidercnt

114 1692 210 1761 debo;
235 1694 264 1746 et
276 1693 307 1745 tu
321 1690 469 1761 responde
484 1689 566 1743 mibi.
596 1689 798 1760 Respondebit
815 1689 894 1743 enim
918 1689 948 1742 in
1006 1689 1135 1761 experiri
1149 1706 1209 1745 non
1231 1689 1358 1761 experti!
1385 1691 1501 1744 Primus
1527 1691 1617 1762 igitur
1631 1692 1780 1747 adventus
1796 1694 1838 1746 est

114 1780 214 1836 lutura
229 1780 309 1835 Deus
324 1780 349 1833 ei
366 1781 416 1851 qui
428 1779 619 1849 responderit
644 1780 673 1831 in
689 1779 840 1849 praesenti,
859 1779 947 1849 idque
1007 1780 1120 1852 gratiae,
1138 1779 1321 1833 novissimus
1340 1779 1454 1851 gloriar,
1472 1779 1587 1835 medius
1612 1780 1668 1835 ista
1692 1781 1798 1852 gratiae
1813 1786 1838 1834 et

115 1868 355 1942 quadrupliciter.
383 1868 587 1937 Respondebit
610 1868 757 1938 siquidem
779 1868 843 1938 ipse
869 1868 947 1921 Deus
1007 1869 1121 1940 gloriae,
1131 1867 1496 1939 inquoperconsolantem
1506 1868 1836 1940 gratiamluturagloria

116 1957 291 2014 obedientiae
298 1972 350 2027 per
360 1956 534 2026 libertatem,
546 1957 756 2026 temperantiae,
766 1971 817 2026 per
828 1956 948 2027 integri·
1007 1959 1092 2013 datur
1104 1962 1252 2028 uteunque
1268 1957 1426 2028 praelibari.
1441 1958 1472 2011 In
1488 1959 1581 2027 primo
1596 1958 1681 2012 visus
1699 1962 1747 2012 est
1763 1958 1837 2012 Deus

1005 1248 1092 1302 mibi:
1115 1247 1270 1302 Secretam
1291 1262 1386 1302 meum
1397 1248 1471 1302 mibi
1488 1247 1547 1318 (lsa
1569 1248 1662 1318 xxiv).
1688 1247 1837 1314 Quomodo

1005 1340 1104 1390 autem
1114 1336 1297 1390 admirabilis
1307 1337 1356 1405 sit,
1366 1339 1395 1391 et
1405 1336 1597 1391 admiratione
1613 1338 1659 1391 sui
1672 1337 1835 1408 suspendat

115 2049 214 2115 tatem,
224 2049 257 2100 ut
272 2046 312 2099 sit
325 2046 418 2100 libera
433 2045 588 2116 integritas
603 2046 814 2115 temperantiae,
833 2044 949 2115 integra

115 2134 239 2191 libertae
254 2134 449 2190 obedientiae:
475 2149 601 2205 quorum
622 2133 669 2187 bic
686 2136 822 2188 neutrum
846 2134 877 2187 iit
891 2132 951 2186 nisi

116 2223 308 2294 temperantia
323 2225 444 2295 pugnat,
469 2226 497 2277 et
513 2223 679 2277 obedientia
700 2222 823 2276 laborat.
849 2221 952 2276 Amori

117 2327 236 2385 quoque
249 2328 303 2384 per
318 2312 496 2381 felicitatem,
513 2314 542 2367 et
555 2311 662 2382 ‚timori
674 2326 727 2381 ρον
751 2310 949 2379 securitatem,

116 2404 149 2458 ut
163 2402 203 2456 sit
213 2416 318 2456 secura
330 2400 466 2455 felicitas.
482 2399 505 2454 0
520 2415 609 2471 quam
623 2400 711 2469 bona,
728 2414 816 2471 quam
832 2398 951 2453 deside-

118 2489 210 2547 randa
224 2487 385 2560 responsat
403 2489 521 2560 Integra
536 2489 668 2557 libertas,
686 2503 793 2542 secura
809 2485 949 2541 felicitas!

118 2580 172 2638 Cui
189 2579 267 2635 enim
282 2579 346 2633 haec
356 2579 435 2633 Deus
448 2578 641 2648 respondebit
656 2577 770 2631 auditui
786 2576 853 2647 ejus
869 2576 953 2631 dabit

118 2668 257 2742 gaudium
273 2666 420 2722 ineffabile
436 2673 465 2721 et
476 2666 621 2734 letitiam,
630 2682 688 2737 qua
701 2666 873 2720 exaltabunt
884 2668 953 2719 tunc

120 2774 186 2814 essa
200 2758 354 2812 bumiliata
370 2773 446 2810 rruac
462 2756 720 2824 (Psal.1.).Merita
738 2756 815 2810 enim
832 2755 953 2809 humilia

120 2851 189 2903 sunt
205 2862 294 2915 nunc,
305 2847 426 2916 praemia
446 2846 584 2900 sublimia
600 2849 680 2900 tunc.
697 2845 771 2900 Nam
788 2846 836 2918 qui
852 2861 884 2900 sc
900 2844 955 2898 bu·

119 2936 216 2993 miliat
231 2935 415 2992 exaltabitur
428 2936 509 3006 (Luc.
527 2937 599 3006 xiv).

1008 2045 1248 2116 contemptibilis,
1260 2046 1289 2099 in
1305 2046 1469 2100 novissimo
1482 2047 1561 2100 Deus
1576 2046 1835 2100 videndusestter-

1008 2135 1118 2190 ribilis:
1137 2137 1166 2189 in
1183 2136 1241 2189 isto
1256 2135 1352 2189 medio
1374 2135 1519 2189 mirabilis
1535 2139 1563 2189 ot
1577 2135 1726 2204 amabitis,
1743 2139 1775 2190 ut
1789 2149 1838 2189 nec

1009 2228 1129 2295 propter
1152 2224 1351 2297 dignationem
1375 2225 1478 2296 gratiae
1494 2224 1658 2296 pariquam
1682 2239 1718 2278 se
1733 2224 1840 2295 praebet

1011 2313 1166 2368 amabilem
1181 2317 1285 2383 posset
1299 2313 1564 2383 essecontemptui,
1582 2313 1634 2368 sed
1645 2312 1838 2379 admirationi,

1009 2419 1065 2457 nec
1074 2406 1194 2473 propter
1202 2402 1451 2474 magnificentiam
1464 2402 1567 2474 gloriae
1577 2418 1634 2473 qua
1643 2402 1790 2457 mirabilis
1801 2417 1842 2471 ap

1010 2494 1102 2562 paret,
1113 2491 1273 2561 sitterrori,
1282 2491 1334 2545 sed
1348 2491 1553 2546 consolationi.
1563 2491 1603 2545 De
1613 2490 1707 2561 primo
1720 2491 1841 2546 dicitiu-

1011 2579 1104 2634 daeus:
1122 2579 1253 2633 Vidimus
1263 2595 1326 2633 cum
1338 2585 1367 2633 et
1377 2585 1506 2634 norrorut
1516 2579 1545 2633 ei
1553 2581 1671 2651 speeies
1685 2596 1781 2652 neque
1798 2580 1841 2634 o'e·

1013 2685 1064 2724 cor
1074 2668 1146 2735 (Isa.
1160 2670 1231 2739 aar).
1243 2668 1768 2739 DeultimoexpavitetiamjustusAEt
1781 2669 1842 2741 qiris

1010 2760 1132 2832 poterit,
1150 2758 1345 2828 inquit,stare
1361 2758 1398 2812 all
1411 2758 1567 2812 videndam
1590 2758 1675 2812 eitra?
1687 2757 1791 2827 (ibid.)
1805 2758 1843 2813 De

1013 2847 1240 2917 istoapostolus:
1266 2845 1522 2901 Gloriamllomiai
1536 2846 1845 2918 speculantesiaaam·

1015 2937 1081 2992 dem
1098 2936 1348 2989 transformantur
1363 2936 1520 3007 imaginum
1532 2952 1547 2989 a
1560 2935 1699 2990 claritate
1716 2938 1748 2989 in
1760 2936 1844 2990 clari·

187 3028 249 3082 Tm.
266 3025 405 3082 XXXIV.
422 3025 466 3079 De
482 3026 581 3081 tribus
597 3027 708 3099 linguis
726 3026 884 3080 bominum.
978 3056 1003 3118 G
1019 3032 1271 3097 tateartanquanra
1284 3025 1402 3080 Domini
1415 3025 1524 3096 spiritu
1540 3024 1579 3094 (ll
1590 3024 1719 3095 Conui).
1737 3025 1845 3080 Occur-

157 3135 535 3210 Eruntquirrquecivitates
546 3135 576 3188 in
589 3141 672 3189 terra
684 3135 823 3206 AEgypti,
838 3134 958 3206 loquea-

125 3232 171 3284 tes
185 3226 285 3299 lingua
302 3226 442 3279 Cbanaaa
456 3224 526 3293 (isa.
554 3226 627 3294 xix).
644 3225 718 3278 Tres
743 3226 822 3292 sunt,
848 3223 958 3294 linguae

124 3317 278 3388 AEgyptia.
295 3315 469 3377 Cliananaea,
490 3312 634 3382 Hebraea,
660 3316 688 3367 et
704 3314 779 3367 inter
794 3329 846 3366 eas
861 3316 959 3366 tamen

125 3405 223 3476 magis
236 3403 335 3456 affinis
352 3402 499 3468 Hebraeae,
521 3401 686 3455 Chananaaa
702 3405 758 3456 eet.
776 3402 902 3456 Hebraea
918 3402 960 3454 lo·

127 3489 960 3565 quunturangeli,AEgyptiacabominesmali,Chananaea

127 3577 960 3648 boni.Chananeusinterpretaturcommotas.llicestqui

127 3664 961 3743 jamcommoveturperpoenitentiamutexeatdeAEgyp-

129 3760 303 3816 tovitiorum
315 3761 343 3812 et
354 3756 592 3817 perdesiderium
603 3754 705 3826 patrica
713 3754 748 3808 tio
756 3753 886 3826 AEgypto
895 3770 959 3808 car-

131 3840 960 3916 nissum.Hebraeusautemquijtmtransivit.lnAEgpp·

132 3943 161 3994 to
172 3939 369 4009 igiturnostra
378 3936 536 4006 loquuntur
548 3933 683 4005 AEgypti,
691 3933 963 4004 quinquecivitntee

132 4028 164 4082 in
174 4027 271 4096 malis,
284 4027 352 4079 dum
364 4025 495 4095 quinque
513 4039 623 4077 sensus
635 4038 736 4078 eorum
748 4021 858 4076 iaciunt
875 4037 965 4091 opera

134 4114 244 4184 carnis,
254 4114 336 4168 idest
344 4112 478 4184 AEgvpti.
490 4112 642 4183 Loquntur
653 4112 683 4165 in
692 4110 823 4183 AEgypto
836 4111 965 4182 quinque

135 4204 270 4260 civitates
285 4203 431 4257 bonorum
447 4201 547 4272 lingua
563 4200 739 4268 Chenanaen,
754 4200 821 4253 dum
837 4192 966 4271 quinque

1016 3131 1117 3172 ramus
1134 3116 1224 3186 igitur
1238 3114 1353 3168 obviam
1369 3115 1513 3168 Salvatori
1525 3119 1638 3169 nostro.
1651 3115 1847 3186 Responden-

1017 3208 1086 3262 dum
1102 3209 1148 3260 est
1161 3204 1229 3258 buic
1255 3204 1357 3257 nuntio
1376 3203 1454 3258 bono
1471 3204 1506 3257 de
1529 3206 1606 3257 terra
1622 3204 1797 3276 longinqua,
1822 3205 1848 3260 id

1017 3298 1063 3350 est
1074 3293 1234 3348 viventium
1245 3309 1261 3371 a
1272 3296 1350 3347 terra
1362 3293 1549 3347 morientium
1571 3292 1735 3365 longinqua
1758 3296 1848 3366 primo

1017 3382 1155 3438 adventui
1180 3366 1395 3437 occurrendum
1411 3385 1457 3435 est
1479 3380 1585 3437 affectu
1601 3387 1629 3437 et
1652 3383 1848 3438 exsultatione

1019 3473 1130 3541 cordis3
1142 3471 1244 3526 ultimo
1254 3473 1333 3525 motu
1341 3474 1367 3525 et
1377 3471 1573 3526 exsultatione
1583 3472 1729 3542 corporis,
1741 3474 1850 3528 etsiout

1018 3562 1086 3616 tanc
1095 3560 1271 3630 corporibus
1279 3561 1390 3614 nostris
1400 3561 1589 3632 rapiemuria
1600 3560 1729 3615 trabibus
1738 3561 1851 3616 obviarn

1021 3649 1273 3719 Cbristoinaera,
1289 3655 1318 3704 et
1329 3650 1373 3704 sic
1390 3666 1509 3722 semper
1520 3667 1582 3705 eiam
1600 3649 1724 3705 Domino
1743 3652 1853 3706 erimus

1021 3736 1063 3810 (ll
1073 3736 1175 3792 Tbcss.
1186 3739 1237 3808 iv),
1246 3737 1291 3792 sic
1300 3741 1328 3792 et
1336 3739 1423 3793 modo
1434 3738 1814 3809 euntnubesapostolorum
1826 3741 1853 3793 et

1020 3827 1229 3899 prophetarum
1241 3843 1307 3900 quae
1329 3829 1491 3883 concedant
1510 3829 1593 3883 vices
1604 3845 1686 3899 suaa,
1704 3828 1729 3882 si
1744 3843 1852 3883 sensus

1022 3919 1115 3972 nostri
1126 3932 1183 3972 non
1195 3914 1304 3972 tuerint
1314 3918 1401 3988 pigri,
1413 3922 1558 3988 terraeque
1571 3917 1658 3971 nimis
1670 3917 1768 3986 aitixi3
1786 3933 1849 3971 nam

1022 4008 1108 4080 quasi
1123 4005 1259 4061 vehiculo
1275 4008 1362 4060 nubis
1379 4023 1510 4078 cousque
1527 4006 1729 4074 sublevantur,
1747 4011 1778 4061 ut
1790 4007 1853 4078 glo·

1023 4095 1852 4167 riamDominiquantulamcunquemoi·cunturspeculari;

1025 4187 1112 4241 etsie
1129 4200 1195 4239 cum
1220 4185 1343 4239 Domino
1366 4185 1460 4239 simus
1484 4186 1529 4239 vet
1549 4185 1667 4238 dimidia
1685 4185 1768 4239 born.
1794 4185 1853 4240 Nos

136 4308 246 4365 sensus
262 4306 365 4349 eorum
384 4290 615 4358 commoventur,
641 4291 673 4343 ut
688 4288 854 4359 relinquant
876 4303 968 4358 opera
1025 4277 1134 4346 itaque,
1147 4273 1486 4344 iratres,quosnondam
1497 4272 1855 4346 consolaturlongaexpe·

137 4385 247 4445 carnia.
263 4383 409 4438 Hebraeus
426 4382 530 4436 non'in
545 4378 687 4451 AEgvpto,
706 4379 759 4433 sed
776 4379 805 4432 in
820 4361 1011 4433 coelom-D
1027 4363 1141 4432 rientia,
1155 4366 1185 4416 ut
1199 4363 1343 4433 patientes
1364 4362 1458 4417 simas
1481 4378 1576 4433 usque
1597 4363 1633 4417 ad
1656 4363 1793 4418 ultimum
1807 4361 1857 4418 nd·

137 4479 191 4534 des
219 4477 314 4545 senat,
344 4473 394 4528 nbi
422 4471 518 4527 omnis
544 4470 671 4541 spiritus
699 4467 966 4523 laudetDomiaum

137 4566 233 4640 (Psal.
249 4567 306 4639 cn).

218 4656 280 4712 Tm.
299 4652 425 4710 XXXV.
442 4649 486 4706 De
503 4648 616 4721 tripiici
631 4648 761 4703 adventa
772 4645 900 4702 Domini.

175 4748 255 4803 Ecce
270 4746 414 4801 [textrina
431 4745 510 4796 venit
527 4738 583 4793 tibi
601 4741 771 4792 rnansuctas
786 4741 815 4789 et
834 4735 974 4793 Salvator

141 4836 244 4908 (Zacb.
255 4839 307 4904 rx).
319 4833 394 4887 Tres
406 4834 475 4885 sant
486 4829 631 4883 adventus
640 4826 767 4895 Domini,
783 4824 819 4878 ad
837 4824 973 4879 homines

143 4926 286 4991 incarne,
307 4922 337 4976 in
353 4920 488 4974 hominos
504 4921 532 4972 in
544 4918 659 4988 spiritu,
677 4915 822 4969 adversus
839 4913 975 4968 homines

143 5011 309 5084 injudicio.
323 5008 566 5063 lateradventum
581 5008 708 5076 primum
723 5007 752 5058 et
767 5003 974 5071 novissimum,

144 5104 302 5161 crebereet
312 5095 706 5165 adventustemporemedio,
720 5093 909 5147 eoniormans
922 5106 976 5146 noe

144 5189 282 5250 adventui
297 5188 392 5259 primo
408 5189 437 5241 et
461 5199 632 5255 praeparans
648 5183 824 5237 novissimo.
849 5180 895 5235 ad
920 5181 977 5236 boc

145 5278 365 5354 namquemodo
376 5275 456 5331 venit
467 5274 568 5339 innos,
578 5286 615 5324 ne
626 5272 720 5340 primo
729 5271 856 5326 adventu
866 5268 977 5324 frustra

145 5370 261 5432 venerit
271 5368 307 5424 ad
322 5383 387 5434 nos,
405 5363 452 5418 vel
469 5377 505 5416 ne
518 5359 683 5415 novissimo
698 5360 791 5413 iratus
809 5358 908 5414 veniat
927 5358 978 5413 ad·

146 5477 255 5521 versus
270 5473 336 5516 nos.
354 5450 543 5524 Hocquidom
554 5448 680 5503 adventu
692 5448 801 5520 satagit
817 5447 978 5505 reformare

148 5536 980 5617 sensumsuperbieenostroeconfiguratumsensuihumi·

147 5642 239 5703 litatio
250 5654 324 5712 suae,
335 5647 423 5711 quam
430 5627 655 5711 ptimeveuieae
665 5625 808 5702 exhibuit,
815 5628 847 5684 ut
856 5626 979 5705 perinde

1028 4455 1148 4507 ventum
1164 4450 1290 4519 Domini,
1312 4451 1483 4506 consoletur
1506 4452 1621 4505 interim
1638 4456 1718 4505 certa
1739 4453 1815 4507 tides
1834 4454 1860 4508 et

1028 4556 1102 4613 pura
1118 4540 1375 4611 conscientiaquae
1388 4555 1454 4594 euin
1471 4540 1605 4610 apostolo
1621 4540 1713 4596 dicat:
1731 4542 1803 4597 Seio
1817 4540 1861 4596 eal

1030 4628 1157 4694 credidi,
1180 4632 1209 4682 et
1228 4634 1330 4682 certus
1350 4642 1412 4682 sara
1434 4630 1500 4701 quia
1518 4635 1681 4700 potensest
1698 4630 1860 4703 ‹lepositaar

1030 4735 1113 4775 suam
1128 4732 1256 4772 servare
1270 4718 1302 4771 in
1318 4715 1399 4771 illum
1414 4717 1492 4772 diem
1507 4716 1550 4787 tl!
1570 4715 1642 4773 Tim.
1660 4719 1701 4789 a).
1729 4720 1757 4774 id
1775 4719 1862 4776 estin

1031 4809 1189 4864 adventum
1206 4807 1304 4878 magni
1322 4804 1384 4860 Dei.
1401 4804 1456 4870 Qui
1469 4807 1539 4859 vivit
1555 4811 1711 4879 etregnat,
1728 4812 1786 4864 otc.

1103 4896 1166 4952 Tm.
1183 4893 1321 4950 XXXVI.
1339 4893 1383 4949 De
1397 4897 1480 4966 virga
1493 4902 1522 4948 ct
1536 4893 1610 4950 liora
1625 4896 1793 4953 moraliter.

1066 4985 1254 5058 Egredietur
1264 4984 1500 5056 virgaderadiee
1509 4983 1605 5053 lesse,
1617 4991 1646 5039 et
1655 4984 1710 5040 ilos
1719 4986 1863 5042 deradice

1034 5079 1098 5151 ejus
1109 5074 1250 5131 ascendet
1261 5070 1330 5144 (isa.
1343 5071 1488 5143 xit.Virga
1497 5076 1543 5126 est
1552 5071 1653 5142 Maria,
1666 5077 1694 5127 et
1705 5074 1864 5130 ilostris·

1033 5171 1091 5222 tue.
1106 5165 1197 5237 Virga
1206 5163 1233 5217 ei
1242 5163 1292 5234 qui
1304 5177 1362 5216 non
1378 5161 1491 5233 indiget
1510 5161 1723 5233 increpatione,
1736 5165 1792 5219 scd
1804 5180 1865 5220 cor¹

1033 5255 1164 5312 rectione
1184 5256 1213 5309 et
1236 5251 1392 5323 suppliciis
1414 5251 1560 5321 plectitur.
1587 5248 1657 5306 Flos
1682 5252 1710 5307 ei
1735 5255 1787 5324 qui
1811 5264 1865 5310 noo

1034 5344 1217 5400 correctione
1232 5342 1346 5414 indiget
1359 5341 1442 5410 dura,
1460 5341 1513 5395 sed
1529 5341 1708 5411 eruditione,
1725 5342 1773 5397 vel
1791 5344 1866 5399 oeae

1034 5449 1093 5492 non
1109 5433 1222 5505 indiget
1237 5431 1343 5501 poenis,
1367 5430 1422 5485 sed
1437 5429 1552 5484 volente
1568 5445 1584 5483 a
1599 5430 1671 5484 tiore
1693 5430 1828 5504 incipere
1843 5431 1868 5488 et

1035 5524 1072 5581 ad
1081 5523 1208 5578 fructum
1215 5520 1387 5593 perducere.
1401 5519 1454 5574 Vis
1464 5518 1565 5576 videre
1577 5518 1753 5575 imitatorem
1759 5517 1869 5578 Cbrieti

1036 5619 1151 5698 virgam
1160 5616 1189 5674 et
1199 5614 1321 5670 iterem?
1330 5611 1366 5669 de
1380 5610 1466 5687 virga
1475 5609 1593 5689 quidem
1608 5607 1692 5670 dicit:
1712 5606 1792 5687 Quid
1804 5607 1869 5673 vul·
