3816 6030
56 234 119 300 813

645 243 958 343 MlSCELLANEA.
984 283 1020 293 -
1043 248 1112 310 LlB
1147 249 1202 312 VI.

1731 263 1792 327 814

53 440 86 491 et
102 438 138 492 de
153 438 245 492 ubere
257 439 476 509 compassionis
488 440 532 495 lac
545 441 711 511 exprimere
723 442 896 499 consolatio·
911 425 939 487 Α
955 445 1111 502 adhibetur
1124 449 1256 506 bitumen
1277 452 1476 524 virginitatiS,
1500 458 1601 510 contra
1618 458 1790 528 superbiam

51 527 116 580 nis
142 527 275 582 Gaudere
300 529 414 583 scilicet
439 546 506 584 cum
538 530 747 603 gaudentibuS,
771 535 799 587 et
824 533 896 587 llere

53 630 127 668 eum
143 616 293 671 nantibus.

130 705 192 759 Τιι.
206 705 254 760 lV.
267 706 448 777 Desponsam
460 725 476 761 a
489 709 602 780 triplici
612 710 722 781 spiritu
733 710 837 781 accipi.

94 794 279 866 Responsum
290 795 397 866 accipit
407 796 526 851 Simeon
538 814 554 852 a
571 799 688 870 Spiritu
701 805 804 853 sancto
814 799 897 868 (Luc.

51 883 102 954 ιι).
126 883 293 954 Aliquando
316 883 404 939 homo
425 886 531 956 accipit
554 903 765 957 responsuma
789 887 898 957 Spiritu

53 976 174 1040 saneto,
191 972 349 1043 aliquando
374 990 390 1026 a
406 974 512 1044 spiritu
528 976 614 1045 nralc,
630 976 788 1047 aliquando
802 992 819 1030 a
834 976 898 1046 spi-

50 1060 117 1114 ritu
142 1077 207 1115 suo.
225 1060 349 1125 Quando
365 1064 472 1132 accipit
491 1080 508 1117 a
531 1064 636 1134 spiritu
660 1065 753 1134 malo,
779 1081 899 1135 semper

53 1148 223 1218 deluditur3
239 1151 358 1220 quando
383 1167 399 1205 a
423 1151 529 1221 spiritu
553 1169 608 1207 suo
633 1169 713 1224 saepe
738 1154 898 1224 decipitur3

50 1237 174 1307 quando
190 1238 330 1308 aSpiritu
345 1243 449 1296 sancto
467 1257 616 1311 nunquam
631 1241 752 1297 fallitur.
770 1242 898 1312 Spiritus

54 1325 154 1380 malus
162 1327 410 1398 semperdoludit,
418 1329 676 1398 spiritusheminis
688 1347 768 1400 saepe
777 1330 895 1400 decipit,

50 1412 185 1484 Spiritus
197 1420 319 1470 sanctus
331 1432 450 1488 semper
460 1418 536 1473 bene
548 1419 632 1475 docet
642 1424 670 1474 et
679 1420 806 1474 instruit.
822 1419 897 1473 Nam

52 1503 174 1572 quoties
186 1504 233 1557 dat
244 1520 433 1575 responsum,
451 1507 547 1561 reddit
556 1509 669 1562 veritati
683 1508 893 1574 testimonium,

54 1607 246 1662 sponsorque
263 1596 291 1646 et
306 1593 391 1648 testis
401 1594 437 1648 de
448 1596 787 1668 seipsoiaeitjudicium.
801 1596 896 1668 Spiri-

56 1686 116 1749 tuS,
134 1680 237 1751 inquit,
251 1688 405 1736 scrutatur
418 1684 510 1737 rerba
520 1685 576 1739 Der
589 1683 616 1743 (l
623 1686 690 1740 Cor.
704 1685 746 1754 rr).
759 1687 813 1739 Dat
822 1701 894 1757 ergo

53 1767 185 1839 Spiritus
212 1773 336 1825 sanetus
366 1788 545 1842 responsum
567 1790 620 1843 per
653 1774 893 1844 inspirationem,

57 1873 148 1928 quam
163 1860 300 1929 suggerit
313 1877 318 1914 :
331 1861 532 1916 testimonium
544 1879 596 1933 per
611 1864 736 1934 gratiam
751 1880 838 1935 quam
850 1864 896 1917 in-

56 1945 171 2012 fundit,
191 1947 337 2018 judicium
361 1965 415 2019 per
439 1951 649 2006 discretionem
674 1968 761 2022 quam
785 1952 896 2008 tribuit.

57 2035 133 2101 Quia
148 2052 219 2090 vero
235 2037 335 2091 multae
360 2042 429 2092 sunt
449 2041 673 2111 suggestiones
690 2044 718 2095 ct
737 2056 795 2094 non
813 2041 899 2096 facile

57 2124 240 2179 credendum
269 2129 315 2179 est
344 2128 422 2181 omni
456 2128 588 2198 spiritui,
617 2129 711 2200 gratia
742 2129 899 2200 cujusdam

57 2212 896 2288 optimisaporisbonospirituitestimoniumredditlpsc,

55 2302 161 2372 inquit,
181 2302 316 2373 Spiritus
328 2305 527 2359 testimonium
546 2305 648 2360 reddit
659 2305 782 2377 spiritui
798 2311 901 2361 nostro

57 2390 154 2457 (Dora.
181 2392 255 2460 vni).
272 2392 415 2456 Quoniam
430 2393 528 2463 ipsum
554 2397 674 2464 gustum
701 2395 832 2448 acernis
854 2394 900 2448 al-

59 2478 251 2549 sectionibus,
268 2481 392 2535 scientia
408 2481 562 2552 judicandi
586 2482 739 2538 discrevit.
765 2483 900 2554 Spiritus

61 2567 141 2621 enim
152 2567 371 2640 omniajndicat
382 2569 410 2640 (I
418 2570 485 2625 Cor.
496 2574 543 2642 rr),
556 2572 729 2643 attingensa
742 2571 800 2626 fine
811 2589 900 2645 usque

61 2655 100 2710 ad
111 2655 331 2712 finemfcrtiter
341 2657 503 2731 (Sapvur).
518 2660 665 2730 Aspiratic
680 2676 752 2732 ergo
764 2661 894 2733 judicat,

61 2745 157 2816 gratia
177 2747 370 2816 commendat,
387 2749 510 2802 scientia
532 2749 721 2804 discretionis
744 2750 900 2805 examinat.

59 2833 234 2906 Quicunque
249 2835 296 2889 his
320 2835 438 2891 luleitur
457 2838 681 2893 auctoritatibus
706 2841 734 2893 ct
758 2838 901 2894 circums-

60 2923 174 2992 tantiis,
191 2923 374 2979 huicseeure
386 2927 546 2981 assentias.

61 3011 126 3067 Τιι.
144 3010 192 3067 Vl.
206 3012 249 3068 De
258 3012 385 3084 infirmo,
399 3031 486 3070 causa
500 3016 589 3084 mobi,
603 3017 716 3072 medico
726 3022 755 3071 et
765 3015 901 3072 remedio

426 3103 533 3159 morbi.

100 3189 213 3245 Infelix
219 3190 320 3245 bomo!
329 3192 395 3264 quis
405 3208 451 3247 me
460 3191 604 3247 liberabit
615 3193 784 3265 decerpere
794 3194 902 3248 mortis

60 3278 173 3351 lrnjus?
192 3278 285 3344 (Hom.
306 3282 370 3350 vu).
383 3280 438 3334 llic
459 3284 584 3351 quatuor
599 3281 814 3336 consideranda
830 3297 836 3336 :
854 3282 901 3336 in-

61 3367 178 3437 firmus,
197 3383 286 3422 causa
301 3369 406 3439 morbi,
423 3370 557 3425 medicus
574 3373 602 3425 et
617 3370 789 3425 remedium.
808 3370 902 3424 Medi-

63 3472 119 3510 cus
131 3456 221 3526 Deua,
233 3457 368 3512 inllrmus
380 3458 478 3527 homo,
491 3475 581 3513 causa
592 3459 779 3513 morbiamor
789 3459 901 3530 mundi,

63 3545 228 3599 remedium
242 3561 325 3601 amor
344 3547 407 3601 Dei.
424 3547 538 3601 llorum
557 3545 721 3603 dillerentra
744 3548 808 3602 baec
831 3551 901 3603 est:

68 3636 163 3688 Amor
183 3635 285 3688 mundi
306 3634 337 3688 in
359 3635 504 3706 principio
529 3635 634 3706 dulcis,
652 3636 682 3690 in
707 3636 767 3691 tine
783 3652 902 3691 amarus

65 3723 171 3792 nimis,
194 3739 277 3778 amor
291 3724 343 3778 Dei
358 3725 395 3778 ab
410 3725 604 3779 amaritudine
620 3724 732 3795 incipit,
758 3725 857 3779 finitur
872 3725 903 3778 in

65 3811 253 3866 dulcedinem
268 3829 414 3885 magnam.
432 3812 517 3867 Unde
532 3812 752 3867 architriclinus
768 3828 900 3884 sponso:

66 3900 170 3955 Omnis
186 3901 269 3955 bomo
285 3902 413 3973 primunr
429 3901 535 3956 bonum
554 3903 651 3956 vinum
658 3903 759 3973 ponit,·
770 3902 824 3956 sed
838 3918 902 3956 cum

61 3989 209 4044 inebriati
226 3987 355 4061 fuerint,
373 3996 441 4046 tunc
464 3992 497 4046 id
516 3991 591 4063 quod
610 3991 746 4046 deterius
760 3997 820 4056 est,
839 3995 895 4045 etc.

63 4079 161 4146 (doen.
178 4080 220 4149 rr).

62 4167 126 4223 Trr.
145 4168 193 4221 Vl.
206 4167 250 4222 De
270 4168 384 4239 triplici
394 4169 501 4239 edicto,
514 4176 543 4223 et
562 4169 599 4224 de
615 4169 721 4241 Moyse
740 4168 772 4222 in
790 4167 903 4224 fiscella

189 4256 296 4326 clauso,
310 4257 549 4329 perallegoriam
565 4258 603 4312 ad
616 4258 778 4312 Christum.

99 4345 186 4400 Exiit
205 4346 365 4401 edictuma
386 4345 506 4400 Caesare
520 4347 664 4418 Augusto,
681 4349 737 4399 etc.
758 4342 838 4403 (Luc.
859 4346 901 4414 ιι).
917 4354 945 4416 1)

63 4435 134 4490 Tria
149 4437 218 4490 sunt
233 4434 328 4488 edicta
346 4450 352 4488 :
370 4435 501 4488 Primum
516 4434 552 4487 ad
568 4434 782 4503 liberationem,
800 4450 905 4488 secun·

64 4524 135 4579 dum
165 4523 202 4577 ad
227 4524 451 4594 purgationem,
484 4524 604 4578 tertium
633 4526 669 4577 ad
698 4523 901 4578 salvationem.

64 4613 197 4667 Primum
220 4612 310 4666 exivit
329 4628 345 4665 a
361 4612 515 4682 sapientia,
538 4611 702 4667 secundnm
725 4611 902 4682 apotentia,

64 4701 184 4756 tertium
199 4700 331 4772 egloria.
345 4699 411 4755 Nisi
423 4700 567 4770 sapientia
582 4701 686 4770 exiret,
703 4699 832 4770 potentia
844 4715 904 4755 non

66 4791 195 4846 salvaret
210 4805 276 4859 neS,
294 4805 348 4844 nee
361 4789 456 4861 gloria
465 4790 637 4844 vivificaret.
655 4788 754 4843 Exivit
764 4788 843 4843 illius
854 4787 904 4858 qui

66 4879 116 4934 diu
131 4879 224 4933 latuit.
240 4877 322 4932 Sicut
338 4876 489 4947 Scriptura
504 4878 553 4946 ait,
571 4879 691 4948 Mogses
706 4876 789 4930 latuit
804 4877 901 4931 tribus

66 4968 222 5024 mensibus
238 4967 268 5020 in
276 4966 363 5021 domo
372 4967 464 5037 patris
475 4966 598 5037 :OExod
606 4964 646 5035 ιι),
658 4964 796 5020 Christus
808 4964 904 5018 tribus

66 5057 249 5127 temporibus
275 5055 305 5109 in
325 5055 393 5109 sinu
417 5055 537 5110 Patris:
561 5057 627 5109 ante
648 5054 811 5124 diluvium,
836 5055 904 5124 post

66 5147 218 5217 diluvium,
245 5151 313 5217 post
336 5145 443 5217 legem.
474 5144 513 5197 Ut
541 5146 626 5199 exeat
657 5143 766 5199 texitur
790 5142 904 5196 fiscella

65 5236 192 5306 scirpea.
219 5235 347 5289 Fiscella
379 5239 425 5288 est
451 5232 560 5299 Maria,
591 5232 718 5302 scirpea,
745 5231 845 5302 fragili
866 5245 904 5285 ex

66 5339 154 5379 carne
170 5324 235 5378 sine
249 5324 328 5378 nodo
339 5321 444 5392 eulpae.
458 5323 576 5378 Recens
586 5321 617 5374 in
627 5335 779 5390 aquarorc
789 5319 902 5391 gratiae,

66 5414 132 5484 pice
148 5416 176 5466 et
190 5412 332 5467 bitumine
347 5412 449 5466 linitur
463 5425 501 5464 ne
522 5408 714 5478 dissolvatur,
737 5423 813 5462 neve
829 5422 904 5479 aqua

65 5503 163 5557 intret.
184 5502 247 5559 Duo
258 5504 327 5558 sunt
346 5501 423 5556 mala
435 5499 583 5555 bominis:
603 5513 695 5553 unum
711 5497 904 5566 earnis,alte·

65 5606 133 5651 rum
145 5591 279 5667 spiritus,
291 5590 409 5649 luxuria
424 5591 453 5649 et
467 5587 617 5663 superbia.
634 5587 743 5645 Contra
756 5584 904 5644 luxuriam

956 535 1005 604 pix
1021 536 1210 609 humilitatis3
1234 545 1262 595 et
1281 541 1347 596 ideo
1366 558 1441 613 aqua
1462 543 1593 599 libidinis
1615 561 1674 600 non
1693 551 1792 617 potest

955 624 1088 696 influere,
1101 628 1169 697 quia
1182 644 1298 684 carnem
1310 630 1418 684 claudit
1432 631 1574 702 bitumen,
1586 650 1641 688 nee
1652 637 1792 706 superbia

957 716 1052 782 potest
1074 715 1251 785 dissolvere,
1268 719 1336 788 quia
1361 719 1412 788 pix
1434 720 1545 791 sigillat
1560 726 1697 779 mentem.
1716 726 1794 781 Audi

956 817 1060 856 vocem
1068 803 1232 858 bituminis:
1243 803 1382 869 Quoniam
1392 808 1486 862 virum
1495 813 1790 882 rrorrcoqaosco(bne.

956 889 984 948 r).
1002 890 1079 944 Audi
1098 892 1194 961 picem
1216 893 1394 963 liquentem:
1419 896 1498 951 Ecce
1518 899 1625 953 ancilla
1650 900 1770 956 Domini
1781 922 1791 969 ,·

957 977 1008 1033 bat
1035 980 1109 1033 milri
1141 982 1302 1036 secundam
1326 984 1448 1039 verbum
1470 992 1547 1040 tuum
1568 988 1667 1060 (ibid).
1689 989 1793 1046 Valida

957 1067 1069 1147 fiscella
1094 1068 1218 1124 interius
1243 1087 1329 1125 omne
1354 1073 1465 1128 bonum
1490 1076 1618 1131 continet
1636 1078 1792 1134 :exterius

957 1155 1068 1210 nullum
1085 1157 1193 1212 malum
1206 1161 1330 1215 accedit.
1348 1161 1381 1215 ln
1396 1162 1445 1217 tali
1461 1179 1531 1218 vase
1548 1167 1628 1220 venit
1646 1167 1677 1222 in
1692 1166 1790 1240 AEgy·

955 1249 1037 1314 ptum
1052 1244 1142 1316 hujus
1159 1248 1259 1302 mundi
1276 1247 1429 1306 Dominus.

955 1368 1017 1422 Trr.
1031 1368 1092 1424 Vll.
1106 1369 1150 1424 De
1166 1371 1290 1442 vigiliis,
1310 1374 1423 1499 cambris
1438 1376 1552 1447 quando
1563 1383 1592 1432 et
1603 1379 1709 1450 quibus
1725 1395 1794 1434 sur·

1305 1460 1363 1515 qen
1387 1462 1442 1500 um.

990 1562 1070 1617 Hora
1092 1565 1206 1636 estjam
1228 1580 1280 1620 nos
1291 1566 1328 1622 de
1339 1583 1440 1624 somne
1459 1586 1587 1642 sarpere
1605 1572 1698 1638 (Hom.
1715 1575 1792 1646 xnr).

955 1652 1023 1706 Tria
1038 1653 1120 1722 pouit
1137 1669 1143 1707 ς
1161 1653 1274 1724 horam,
1292 1670 1439 1727 somnum,
1462 1661 1491 1712 et
1506 1676 1643 1732 surgere.
1662 1661 1794 1717 Fuerunt

912 1741 938 1803 Β
954 1743 1040 1811 quasi
1051 1741 1207 1812 cujusdam
1218 1744 1314 1797 noctis
1322 1745 1489 1801 tenebrosae
1499 1748 1610 1819 vigiliae
1619 1749 1794 1804 tres.Prima

955 1830 985 1883 in
1000 1829 1148 1900 paradiso,
1166 1831 1196 1884 in
1209 1847 1267 1901 qua
1285 1832 1420 1887 diabolus
1432 1835 1528 1889 tribus
1546 1837 1641 1891 modis
1656 1840 1748 1892 tentat
1764 1841 1795 1893 et

956 1921 1095 1986 superat:
1113 1934 1166 1987 per
1189 1920 1350 1990 avaritiam,
1374 1936 1428 1990 per
1451 1938 1557 1977 vanam
1579 1925 1722 1997 gloriam,
1739 1941 1795 1996 per

957 2006 1068 2076 gulam.
1091 2005 1227 2062 Secunda
1243 2007 1273 2060 iu
1289 2008 1354 2080 lege
1377 2010 1511 2075 naturali,
1537 2013 1567 2066 in
1590 2013 1700 2084 quibus
1722 2016 1795 2068 sunt

957 2095 1012 2148 tria
1027 2094 1136 2165 quibus
1152 2096 1249 2150 victus
1260 2095 1348 2152 bomo
1363 2097 1502 2168 desperat
1517 2115 1523 2153 :
1542 2100 1638 2156 hostis
1653 2103 1793 2157 instantia

958 2199 1012 2253 per
1032 2184 1269 2255 suggestionem,
1294 2186 1461 2258 malignitas
1484 2189 1582 2243 carnis
1605 2205 1658 2260 per
1681 2206 1793 2246 concu-

958 2270 1133 2341 piscaritiam
1142 2277 1170 2326 et
1186 2271 1568 2345 titillationemfragilitalis,
1580 2279 1688 2334 mentis
1703 2279 1793 2352 igno-

958 2360 1052 2413 rantia
1075 2375 1128 2429 per
1153 2360 1357 2415 alienationem
1380 2362 1523 2418 veritatis.
1547 2364 1644 2420 Tertia
1666 2368 1697 2422 in
1726 2367 1794 2441 lege

959 2450 1069 2518 scripta
1085 2448 1181 2519 Moysi
1190 2491 1197 2518 ,
1214 2449 1244 2502 in
1259 2465 1316 2519 qua
1330 2450 1385 2504 tria
1401 2454 1486 2520 sunt,
1502 2468 1556 2523 per
1573 2469 1640 2524 quae
1661 2458 1793 2511 moriens

959 2537 1047 2591 homo
1057 2538 1188 2607 exspirat
1198 2553 1204 2592 :
1215 2538 1320 2594 abusio
1330 2540 1537 2610 corporalium,
1548 2558 1636 2612 quam
1647 2543 1794 2599 iaciebant

959 2626 989 2679 in
1006 2642 1121 2697 manua,
1132 2627 1265 2681 dieentes
1276 2648 1284 2680 :
1296 2629 1490 2683 Revertamur
1503 2631 1541 2684 ad
1553 2630 1628 2686 ollas
1642 2634 1794 2704 earnium,

959 2716 1145 2787 trangressio
1168 2716 1365 2786 spiritualium
1388 2718 1610 2791 mandatorum,
1634 2721 1702 2776 dum
1724 2722 1795 2778 iacti

959 2807 1029 2857 sunt
1042 2805 1298 2875 prevaricatores,
1315 2806 1473 2861 obstinatio
1490 2809 1635 2864 malorum
1650 2811 1793 2877 cordium,

960 2908 1040 2962 saepe
1055 2893 1163 2947 etenim
1173 2895 1300 2965 correpti
1317 2895 1438 2966 pejores
1448 2900 1517 2950 sunt
1527 2896 1604 2952 lacti.
1616 2898 1691 2954 Tres
1707 2899 1793 2955 simi-

959 2981 1025 3035 liter
1042 2983 1111 3035 sunt
1126 2983 1243 3051 species
1259 2984 1375 3039 somni:
1393 2984 1490 3038 Prima
1513 3001 1570 3056 qua
1586 2986 1723 3042 dormitat
1743 3005 1797 3060 per
1861 3051 1862 3054 Ἴ

917 3066 943 3129 G
959 3070 1176 3142 cogitationem,
1192 3071 1288 3125 tribus
1303 3072 1399 3126 modis
1416 3088 1422 3126 :
1440 3074 1632 3138 immunditia,
1650 3091 1717 3131 eum
1732 3091 1796 3132 res·

958 3160 1059 3227 turpes
1081 3159 1230 3229 revolvit3
1253 3159 1403 3231 superbia,
1428 3177 1495 3214 cum
1519 3162 1549 3215 in
1570 3164 1737 3233 proximum
1761 3180 1795 3221 se

957 3246 1313 3318 crigit3concupiscentia,
1323 3265 1389 3303 enm
1398 3265 1448 3304 res
1461 3252 1588 3320 proximi
1597 3254 1792 3324 concupiscit.

956 3336 1092 3391 Secunda
1106 3352 1164 3407 qua
1180 3336 1287 3391 dormit
1301 3353 1354 3408 per
1368 3338 1556 3411 locutionem,
1573 3343 1669 3397 tribus
1685 3344 1793 3399 modis:

958 3440 1095 3479 sermone
1105 3441 1301 3495 supervacuo,
1313 3426 1500 3497 detractorio,
1511 3430 1685 3486 adulatorio.
1695 3432 1794 3487 Tertia

959 3517 1182 3584 quasoporatur
1189 3530 1243 3584 per
1251 3515 1452 3584 operationem
1460 3518 1556 3573 tribus
1572 3520 1684 3575 modis:
1700 3536 1789 3591 opere

957 3603 1156 3672 simulatorio,
1182 3603 1282 3673 impio,
1306 3605 1464 3675 impudico.
1490 3608 1565 3662 Dicit
1584 3609 1675 3681 igitur
1692 3625 1698 3665 :
1715 3609 1797 3665 Hora

959 3692 1081 3763 estjam
1099 3709 1152 3746 nos
1173 3692 1210 3747 de
1231 3708 1332 3747 somno
1354 3710 1491 3766 surpere.
1511 3697 1582 3750 Post
1595 3702 1657 3753 tres
1673 3698 1794 3769 vigilias

958 3782 1056 3835 noetis
1078 3783 1213 3852 sequitur
1236 3784 1339 3852 quarta
1361 3783 1480 3853 vigilia;
1496 3800 1563 3855 quae
1578 3790 1625 3840 est
1643 3786 1680 3840 ab
1696 3786 1796 3840 incar·

959 3870 1076 3925 natione
1093 3869 1209 3924 Domini
1224 3886 1320 3940 usque
1335 3870 1371 3923 ad
1387 3872 1476 3925 tinem
1491 3873 1604 3927 saeculi.
1623 3875 1797 3945 Postquam

958 3974 1019 4014 nox
1027 3975 1086 4013 non
1096 3963 1152 4028 est,
1162 3959 1216 4013 sed
1225 3959 1289 4012 dies
1299 3962 1438 4030 perpetua
1449 3960 1795 4034 :cheninrpraeeessit;

959 4049 1026 4103 dies
1036 4054 1133 4102 antem
1140 4048 1338 4120 appropinqua
1343 4049 1385 4102 vit
1395 4048 1489 4118 (Rern.
1500 4048 1572 4112 xm).
1579 4049 1687 4115 Quarta
1695 4051 1798 4124 vigilia

959 4137 1055 4192 noetis
1072 4153 1129 4208 qua
1145 4136 1287 4191 Dominus
1307 4137 1387 4191 venit
1410 4153 1501 4207 super
1521 4156 1625 4210 aquas,
1652 4140 1797 4210 tripartita

959 4230 1015 4297 cst,
1031 4227 1128 4280 tribus
1138 4225 1341 4296 principaliter
1350 4226 1432 4280 boris
1441 4227 1590 4283 distincta.
1603 4229 1700 4283 Prima
1710 4229 1795 4301 hora,

960 4320 1090 4385 tempore
1107 4318 1277 4384 martyrum,
1295 4314 1537 4385 obstrepentibus
1559 4317 1728 4388 haereticis3
1745 4333 1797 4374 se·

961 4405 1066 4473 cunda,
1075 4408 1207 4473 tempore
1215 4401 1432 4475 confessorum,
1443 4405 1656 4474 pullulantibus
1663 4402 1798 4477 hypocri-

960 4495 1014 4562 tis;
1031 4492 1114 4546 tertia
1129 4493 1185 4545 erit
1201 4508 1267 4546 cnm
1283 4491 1460 4564 refrigescet
1481 4494 1611 4548 charitas
1626 4494 1795 4548 multorum.

960 4582 993 4636 ln
1001 4581 1049 4636 his
1059 4581 1125 4635 etin
1135 4580 1194 4635 illis
1204 4581 1282 4635 sicut
1290 4596 1344 4651 per
1358 4583 1420 4635 tres
1429 4581 1549 4653 vigilias
1559 4581 1795 4651 dormitavimue,

961 4670 1154 4726 dormivimus
1169 4672 1197 4724 et
1216 4669 1346 4739 soporati
1363 4685 1476 4723 sumus.
1494 4669 1543 4724 Sic
1558 4672 1661 4740 quarta
1679 4667 1793 4742 vigilia,

959 4759 1055 4814 tribus
1070 4758 1166 4813 modis
1183 4758 1339 4828 oppositis,
1356 4757 1391 4811 de
1406 4773 1511 4813 somno
1527 4761 1690 4830 surgimus,
1705 4758 1795 4815 trium

960 4848 1145 4921 vigilantium
1160 4848 1336 4915 intentione;
1348 4847 1398 4916 qui
1413 4851 1482 4900 sunt
1498 4847 1660 4916 spiritualis
1668 4850 1793 4920 puritas,

962 4940 1063 4991 contra
1077 4935 1306 5006 immunditiam3
1330 4935 1493 5005 spiritualis
1511 4939 1669 5006 paupertas
1694 4939 1796 4992 contra

962 5025 1251 5095 concupiscentiam,
1267 5024 1329 5078 oris
1346 5023 1480 5077 custodia
1499 5029 1600 5079 contra
1617 5025 1727 5098 linguat
1748 5025 1795 5080 vi-

961 5117 1032 5170 tium
1042 5130 1048 5168 ε
1059 5114 1146 5184 idque
1155 5113 1251 5167 tribus
1262 5112 1372 5167 modis:
1386 5113 1495 5168 ostium
1507 5117 1538 5167 ut
1552 5114 1590 5168 sit
1600 5115 1795 5170 circumstan-

962 5207 1019 5274 tiae,
1031 5206 1132 5257 contra
1141 5216 1550 5273 sermonemsupervacuum3
1560 5203 1625 5258 laus
1637 5219 1794 5276 examore,

962 5297 1064 5350 contra
1084 5293 1304 5362 detractorium3
1321 5291 1431 5346 veritas
1447 5291 1477 5345 in
1492 5307 1552 5361 ore,
1570 5296 1671 5347 contra
1690 5290 1794 5346 adula-

960 5385 1078 5440 torium.
1094 5382 1203 5437 Tribus
1218 5381 1315 5437 modis
1330 5381 1417 5436 etiam
1431 5382 1557 5453 vigilare
1579 5382 1741 5436 excitamur
1763 5379 1796 5457 in

962 5474 1061 5546 operis
1077 5472 1269 5542 exhibitione,
1291 5487 1345 5542 per
1365 5474 1427 5526 tres
1452 5471 1613 5526 monitores
1630 5486 1636 5527 :
1653 5470 1704 5542 qui
1726 5470 1797 5525 sunt

962 5564 1071 5623 veritas
1091 5561 1215 5621 actualis
1238 5563 1341 5620 eontra
1361 5576 1437 5637 opus
1453 5558 1678 5631 simulatorium,
1699 5557 1794 5634 pietas
