3796 6022
131 218 191 284 aar
469 176 472 184 ’
512 212 726 283 irrsnmx
749 200 806 282 an
830 214 1020 285 ansonis
1041 218 1188 284 cenna
1208 170 1471 287 coenamus.
1797 222 1853 288 ιιι

133 420 188 477 aed
202 436 261 476 non
277 419 373 492 qualia
387 422 456 475 sunt
476 419 774 490 comprehenduntur.
793 420 843 475 Sic
864 421 963 493 itaque
977 401 1007 464 Α
1021 419 1143 476 Creator
1156 422 1191 476 ad
1208 423 1341 477 naturam
1360 423 1497 492 refertur,
1521 422 1656 477 Salvator
1673 422 1711 477 ad
1727 422 1849 494 culpam

133 525 187 580 per
212 510 306 565 solam
330 509 416 564 iidem
436 509 604 563 subsistunt
619 510 649 563 in
664 509 766 578 nobie,
783 511 812 564 ct
827 509 891 563 sola
907 510 964 564 ilde
1021 508 1084 564 Sub
1098 510 1164 582 lege
1180 513 1276 565 autem
1291 511 1401 582 scripta
1412 512 1504 566 crevit
1515 512 1654 585 cognitio,
1667 511 1786 583 quando
1795 512 1850 582 jam

133 599 296 670 probantur
310 613 326 651 a
341 596 442 665 nobis3
459 613 514 652 nco
529 597 608 652 aliud
628 600 835 670 argumentum
855 597 965 652 habere
1022 597 1057 652 de
1073 613 1201 668 persona
1226 600 1432 670 Redemptoris
1457 600 1612 655 manifeste
1637 601 1687 673 agi
1710 600 1811 671 caepit,
1827 606 1851 655 ct

134 701 305 757 possumus,
323 685 379 739 nisi
396 686 464 755 quia
480 685 629 741 credimus
641 685 688 740 illa
701 687 757 741 ilde
773 703 839 757 quae
855 686 967 741 ratione
1022 687 1157 741 Salvator
1166 703 1220 757 per
1230 687 1327 759 legem
1338 690 1481 758 promitti,
1499 692 1609 759 etpost
1623 689 1850 759 promissionem

126 788 193 829 'non
205 773 492 843 comprehendimus.
506 774 577 828 llaec
589 775 749 844 descriptio
761 774 828 828 ildei
840 774 969 830 ostendit
1022 776 1200 846 exspectari.
1218 775 1278 830 Sub
1302 777 1395 848 gratia
1419 780 1516 831 autem
1539 778 1636 831 adhuc
1657 777 1786 848 amplius
1802 793 1851 832 ex-

133 862 203 934 quid
215 862 301 916 iaciat
316 862 401 931 fides,
418 863 471 917 sed
487 864 515 916 in
530 878 565 917 eo
581 878 640 917 non
650 862 872 934 diiilniturquid
883 864 921 916 sit
936 862 969 915 ll·
1023 866 1116 919 crevit
1131 864 1270 935 cognitio,
1285 880 1351 918 cum
1362 865 1426 934 ipse
1434 864 1496 936 jam
1508 864 1643 920 Salvator
1660 880 1720 919 non
1731 868 1763 920 ut
1773 866 1851 937 prius

133 951 197 1005 dee.
208 949 364 1005 Estautem
376 951 589 1006 diiilnitiohdei
599 951 682 1006 haec:
701 951 794 1006 Fides
810 957 854 1005 cst
868 951 969 1006 volan·
1022 969 1037 1005 a
1054 952 1153 1007 multis
1164 954 1320 1023 putabatur
1330 953 1427 1008 solum
1438 954 1540 1023 homo,
1557 954 1610 1008 sed
1626 957 1654 1008 ct
1669 954 1751 1009 Deus
1767 969 1851 1008 verns

138 1038 352 1110 tariaquaedam
362 1040 684 1094 certitudoabsentium
695 1056 783 1111 snpra
793 1040 968 1111 opinionem,
1023 1041 1228 1096 manifestatus
1248 1045 1302 1095 est.
1320 1041 1355 1095 Et
1370 1042 1434 1112 ipse
1448 1042 1659 1112 redemptionis
1675 1043 1784 1098 modus
1799 1059 1852 1097 non

136 1127 968 1200 etintrascientiameonstituta.Etsoiendumquodaliud
1023 1130 1191 1184 interranea
1207 1129 1334 1183 culmine
1351 1130 1516 1200 potestatis,
1530 1130 1624 1184 sedin
1643 1134 1736 1186 morte
1752 1131 1853 1201 proba·

135 1219 181 1290 est
206 1216 336 1288 cognitio
361 1216 438 1287 ildei,
460 1217 538 1271 aliud
560 1217 645 1271 fides.
665 1214 739 1271 Cum
754 1217 831 1271 enim
846 1218 924 1272 idem
939 1217 971 1271 nt
1023 1220 1071 1272 tus
1087 1221 1133 1272 est
1147 1220 1284 1272 constare
1301 1217 1474 1273 Salvatoris.

138 1319 238 1360 sermo
247 1305 408 1359 inauribus
419 1305 669 1375 plurium,omnes
679 1306 833 1377 aequaliter
843 1305 970 1377 quoddi-
1129 1306 1191 1360 Trr.
1209 1306 1290 1360 xlx.
1307 1307 1352 1361 De
1364 1307 1529 1374 Charitate,
1543 1306 1619 1363 Fide
1634 1314 1664 1363 et
1679 1308 1750 1380 Spe.

134 1393 970 1465 citurintelligunt,sednonomnesaequalitercreduntet
1058 1394 1140 1449 Sicut
1159 1394 1284 1449 virtutes
1300 1395 1421 1466 reliquae
1445 1395 1554 1450 bonum
1570 1400 1682 1451 naturae
1708 1401 1798 1467 sunt,
1821 1398 1854 1450 ita
1894 1358 1897 1403 i

132 1483 333 1554 cognitionem
349 1482 494 1536 dictorum
504 1497 608 1536 omnes
617 1482 736 1553 habent,
748 1483 801 1536 sed
811 1481 898 1536 fldem
909 1499 968 1537 non
1023 1483 1151 1537 charitas
1168 1483 1278 1538 bonum
1292 1487 1339 1537 cst
1357 1485 1497 1538 virtutum
1521 1485 1670 1539 omnium:
1697 1501 1786 1557 quam
1809 1502 1853 1557 qui

132 1585 237 1626 omncs
252 1570 370 1624 habent.
381 1571 482 1625 Potest
494 1575 590 1625 autem
602 1571 732 1642 cognitio
744 1570 811 1624 tidei
823 1586 892 1625 esse
902 1573 967 1625 sine
1023 1571 1120 1641 habet,
1137 1573 1301 1626 secundum
1324 1571 1434 1642 aliquid
1460 1587 1576 1627 omnem
1597 1573 1735 1629 virtutem
1759 1574 1853 1629 babet.

132 1660 212 1714 omni
227 1659 303 1728 ilde,
319 1659 393 1713 lidos
409 1662 505 1713 autem
522 1659 587 1713 sine
602 1659 681 1713 omni
702 1661 871 1731 cognitione
897 1675 966 1715 csse
1023 1661 1118 1715 Habet
1145 1660 1222 1715 enim
1247 1660 1410 1715 secundum
1433 1660 1569 1716 ellectum
1594 1664 1680 1717 etiam
1700 1663 1768 1718 illas
1784 1679 1853 1735 quas

132 1764 191 1805 non
212 1751 318 1818 potest.
345 1747 428 1802 Multi
449 1750 547 1802 minen
570 1748 693 1803 credunt
721 1753 749 1803 ct
777 1764 836 1803 non
858 1716 1007 1803 habentB
1025 1749 1189 1804 secundum
1199 1748 1402 1804 ellectumnon
1414 1749 1511 1805 habet.
1522 1751 1653 1806 Virtutes
1663 1753 1743 1807 enim
1753 1751 1855 1808 affectu

132 1839 331 1910 cognitionem
353 1837 481 1891 omnium
512 1851 615 1891 eorum
638 1853 704 1908 ques
732 1838 868 1907 credunt,
899 1840 967 1909 quin
1024 1838 1134 1893 habere
1144 1854 1197 1908 per
1207 1839 1345 1909 gratiam,
1362 1838 1491 1893 studium
1503 1843 1532 1893 ct
1547 1841 1682 1895 meritum
1697 1840 1854 1896 humanum

133 1927 323 1982 credentibus
334 1929 363 1981 et
378 1926 632 1998 cognoscentibus
649 1926 782 1993 credunt,
798 1931 827 1980 et
843 1942 901 1981 non
912 1943 967 1983 no·
1024 1930 1089 1997 est3
1114 1926 1220 1982 ellectu
1244 1931 1339 1982 aulem
1362 1943 1413 1982 eas
1436 1927 1559 1999 habere,
1583 1945 1692 1985 niunus
1715 1930 1853 1986 divinum.

64 2054 68 2059 -
132 2019 201 2071 runt
215 2015 273 2086 ipsi
289 2015 463 2085 omnaquod
475 2015 607 2084 credunt,
625 2015 679 2069 sed
689 2018 797 2070 norunt
807 2015 848 2069 illi
860 2016 969 2087 quibus
1025 2017 1168 2071 Voluntas
1180 2017 1258 2071 enim
1274 2016 1402 2071 bominis
1420 2020 1485 2085 est3
1502 2020 1634 2086 potestas
1649 2032 1722 2074 vero
1738 2018 1804 2075 Dei.
1821 2020 1856 2074 lta

134 2105 267 2160 credunt.
285 2103 441 2176 Eiusmodi
458 2107 504 2158 est
519 2104 594 2158 tides
605 2105 823 2174 simpliciumin
835 2104 970 2160 Ecclesia
1005 2094 1009 2100 ’
1025 2106 1162 2161 voluntas
1173 2106 1302 2160 bominis
1313 2104 1390 2160 bona
1417 2106 1587 2176 estexlleo,
1598 2106 1855 2163 malaexhomine.

133 2193 969 2268 quipericctioribuscredendoetadhaerendosalvifiunt,
1026 2194 1162 2249 Potestas
1179 2194 1229 2248 Dei
1246 2193 1334 2248 estin
1350 2194 1442 2263 malo,
1459 2193 1570 2248 homini
1584 2195 1621 2248 ad
1636 2195 1744 2250 malum
1762 2196 1856 2265 bona,

131 2285 209 2339 sicut
221 2284 438 2352 scriptumest:
457 2283 557 2338 Boves
570 2283 705 2349 arabant,
723 2289 752 2338 et
768 2285 860 2338 asinae
872 2292 973 2355 pasce·
1027 2285 1056 2338 in
1072 2284 1160 2353 hono,
1178 2283 1287 2338 bomini
1303 2283 1339 2336 ad
1354 2282 1464 2336 bonum
1485 2283 1572 2338 bona.
1597 2284 1722 2355 Propter
1737 2285 1796 2340 hoc
1812 2287 1856 2357 qui

132 2373 243 2430 bantur
255 2371 343 2444 juxta
360 2387 411 2426 eos
426 2371 493 2440 (deb
508 2374 539 2442 ι).
557 2372 594 2425 lli
615 2371 693 2426 enim
708 2373 737 2425 in
751 2373 808 2429 ilde
828 2373 972 2442 periecto-
1027 2373 1197 2429 charitatem
1220 2371 1322 2441 babet,
1344 2375 1435 2426 totum
1460 2372 1566 2442 habet3
1588 2373 1681 2444 etqui
1697 2374 1856 2429 nonhabet

128 2478 197 2518 rum
207 2461 334 2532 amplius
349 2461 482 2530 credunt,
499 2461 550 2531 qui
562 2461 592 2515 in
603 2475 637 2515 se
649 2461 797 2516 credendo
809 2461 907 2516 minus
917 2477 970 2516 ce·
1026 2461 1098 2516 nihil
1108 2461 1205 2531 habet,
1219 2460 1266 2515 vel
1284 2461 1394 2514 utiliter
1412 2477 1471 2514 non
1492 2462 1589 2517 habet.
1610 2462 1678 2517 ldeo
1693 2462 1769 2517 dixit
1784 2465 1857 2534 Apo·

131 2554 291 2626 gnoscunt.
316 2549 439 2604 Duobus
460 2549 556 2604 modis
573 2551 682 2604 crescit
704 2550 796 2619 ildes,
814 2550 970 2606 devotione
1025 2551 1120 2605 stolus
1136 2549 1172 2602 de
1189 2549 1347 2604 charitate:
1366 2550 1507 2604 Charitas
1522 2552 1617 2605 omnia
1632 2551 1745 2620 credit,
1764 2553 1856 2607 omnia

127 2643 198 2713 ,sive
215 2640 389 2706 constantia,
406 2641 436 2692 et
451 2638 630 2710 cognitione.
644 2639 827 2693 incrementa
838 2639 905 2693 fidei
918 2656 971 2710 per
1024 2644 1136 2712 sperat,
1145 2639 1239 2692 cannia
1249 2639 1377 2693 sustinet
1389 2637 1417 2708 (Ι
1425 2638 1492 2694 Cor.
1503 2638 1856 2709 xvir).Fidesbonaostcn·

133 2731 320 2787 devotionem
332 2744 384 2799 per
394 2730 456 2782 tres
466 2728 579 2799 gradus
588 2728 759 2797 procedunt.
771 2728 888 2782 Primus
900 2745 969 2801 gra·
1024 2727 1074 2797 dit,
1087 2743 1158 2798 spes
1167 2728 1279 2798 arripit,
1290 2729 1466 2784 sustinentia
1476 2728 1615 2783 defendit.
1627 2730 1782 2785 Perlldem
1792 2731 1857 2786 inci·

133 2821 189 2876 dus
201 2821 247 2874 est
256 2819 459 2889 acquiescere,
471 2817 622 2871 secundus
632 2816 779 2871 aestimare
790 2833 843 2872 seu
854 2821 967 2889 putare,
1023 2817 1204 2889 piuntnohis
1215 2833 1294 2886 esse,
1311 2833 1365 2887 per
1382 2833 1465 2887 spem
1485 2820 1586 2872 nostra
1602 2833 1681 2889 asse,
1698 2835 1754 2889 per
1770 2819 1856 2875 susti·

132 2910 237 2966 tertius
253 2907 365 2981 gradus
381 2909 427 2961 cst
442 2911 555 2961 cerium
569 2922 648 2961 esse.
661 2906 830 2961 Secundum
838 2907 894 2962 bos
905 2910 967 2962 tres
1024 2907 1153 2962 nentiam
1169 2906 1325 2961 nobiscum
1342 2921 1421 2961 esse.
1438 2906 1526 2961 Fides
1541 2907 1650 2979 dirigit,
1668 2923 1741 2978 spes
1756 2908 1853 2978 trahit,

130 3000 244 3074 gradus
260 2998 315 3053 tria
332 3000 401 3051 sunt
415 3011 526 3068 genera
542 2995 693 3050 hominum
707 3011 774 3067 quae
790 3000 965 3068 sequuntur.
1025 2995 1202 3051 sustinentia
1210 2994 1473 3067 perducit.Etsunt
1482 2996 1511 3049 in
1521 2994 1662 3051 charitate
1673 2997 1773 3052 omnia
1784 2997 1856 3067 baec,

132 3089 186 3146 Est
201 3089 278 3144 enim
290 3087 437 3158 quoddam
452 3099 548 3157 genus
563 3083 714 3139 hominum
737 3085 766 3139 in
790 3089 892 3140 sancta
906 3085 965 3140 Ec·
1025 3087 1093 3157 quia
1108 3085 1137 3139 in
1152 3101 1188 3140 co
1202 3084 1280 3156 quod
1295 3085 1434 3140 dilectum
1449 3087 1477 3139 et
1492 3084 1641 3156 placitum,
1657 3100 1742 3140 emor
1757 3088 1858 3142 suadet

32 3189 39 3197 ’
132 3179 224 3235 clesia
239 3177 348 3249 quibus
364 3175 486 3231 credere
504 3178 549 3228 est
565 3174 662 3228 solnm
684 3190 743 3229 non
763 3176 965 3231 contradicere
1025 3174 1150 3230 libenter
1175 3174 1307 3243 credere,
1333 3174 1456 3228 multum
1476 3189 1658 3244 praesumere
1688 3191 1748 3231 non
1776 3175 1858 3232 facile

133 3269 201 3325 fidei
214 3284 221 3337 3
233 3267 283 3339 qui
298 3268 336 3321 ita
351 3266 455 3320 vivunt
470 3267 501 3318 ut
516 3264 575 3318 nati
597 3268 676 3335 sunt,
700 3280 759 3319 non
779 3265 903 3320 amando
918 3266 965 3320 vel
1024 3264 1179 3319 desistere.

132 3355 323 3427 approbando
349 3355 378 3408 in
401 3369 459 3425 quo
481 3353 540 3407 nati
563 3358 642 3422 sunt,
668 3354 719 3425 qui
743 3354 815 3408 siin
835 3354 892 3409 alio
906 3356 965 3409 nati
1160 3352 1221 3407 Tm.
1239 3352 1306 3407 xx,
1322 3351 1367 3406 De
1383 3359 1506 3423 qrratuor
1521 3351 1720 3408 debitoribus.

132 3443 564 3514 essent,lldelesnonessent.
590 3443 810 3498 consuetudine
826 3444 905 3498 enim
919 3444 965 3497 vi·
1056 3441 1187 3507 Quatuor
1210 3444 1279 3495 sunt
1303 3440 1465 3510 debitores,
1489 3440 1579 3511 Deus,
1611 3442 1747 3513 spiritus,
1778 3458 1855 3512 caro,

132 3520 220 3589 vendi
232 3533 320 3587 ildem
330 3534 438 3601 tenent,
456 3546 514 3586 non
530 3547 640 3586 amore.
654 3532 707 3586 Est
721 3533 799 3587 eliud
814 3532 966 3588 hominum
1020 3531 1159 3586 mundns.
1178 3530 1257 3585 Deus
1273 3530 1359 3584 debet
1374 3530 1500 3600 spiritui,
1518 3533 1549 3584 ut
1564 3545 1632 3584 eum
1646 3532 1675 3584 et
1689 3532 1856 3603 cognitione

132 3638 230 3697 genus
258 3622 397 3676 attentius
414 3621 664 3676 considerantium
689 3625 796 3676 statum
825 3623 893 3678 vitae
909 3622 966 3677 hu·
1020 3620 1153 3674 veritatis
1179 3620 1331 3689 illuminet,
1363 3623 1392 3674 et
1413 3634 1512 3674 amore
1540 3619 1658 3674 virtutis
1686 3620 1854 3676 inllammot.

132 3729 238 3784 manae,
255 3715 284 3768 et
298 3711 429 3780 dubium,
446 3713 475 3764 et
489 3726 527 3765 ex
542 3726 577 3765 eo
592 3711 808 3782 quodammodo
824 3712 965 3766 lluctunre
1020 3709 1148 3781 Spiritus
1160 3709 1246 3763 dohet
1257 3709 1328 3779 Deo,
1341 3709 1369 3761 in
1382 3709 1519 3763 omnibus
1530 3724 1597 3780 quae
1606 3709 1720 3781 agenda
1732 3712 1813 3780 sunt,
1822 3709 1855 3764 ab

133 3803 334 3875 incipientium
352 3801 381 3854 in
406 3800 472 3869 fide,
500 3801 638 3870 quoniam
654 3800 761 3854 multos
780 3801 967 3871 conspiciunt
1020 3799 1086 3869 ipso
1102 3798 1222 3866 erudiri,
1239 3798 1444 3852 etsecundum
1461 3798 1559 3868 ipsum
1579 3798 1705 3868 operari.
1730 3799 1857 3870 Spiritus

132 3908 258 3951 aversos
273 3895 301 3946 et
314 3891 454 3944 alienosa
471 3889 545 3958 iide;
562 3892 659 3943 tamen
680 3889 760 3942 ducti
776 3889 881 3960 pictate
897 3891 966 3944 ildei
1021 3888 1109 3942 debet
1124 3888 1215 3958 carni,
1229 3891 1259 3941 ut
1274 3902 1339 3941 eam
1354 3891 1382 3941 et
1396 3903 1412 3940 a
1428 3888 1513 3942 malis
1528 3887 1674 3958 cohibeat,
1687 3891 1717 3942 et
1729 3887 1856 3944 inbonis

132 3999 149 4040 e
165 3982 281 4037 duobus
296 3979 394 4033 dubiis
411 3977 467 4032 hoc
483 3978 596 4050 eligunt
612 3978 700 4048 quod,
719 3978 851 4033 doctrina
866 3980 966 4034 catho-
1021 3979 1169 4032 exerceat.
1187 3979 1262 4031 Caro
1274 3976 1361 4030 debet
1377 3976 1503 4046 spiritui,
1521 3977 1551 4030 in
1567 3976 1645 4032 bono
1668 3977 1786 4049 agendo
1802 3977 1857 4032 mi·

133 4071 189 4127 lica
206 4070 339 4137 docente,
357 4067 531 4121 didicerunt.
557 4066 626 4120 lstis
651 4083 708 4137 pax
724 4068 894 4123 necessaria
910 4073 965 4140 est,
1023 4066 1188 4134 nisterium,
1202 4068 1230 4120 et
1240 4066 1269 4119 in
1286 4065 1441 4120 commodo
1459 4066 1623 4135 appetendo
1636 4067 1767 4121 modum.
1783 4067 1858 4121 tiaro

133 4157 282 4215 tribulatio
291 4155 470 4227 periculosa.
487 4171 524 4209 ne
535 4155 609 4210 iorte
626 4156 661 4210 de
681 4156 896 4211 aestimantibus
913 4174 967 4213 sen
1024 4155 1111 4210 debet
1126 4155 1235 4209 mundo
1250 4170 1288 4209 cx
1303 4154 1370 4225 ejus
1385 4155 1562 4209 abundantia
1578 4157 1657 4227 quod
1666 4155 1858 4211 necessitatis

134 4246 323 4319 opinantibus
338 4247 481 4317 negantes
498 4243 673 4300 obiciantur.
700 4245 754 4300 Est
775 4246 853 4301 aliud
870 4262 967 4319 genus
1024 4248 1070 4299 cst
1094 4259 1223 4314 sumere,
1247 4244 1325 4315 qued
1349 4244 1467 4298 virtutis
1493 4248 1539 4300 est
1561 4260 1712 4300 exercere.
1731 4244 1860 4300 blundus

134 4336 297 4393 homimum
310 4334 361 4405 qui
377 4334 449 4388 certi
463 4337 533 4388 sunt
549 4336 578 4389 et
593 4334 754 4389 confirmati
772 4335 802 4389 in
821 4335 878 4390 ilde
902 4350 966 4406 sua,
982 4362 1009 4423 D
1024 4333 1112 4388 debet
1122 4334 1204 4388 carni
1214 4334 1243 4386 in
1255 4333 1433 4387 necessitate
1448 4334 1626 4404 subsidium,
1643 4333 1673 4388 in
1689 4334 1860 4389 exercitati-

133 4443 210 4500 quos
225 4425 306 4481 Deus
316 4424 363 4479 vel
378 4439 431 4494 per
441 4424 588 4478 exteriora
604 4423 745 4478 miracula
770 4425 965 4495 confirmavit,
1024 4438 1079 4476 one
1087 4422 1316 4477 incitamentum.
1326 4422 1384 4477 Sed
1394 4422 1654 4492 spiritusCreatori
1662 4422 1860 4479 debitumnon

133 4516 180 4572 vel
195 4530 249 4587 por
263 4513 433 4569 interiorem
448 4512 657 4583 aspirationem
668 4513 794 4567 edocuit.
808 4513 860 4568 lsti
872 4514 968 4568 tribu·
1023 4511 1178 4582 persolvit,
1191 4511 1259 4582 quia
1273 4511 1321 4566 vcl
1336 4527 1389 4581 per
1399 4512 1569 4582 superbiam
1579 4512 1686 4582 elatus,
1698 4513 1861 4569 contemnit

134 4603 242 4662 latione
258 4621 317 4660 non
339 4603 561 4671 subvertuntur,
584 4601 637 4656 sed
653 4605 839 4657 exercentur.
864 4603 968 4658 Scien-
1022 4600 1059 4655 ab
1075 4617 1110 4656 eo
1123 4601 1278 4655 scientiam
1289 4600 1421 4654 veritatis
1432 4617 1577 4671 quaercrc,
1590 4601 1636 4655 vel
1644 4617 1698 4672 per
1707 4602 1858 4675 pigritiam

135 4693 204 4751 dum
220 4694 358 4750 estetiam
369 4691 969 4764 quodsicuttressuntgradus,perquos
1021 4690 1146 4762 ligatus,
1182 4692 1333 4759 acceptam
1365 4689 1589 4762 intelligentiam
1623 4691 1735 4745 fastidit
1766 4706 1858 4762 opere

133 4782 210 4842 tides
227 4782 391 4851 crescit,ita
407 4783 469 4834 tros
484 4779 684 4850 suntgradus,
702 4795 755 4850 per
770 4796 845 4851 quos
862 4783 971 4837 crescit
1021 4794 1172 4833 exercere.
1185 4778 1343 4847 Propterea
1355 4781 1382 4832 et
1393 4778 1457 4848 ipse
1468 4778 1590 4833 Creator
1597 4780 1713 4850 spiritui
1724 4779 1858 4836 debitum

135 4873 266 4949 cognitio
281 4871 359 4925 ildei.
377 4868 493 4923 Primus
508 4868 620 4940 gradus
636 4871 682 4923 cst
706 4869 885 4940 cognitionis
902 4872 969 4926 ildei
1019 4867 1101 4940 justa
1116 4871 1214 4938 negat,
1232 4870 1263 4920 ut
1278 4882 1345 4921 eum
1359 4882 1413 4921 nec
1429 4867 1466 4921 ad
1488 4869 1730 4940 cognoscendam
1753 4884 1858 4924 verum

134 4980 194 5045 quo
206 4960 277 5016 nihil
293 4958 392 5013 minus
408 4973 537 5030 unquam
553 4957 627 5012 ildes
650 4957 760 5013 habere
782 4960 884 5030 potuit,
903 4976 969 5015 cre·
1022 4957 1176 5026 illuminet,
1192 4971 1247 5009 nec
1262 4955 1299 5009 ad
1310 4955 1421 5010 honum
1431 4957 1589 5011 amandum
1601 4957 1769 5012 inllammot.
1781 4958 1860 5014 Nam

135 5047 359 5114 derovidelicet
375 5046 467 5101 Deum
483 5061 552 5100 esse
568 5049 678 5101 etcum
694 5047 971 5105 salvatoremetre·
1022 5045 1186 5117 superbum
1216 5044 1296 5098 intus
1323 5060 1340 5098 a
1372 5045 1543 5117 cognitione
1571 5045 1704 5101 veritatis
1733 5046 1857 5119 abjicit3

136 5139 354 5202 moderatorem
370 5138 555 5205 exspectare.
574 5134 645 5190 Haec
661 5137 792 5209 cognitio
812 5138 880 5192 ildei
896 5138 969 5193 sim·
1022 5134 1139 5207 pigrum
1154 5137 1250 5189 autem
1266 5135 1295 5188 in
1311 5149 1400 5205 opere
1415 5133 1488 5189 loris
1511 5135 1625 5208 affligit.
1647 5135 1764 5192 Rursus
1787 5138 1859 5210 qida

137 5227 267 5305 plicibus
281 5229 347 5282 anie
361 5223 593 5281 incarnationem
604 5222 694 5279 Verbi
705 5225 741 5279 ad
753 5224 971 5282 salutemsuiil·
1022 5223 1101 5279 idem
1117 5224 1240 5295 spiritus
1256 5224 1337 5278 carni
1353 5223 1484 5279 debitum
1499 5240 1558 5279 non
1574 5225 1727 5297 persolvit,
1746 5229 1778 5282 nt
1791 5241 1858 5283 eam

139 5334 207 5377 cere
221 5316 324 5390 potuit,
340 5314 478 5370 videlicet
492 5316 524 5368 ut
538 5315 566 5368 et
583 5312 676 5369 Deum
692 5315 848 5371 crederent
862 5320 891 5372 et
904 5316 970 5373 Sal·
1022 5314 1160 5369 videlicet
1173 5313 1220 5368 vel
1237 5313 1344 5369 amalo
1360 5313 1506 5385 cohibeat,
1523 5315 1569 5371 vel
1579 5314 1696 5370 inbono
1706 5319 1856 5386 exerceat,

136 5413 270 5467 vaterem
280 5406 498 5477 exspectarent,
515 5402 651 5475 quamvis
676 5403 812 5476 ejusdem
827 5406 970 5462 salvatio·
1023 5402 1055 5458 itt
1068 5406 1100 5459 ut
1114 5403 1178 5475 ipsa
1194 5402 1355 5476 carojusta
1371 5403 1423 5458 Dei
1442 5403 1639 5475 dispositione
1648 5419 1708 5461 non
1719 5405 1861 5463 exhibeat

138 5502 187 5560 nis
197 5514 261 5557 suae
276 5496 395 5554 modum
410 5497 565 5565 ettempus
581 5508 640 5549 non
666 5498 892 5567 cognoscerent.
906 5494 969 5553 Duo
1023 5490 1141 5566 spiritui
1155 5493 1235 5566 quod
1250 5492 1347 5563 dehet,
1362 5491 1420 5549 hoc
1435 5496 1491 5564 est,
1510 5494 1559 5550 vel
1583 5493 1614 5550 in
1635 5494 1715 5552 bono
1740 5495 1858 5570 agendo

65 5634 68 5641 .
138 5590 218 5654 anim
231 5589 263 5648 in
285 5585 403 5646 homine
427 5586 795 5659 eorumconsectaria
823 5584 971 5660 eulpa3et
1023 5583 1230 5658 ministerium,
1244 5583 1293 5643 vel
1308 5585 1339 5645 in
1358 5584 1522 5661 oppetendo
1546 5584 1701 5646 commodo
1723 5584 1856 5647 modum.
