3796 6022
101 280 161 351 119
472 282 693 350 APPENDIX
713 280 772 346 AD
794 281 984 346 HUGONIS
1008 282 1152 357 OPERA
1173 286 1441 357 DOGMATICA.

1760 299 1818 366 120

136 486 347 556 Interpretatur
360 488 457 540 autem
472 484 558 555 quasi
573 483 692 538 minime
708 483 819 553 ebrius,
833 484 900 555 quia
915 502 931 535 α
944 461 973 523 Α
988 485 1080 540 minit.
1098 487 1182 544 Unde
1198 495 1226 545 et
1236 492 1424 550 immemores
1434 502 1566 552 amentes
1578 499 1724 555 dicuntur.
1743 501 1818 566 Qua·

99 575 243 648 privativa
253 578 300 630 est
309 574 464 647 particula,
477 575 506 628 et
520 572 641 644 μεθυσθείς
655 572 811 643 methystis
829 573 930 628 ebrius
987 584 1108 649 propter
1126 596 1185 634 non
1208 582 1318 647 anima,
1342 585 1394 638 sed
1418 587 1496 656 quod
1518 588 1635 642 excellit
1656 589 1685 642 in
1705 592 1816 656 eninm,

100 667 130 720 et
142 665 201 737 plo
216 664 354 733 ebrietas,
372 664 423 735 qui
437 666 533 718 antem
549 663 579 715 in
595 662 734 717 charitate
750 663 804 716 Dei
819 666 846 717 et
859 679 930 732 pro·
987 683 1071 722 mens
1082 673 1212 738 venatur,
1223 673 1361 742 tanquam
1373 678 1458 743 caput
1469 674 1591 746 ejusvel
1603 677 1718 732 oculus.
1733 679 1816 733 lInde

100 753 172 808 nimi
186 753 274 807 vitam
290 755 391 824 agunt,
408 751 527 806 minime
542 753 611 806 sunt
626 750 700 805 ebrii
716 750 785 805 vino
801 751 932 821 volupta-
987 758 1015 809 et
1030 756 1094 827 ipse
1110 757 1197 812 homo
1214 761 1377 814 secundum
1388 768 1515 819 mentem
1526 764 1624 837 imago
1637 767 1686 820 Dei
1699 768 1815 822 dicitnr.

100 845 162 899 tum
177 841 268 913 hujus
284 841 398 895 saeculi.
986 843 1027 897 Ita
1043 845 1120 899 enim
1137 847 1313 902 haecomnia
1333 851 1472 922 adjuncta
1495 857 1563 907 sunt
1582 856 1697 923 aniuiae,
1714 861 1745 909 ut
1762 874 1817 910 una

102 950 173 1005 GAP·
189 948 266 1002 HK
284 948 327 1002 De
342 952 447 1002 natm
458 947 490 1000 j„
501 947 652 1013 communi,
667 952 697 1001 ρ,
712 948 749 1001 ,19
764 953 869 1001 „acm
886 948 934 1002 ho·
986 948 1035 987 res
1051 934 1099 988 sit.
1117 935 1173 990 Pro
1190 937 1357 992 efficientiis
1369 941 1446 994 enim
1459 958 1616 997 causarum
1627 944 1745 998 diversa
1764 962 1817 999 no-

136 1037 228 1092 minis
250 1053 352 1091 ,mm
376 1036 554 1090 naturalium
570 1036 720 1107 prjflojpjs
743 1036 844 1091 ultimo
869 1036 933 1091 1000
985 1022 1063 1075 minu
1079 1024 1182 1078 sortite
1196 1029 1241 1079 est
1258 1028 1363 1081 anime.
1376 1028 1450 1082 Nam
1462 1033 1491 1083 et
1503 1033 1644 1085 memoria
1659 1050 1744 1087 mens
1760 1037 1816 1103 cst,

136 1127 240 1190 creati,
256 1131 285 1180 θῖ
297 1124 468 1180 nllimoloco
478 1125 526 1178 hic
537 1126 664 1178 narrati.
985 1111 1062 1165 unde
1079 1115 1107 1165 et
1121 1114 1309 1169 immemores
1321 1121 1463 1171 amentes
1477 1119 1550 1173 Dum
1562 1136 1634 1192 ergo
1650 1138 1760 1191 corpus
1772 1125 1817 1176 vi-

135 1234 247 1288 Natura
258 1233 335 1288 dicta
346 1247 381 1287 eo
392 1232 470 1303 quod
479 1232 589 1304 aliquid
600 1232 681 1287 nasci
694 1231 790 1287 iaciat.
803 1232 932 1304 [lignen-

99 1323 129 1378 di
144 1322 222 1378 euim
239 1325 266 1377 θῖ
282 1321 389 1376 faciedi
403 1325 508 1392 potens
529 1325 584 1376 est.
607 1322 689 1375 Hanc
705 1321 822 1392 quidam
839 1322 931 1375 Deum

98 1426 168 1466 esse
184 1411 331 1480 dicebant,
348 1427 363 1464 e
379 1426 437 1481 quc
453 1411 549 1466 omnia
562 1413 658 1465 creata
669 1414 739 1465 sunl
749 1414 777 1464 et
788 1411 929 1464 existunt.

97 1499 199 1554 Genus
210 1515 226 1552 a
236 1499 387 1571 gignendo
403 1499 528 1568 dictum3
540 1499 587 1555 cui
603 1500 720 1570 quidam
731 1500 866 1553 derivant
876 1515 930 1553 no-

97 1604 165 1643 men
185 1591 304 1659 eterra,
322 1605 360 1643 ex
375 1604 431 1659 qua
446 1589 543 1643 omnia
561 1590 733 1660 gignuntur,
749 1593 780 1660 γῆ
796 1587 884 1657 enim,
902 1587 929 1640 id

98 1680 145 1732 est
159 1693 196 1750 ge
211 1677 325 1746 Graece,
341 1681 420 1732 terra
440 1677 555 1732 dicitur.
572 1677 638 1731 Vita
659 1678 735 1731 dicta
750 1679 870 1747 propter
885 1676 930 1728 vi-

97 1781 212 1839 gorem,
229 1767 276 1820 vel
293 1766 372 1837 quod
391 1766 451 1820 vim
470 1768 568 1821 teneat
587 1766 729 1822 nascendi
743 1769 830 1836 etque
846 1779 972 1842 eres-B

99 1854 193 1925 cendi,
209 1856 287 1910 unde
304 1858 332 1910 et
346 1856 469 1911 arbores
480 1856 569 1910 vitam
580 1855 689 1909 habere
701 1855 848 1924 dicuutur,
861 1854 929 1924 qnia

97 1943 224 2016 gignunt
239 1947 266 1999 et
282 1947 431 2000 crescunt.

133 2032 229 2088 Homo
245 2021 342 2088 dictus
358 2034 425 2104 quia
447 2049 485 2089 ex
505 2033 595 2088 humo
617 2033 787 2102 estractus,
808 2033 885 2089 sicut
900 2036 929 2088 in

96 2121 207 2178 Genesi
215 2122 331 2177 dicitur.
343 2123 466 2178 Crearit
475 2122 753 2200 Deushominemdc
762 2122 930 2178 limoterrao

97 2208 186 2280 (Gen.
202 2211 245 2281 ιι).
261 2210 395 2267 ‘Abusina
414 2215 510 2267 autem
530 2215 734 2282 pronuntiatur
753 2214 790 2268 ab
805 2217 928 2285 utraque

97 2301 263 2355 substantia
278 2303 357 2356 totus
372 2301 471 2371 homo,
489 2302 518 2355 id
529 2305 575 2356 θεῖ
586 2317 622 2357 ex
636 2303 776 2357 societate
793 2303 928 2372 corporis

96 2390 126 2443 et
144 2389 270 2458 animee3
293 2406 360 2444 nam
384 2390 501 2460 proprie
525 2390 613 2445 homo
638 2392 675 2445 ab
698 2392 787 2447 humo
809 2393 925 2447 dieitur.

96 2476 193 2532 Graeci
204 2480 300 2532 autem
316 2479 466 2533 hominem
475 2480 641 2551 anthropon
651 2482 736 2552 quasi
753 2485 927 2537 controver-

96 2581 173 2636 sum,
189 2569 222 2621 ut
236 2567 392 2623 habentem
411 2585 511 2625 ramos
532 2570 682 2640 deorsum,
699 2572 881 2641 claudicem,
898 2573 927 2626 id

95 2657 143 2710 est
157 2670 192 2710 os
208 2671 329 2711 sursum
339 2659 570 2730 appellaverunt,
583 2676 618 2716 eo
630 2662 708 2733 quod
724 2677 845 2717 sursum
860 2679 927 2734 spc-

96 2745 163 2812 ctet,
181 2745 355 2802 sublevatus
369 2748 406 2801 ab
427 2748 517 2804 humo
536 2750 573 2804 ad
589 2752 864 2822 contemplationem
880 2753 926 2807 sui

95 2833 229 2890 artillcis.
246 2835 330 2902 Quod
345 2838 467 2893 Ovidius
482 2843 568 2911 poeta
587 2840 724 2913 designat
740 2858 806 2895 cum
821 2843 907 2897 dicit:

130 2949 289 3023 Pronaque
305 2966 368 3006 cum
379 2957 514 3022 spectent
524 2950 662 3006 animalia
675 2956 785 3006 coetera
803 2956 925 3007 terram.

133 3039 174 3094 Os
187 3040 301 3119 homini
315 3040 442 3096 sublime
458 3040 550 3103 dedit,
568 3040 728 3113 caelumque
744 3040 833 3094 tueri.

130 3129 235 3197 Jnssit,
253 3134 284 3186 θῖ
298 3136 416 3186 erectos
430 3130 584 3186 adsidere
601 3130 706 3186 tollere
725 3131 830 3184 vultus.

618 3239 712 3310 (Ovrn.
729 3240 796 3295 Met.
813 3241 831 3295 l.
849 3241 893 3310 ιι.)

130 3348 186 3414 Qui
201 3349 263 3403 Deo
278 3350 397 3403 erectus
413 3347 519 3402 coelum
529 3347 645 3418 aspicit,
657 3350 689 3402 nt
699 3348 792 3403 Deum
803 3354 926 3421 queerat,

95 3453 155 3494 nou
170 3437 207 3493 ad
225 3440 334 3492 terram
356 3436 486 3491 intendat
506 3437 587 3491 velut
608 3453 716 3506 pecora
736 3454 802 3507 quae
823 3443 926 3495 natura

95 3542 188 3599 prona
204 3528 233 3580 et
246 3525 342 3581 ventri
362 3525 528 3580 obedientia
551 3525 634 3580 linxit
654 3524 789 3595 (Saunsr.
807 3527 836 3582 in
851 3529 925 3599 prol.

95 3616 190 3686 Catil).

130 3705 235 3760 Anime
253 3708 379 3759 autema
400 3703 497 3758 ventis
520 3718 628 3758 nomen
650 3704 777 3775 accepit,
799 3721 834 3760 ec
849 3708 928 3777 quod

94 3798 202 3850 ventus
217 3795 265 3850 sit.
282 3794 367 3849 Unde
387 3796 415 3848 et
435 3793 538 3848 Graece
557 3794 664 3847 ventus
683 3809 805 3849 anemos
820 3793 926 3869 [ἀνεμος]

94 3883 212 3950 dicitur,
224 3884 303 3954 quod
313 3899 364 3938 ore
374 3883 526 3937 trahentes
534 3898 643 3950 aerem,
651 3883 752 3938 vivere
761 3884 924 3954 videamur,

95 3973 149 4028 sed
160 3973 347 4042 apertissime
358 3972 464 4026 falsum
477 3974 532 4039 est,
544 3971 612 4042 quia
623 3972 714 4027 multo
724 3973 808 4042 prius
824 3974 925 4045 gigni-

93 4064 143 4117 tur
156 4061 253 4115 anima
272 4076 361 4131 quam
380 4060 493 4129 concipi
519 4076 569 4115 ore
591 4061 687 4129 possit
706 4077 766 4127 uer,
783 4062 925 4134 quiajam

92 4149 125 4206 in
139 4149 301 4223 genetricis
315 4152 399 4205 utero
415 4149 496 4203 vivit.
514 4150 580 4204 Non
592 4152 638 4204 est
649 4149 740 4221 igitur
751 4166 802 4206 uer
817 4153 923 4219 anima,

93 4239 173 4311 quod
187 4241 364 4310 putaverunt
378 4238 496 4310 quidum
511 4239 561 4310 qui
577 4255 635 4295 non
650 4243 808 4309 potuerunt
824 4242 924 4296 inccr-

92 4343 213 4401 pereum
229 4326 296 4399 ejus
309 4328 439 4400 cogitare
451 4331 593 4383 naturam.
606 4327 746 4399 Spiritum
757 4329 835 4384 idem
846 4331 923 4401 quod

984 1199 1083 1253 viticat
1099 1202 1194 1254 anima
1209 1206 1269 1271 est,
1282 1205 1350 1258 dum
1361 1207 1422 1260 vult
1433 1207 1559 1278 animus,
1573 1210 1641 1263 dnm
1653 1211 1710 1264 scit
1720 1228 1816 1281 manS,

986 1288 1055 1342 dum
1066 1289 1168 1343 recolit
1179 1293 1329 1361 memoria,
1342 1294 1411 1348 dum
1426 1300 1539 1350 rectum
1552 1297 1665 1368 judicat
1675 1300 1750 1354 ratio
1761 1302 1816 1369 est,

985 1377 1054 1431 dum
1070 1378 1163 1447 spirat
1178 1380 1301 1449 spiritus
1321 1386 1368 1437 est
1390 1384 1458 1438 dum
1478 1385 1588 1456 aliquid
1603 1389 1693 1442 sentit
1707 1404 1817 1443 sensus

985 1470 1040 1519 cst.
1058 1467 1132 1521 Nam
1148 1469 1215 1522 inde
1230 1470 1345 1526 enimus
1366 1489 1476 1527 sensus
1496 1476 1603 1530 dicitur
1618 1493 1670 1545 pro
1687 1476 1734 1531 his
1751 1495 1817 1548 quse

985 1556 1083 1623 sentit,
1100 1557 1178 1611 unde
1194 1560 1222 1612 et
1236 1562 1380 1614 sententia
1397 1579 1504 1617 nomen
1520 1565 1642 1634 accepit.

1021 1643 1136 1714 Corpus
1147 1646 1256 1701 dictum
1268 1664 1302 1702 eo
1314 1651 1392 1719 quod
1406 1656 1576 1721 corruptum
1588 1654 1673 1723 perit.
1686 1654 1817 1709 Solnbile

987 1733 1063 1786 enim
1079 1739 1165 1804 atque
1185 1738 1307 1791 mortale
1329 1742 1385 1805 est,
1409 1744 1438 1793 et
1456 1741 1613 1811 aliquando
1629 1742 1816 1797 solvendum.

986 1819 1818 1903 Carnuntemacarendoautcedendcappellata‚coquod

872 1951 885 1974 ,
986 1910 1046 1964 vita
1061 1916 1168 1986 carcat,
1187 1919 1233 1968 est
1249 1915 1454 1987 cnimprcprie
1465 1922 1657 1988 mortuorum,
1674 1926 1723 1974 aut
1739 1921 1818 1991 quod

986 1998 1015 2050 in
1026 2003 1149 2055 mortem
1161 2004 1253 2072 cadat,
1266 2006 1343 2059 unde
1355 2010 1383 2060 ct
1394 2007 1529 2061 cadaver.
1541 2007 1729 2063 (trementum
1739 2012 1817 2065 enim

986 2102 1089 2142 semen
1104 2093 1150 2144 θεῖ
1164 2094 1298 2161 masculi,
1311 2096 1389 2148 unde
1400 2100 1428 2149 et
1439 2097 1608 2152 animalium
1623 2104 1652 2153 θῖ
1666 2100 1817 2153 hominum

986 2191 1110 2246 corpora
1131 2181 1345 2252 concipiuntur,
1370 2183 1439 2238 hinc
1461 2187 1489 2238 ct
1507 2190 1645 2255 parentes
1667 2192 1817 2243 creatores

985 2264 1131 2321 dicuntur.
1147 2268 1222 2323 Caro
1237 2275 1334 2326 autem
1353 2290 1407 2343 pro
1427 2290 1551 2345 corporc
1569 2291 1606 2329 ex
1620 2281 1747 2346 quatuor
1763 2279 1819 2333 ele·

984 2355 1092 2408 mcntis
1108 2364 1257 2428 compacta
1274 2364 1329 2415 θεῖ.
1352 2363 1427 2416 Nam
1448 2366 1528 2417 tersa
1548 2364 1681 2420 incarne
1698 2368 1817 2437 proprie

985 2441 1061 2496 dictu
1077 2448 1131 2514 θεῖ,
1145 2462 1196 2501 aer
1207 2448 1235 2501 in
1250 2450 1390 2518 anhelitu,
1405 2451 1511 2507 humor
1526 2454 1723 2526 insanguine,
1737 2457 1816 2527 ignis

984 2528 1014 2582 in
1026 2533 1123 2589 calore
1134 2537 1224 2591 vitali.
1234 2539 1468 2595 Habentenimin
1480 2542 1567 2596 nobis
1577 2543 1720 2598 elementa
1732 2562 1817 2600 suam

984 2647 1109 2702 quaeque
1124 2635 1246 2701 partem,
1264 2648 1330 2702 quae
1343 2633 1463 2687 cuilibet
1473 2633 1605 2688 redditur
1620 2650 1764 2706 compage
1775 2652 1819 2689 re

984 2722 1090 2776 soluta.

1020 2813 1134 2868 Sensus
1151 2814 1285 2883 corporis
1296 2813 1425 2883 quinque
1437 2815 1514 2879 sunt,
1527 2815 1645 2883 gustus,
1663 2812 1815 2880 odoratus

985 2902 1112 2971 auditus,
1130 2903 1217 2970 visio,
1235 2905 1339 2956 tactus.
1366 2902 1411 2955 Ex
1434 2902 1543 2971 quibus
1567 2902 1634 2970 duo,
1652 2902 1681 2955 id
1696 2907 1743 2956 est
1759 2904 1817 2957 duo

986 3007 1088 3045 eornm
1102 3007 1227 3062 organa,
1249 2992 1420 3061 aperiuntur
1439 2993 1468 3045 et
1487 2991 1670 3060 clauduntur,
1687 2993 1774 3049 visus
1789 2995 1817 3048 et

946 3084 1111 3151 egestus:
1129 3080 1186 3135 duo
1202 3096 1321 3150 semper
1335 3083 1469 3151 patentes
1485 3082 1564 3147 sunt,
1582 3081 1699 3135 auditus
1711 3085 1740 3135 et
1751 3082 1818 3136 odo·

986 3172 1085 3236 ratus3
1103 3171 1130 3223 et
1145 3169 1281 3239 quintae,
1304 3170 1332 3223 id
1355 3173 1402 3223 θεῖ
1421 3173 1517 3224 tactus
1534 3173 1688 3241 utrumque
1704 3170 1774 3226 facit
1790 3174 1819 3225 ct

986 3260 1131 3312 neutrum.
1142 3257 1257 3313 Sensus
1268 3259 1347 3326 dicti,
1360 3259 1428 3329 quia
1444 3275 1497 3328 per
1512 3274 1565 3314 eos
1577 3259 1673 3312 anima
1684 3260 1817 3314 subtilis-

985 3347 1059 3400 sime
1077 3349 1168 3401 totum
1189 3363 1297 3417 corpus
1317 3348 1408 3419 agitat
1430 3347 1535 3419 vigore
1555 3348 1714 3403 sentiendi.
1733 3348 1817 3405 Unde

985 3439 1013 3490 et
1035 3437 1194 3506 praesentia
1219 3440 1435 3507 nuncupantur,
1462 3437 1542 3508 quod
1567 3437 1627 3492 sint
1651 3439 1816 3507 preasenti-

982 3524 1051 3593 buS,
1068 3525 1146 3580 sicut
1160 3542 1221 3595 pree
1238 3526 1332 3580 oculis
1349 3542 1415 3597 quae
1429 3530 1539 3597 praesto
1555 3530 1624 3581 sunt
1640 3527 1746 3582 oculis.
1764 3528 1816 3581 Vi·

984 3630 1038 3667 sus
1055 3617 1099 3668 est
1113 3615 1163 3685 qui
1175 3630 1191 3667 a
1201 3615 1389 3684 philosophis
1401 3616 1507 3670 humor
1516 3617 1629 3670 vitreus
1639 3617 1814 3686 appellatur.

984 3703 1088 3757 Visum
1110 3706 1207 3757 autern
1227 3704 1346 3774 quidam
1371 3704 1436 3759 fieri
1460 3708 1599 3759 asserunt
1622 3710 1670 3759 aut
1693 3710 1814 3761 externa

984 3791 1112 3846 aetheree
1127 3792 1207 3861 luce,
1232 3797 1282 3846 aut
1303 3792 1418 3847 interno
1443 3794 1549 3864 spiritu
1572 3795 1685 3863 lucido,
1707 3811 1760 3864 per
1774 3798 1816 3849 te·

983 3897 1058 3935 unes
1073 3897 1166 3936 venas
1180 3897 1196 3935 a
1211 3882 1335 3936 cerebro
1356 3882 1524 3951 venientes,
1550 3886 1637 3954 atque
1653 3883 1814 3952 penetratis

981 3970 1091 4024 tunicis
1103 3970 1132 4024 in
1143 3975 1401 4039 acremexenntes,
1412 3972 1730 4026 ettuncccmmistionc
1738 3972 1817 4027 simi-

982 4057 1261 4114 lismatcriaevisum
1271 4059 1480 4114 dantesl'isus
1489 4060 1586 4114 dictus
1595 4060 1673 4130 quod
1682 4060 1816 4114 vivacior

983 4148 1816 4219 sitcaeterissensibusacpraestantiorsivevelocior,am·

982 4236 1120 4306 pliusque
1134 4236 1242 4308 vigeat,
1259 4238 1405 4306 quomodo
1418 4241 1446 4290 et
1459 4238 1599 4292 memoria
1615 4239 1691 4293 inter
1707 4242 1814 4293 caetera

982 4325 1089 4380 mentis
1105 4325 1211 4379 alticio.
1221 4325 1353 4380 vicinior
1363 4327 1440 4380 enim
1452 4330 1498 4380 est
1509 4327 1646 4396 cerebro,
1665 4326 1741 4382 unde
1757 4343 1815 4382 om·

92 4417 219 4473 animam
228 4417 442 4488 evangelistam
451 4416 634 4487 pronuntiat,
650 4418 767 4474 dicens:
783 4418 923 4474 Poteste-
938 4401 969 4464 D
982 4413 1166 4482 niamuuaut,
1179 4413 1255 4468 unde
1265 4414 1297 4468 fit
1307 4417 1337 4468 ut
1348 4415 1814 4486 eaquaeedeliospertinentsen·

94 4506 924 4578 lemhabeoponendianinrammeam,etiterumsumcndi
982 4502 1814 4574 susvideredicemus,veluticnmdicimus:Videquomo·

91 4611 156 4650 eam
166 4595 262 4666 (loen.
274 4597 314 4666 x).
328 4596 369 4650 De
381 4595 436 4650 hae
448 4595 525 4650 enim
537 4596 652 4651 Domini
664 4597 759 4651 anime
771 4597 923 4666 passionis
982 4591 1018 4645 do
1030 4595 1125 4659 sonat,
1141 4591 1208 4645 vide
1219 4592 1366 4661 quomodo
1378 4593 1465 4661 sapit,
1478 4596 1533 4647 etc.
1546 4593 1672 4647 Auditus
1687 4593 1813 4663 appella·

90 4684 222 4754 tempore
230 4686 409 4740 memoratus
419 4685 601 4755 evangelista
612 4685 650 4738 ita
659 4684 788 4755 protulit,
802 4685 919 4740 disens:

88 4772 919 4845 Inclinatocapitetradiditspiritnm(dcammxletalius:

88 4861 202 4917 Emisit
215 4861 353 4932 spiritum
368 4862 476 4917 Matth.
493 4864 576 4929 xvir).
592 4862 627 4916 El
642 4862 713 4932 quid
729 4863 775 4915 est
785 4860 921 4930 spiritum

87 4950 204 5006 tradere
221 4951 421 5020 antemittere,
439 4950 496 5005 nisi
508 4950 634 5004 animam
645 4950 778 5019 ponere?
789 4948 847 5004 Sed
857 4950 919 5004 ani-

87 5055 136 5094 ma
150 5039 227 5094 dicta
241 5041 288 5094 est
302 5041 421 5110 propter
432 5039 488 5093 hoc
499 5038 578 5109 quod
592 5037 665 5092 vivit
677 5053 684 5105 3
700 5037 808 5092 dicitur
820 5040 917 5093 autem

87 5128 210 5200 spiritus
226 5128 273 5184 vel
289 5127 451 5198 spiritualis
467 5129 569 5181 natura
584 5140 637 5195 pro
648 5141 684 5180 eo
695 5127 773 5197 quod
784 5127 876 5197 spiret
887 5115 917 5181 in

86 5232 221 5288 corpore.
243 5218 314 5272 Item
334 5216 450 5270 animus
472 5215 550 5269 idern
574 5217 621 5269 est
642 5215 720 5285 quod
739 5215 844 5285 anima,
862 5216 915 5271 sed

84 5307 182 5362 anima
191 5305 260 5360 vitae
271 5307 326 5373 est,
338 5304 455 5358 animus
467 5302 593 5358 consilii.
606 5303 691 5358 Unde
703 5307 730 5358 et
741 5304 841 5359 dicunt
851 5304 915 5374 phi·

82 5393 201 5464 losophi
222 5392 309 5447 etiam
331 5392 395 5446 sine
417 5392 514 5445 animo
533 5392 622 5444 vitam
644 5407 777 5461 manere,
802 5395 829 5446 et
849 5392 914 5447 sine

82 5486 179 5539 mente
198 5480 324 5536 animam
344 5480 459 5535 durare.
484 5480 568 5535 Unde
591 5483 619 5535 θῖ
639 5483 771 5535 amentes
790 5484 911 5551 vocant,

81 5588 148 5627 nam
159 5574 287 5626 mentem
297 5570 442 5625 vocantut
451 5568 535 5636 sciat,
547 5569 674 5623 enimam
685 5573 717 5624 ut
725 5569 796 5623 velit
807 5585 814 5638 3
825 5585 910 5624 mens

80 5659 159 5717 enim
174 5660 278 5718 vocata
292 5657 370 5734 quod
389 5657 515 5717 emineat
533 5658 564 5716 in
583 5659 679 5718 anime
693 5658 740 5714 vel
756 5658 834 5729 quod
849 5673 910 5711 me·

979 4681 1027 4734 tus
1038 4680 1118 4750 quod
1132 4696 1223 4734 voces
1239 4680 1336 4734 audiat
1346 4681 1393 4734 vel
1405 4681 1530 4749 hauriat,
1543 4681 1600 4735 hoc
1612 4684 1658 4736 est
1669 4697 1738 4736 aere
1749 4698 1811 4735 ver

978 4768 1080 4823 berete
1097 4769 1240 4838 suspiciat
1251 4785 1353 4822 sonos
1364 4769 1511 4824 Odorntus
1521 4771 1606 4839 quusi
1622 4769 1701 4824 aeris
1719 4769 1809 4825 odore

977 4859 1114 4926 attactus,
1131 4860 1207 4911 tacto
1229 4858 1306 4910 enim
1328 4859 1451 4912 naribus
1474 4875 1542 4913 aere
1562 4858 1699 4913 sentitus.
1717 4858 1770 4912 Sic
1782 4860 1810 4912 et

977 4945 1113 5014 ollactus,
1130 4946 1208 5016 quod
1224 4945 1367 5000 odoribus
1388 4946 1446 5000 hat.
1468 4947 1579 5001 Gustus
1595 4963 1610 5000 a
1627 4950 1745 5018 gutture
1761 4946 1808 5000 vel

976 5034 1123 5105 gustando
1140 5033 1246 5087 dietus,
1264 5034 1373 5088 Tactus
1390 5050 1424 5089 eo
1441 5035 1519 5105 quod
1535 5036 1693 5103 pertractet
1706 5039 1734 5089 et
1749 5037 1809 5088 tan·

975 5125 1034 5194 gat,
1045 5125 1073 5176 et
1081 5138 1135 5192 per
1143 5122 1240 5175 omnia
1249 5123 1379 5177 membra
1388 5111 1522 5195 vigorem
1534 5139 1644 5178 sensus
1655 5127 1805 5194 aspergat.

974 5211 1048 5264 Nam
1063 5226 1116 5281 per
1129 5213 1237 5265 tactum
1248 5211 1409 5280 probamus
1420 5211 1562 5282 quidquid
1580 5212 1697 5267 caeteris
1713 5212 1808 5266 scusi-

972 5300 1029 5355 bus
1042 5299 1177 5371 judic-are
1189 5316 1247 5354 non
1258 5315 1430 5369 possumus.
1444 5301 1508 5354 Uno
1519 5301 1596 5353 enim
1609 5303 1679 5355 sunt
1694 5316 1806 5371 genera

971 5391 1086 5443 tactus:
1111 5404 1177 5442 nem
1204 5391 1253 5443 aut
1276 5389 1464 5443 extrinsecus
1489 5388 1569 5442 venit
1598 5389 1675 5459 quod
1701 5388 1803 5458 feriat,

970 5480 1019 5532 ent
1033 5477 1113 5531 intus
1133 5478 1163 5530 in
1184 5477 1248 5546 ipsc
1273 5493 1395 5546 corpere
1419 5476 1521 5531 oritur.
1543 5476 1709 5547 Unicuique
1725 5477 1804 5530 enim

969 5566 1071 5620 sensui
1083 5567 1201 5635 propria
1213 5582 1323 5637 organa
1336 5566 1452 5619 dantur.
1465 5565 1539 5619 Nam
1552 5566 1631 5636 quod
1642 5565 1803 5622 videndum

967 5654 1125 5723 est,oculis
1133 5655 1255 5724 capitur,
1265 5655 1345 5724 quod
1352 5654 1540 5727 audiendum,
1549 5654 1688 5711 auribus:
1702 5653 1802 5711 mollia

1734 5861 1752 5891 l
