3816 6030
33 259 113 324 1121
675 258 904 323 SERMONES
927 252 1115 325 CENTUM.

1691 267 1771 332 1122

32 466 94 536 tur,
108 468 239 534 creetur3
261 468 289 519 et
307 463 358 533 ibi,
375 461 426 517 iibi
445 461 557 533 aliquid
575 460 646 516 boni
660 461 757 517 adhuc
772 441 920 532 super-A
936 461 1024 532 tiam3
1040 461 1219 518 illuminaret
1232 463 1269 518 ad
1285 465 1484 537 cognitionem
1498 466 1641 537 veritatis,
1657 467 1771 524 indam-

10 558 98 624 9991,
120 557 289 609 renovatur.
308 553 361 607 Est
374 555 472 607 autem
488 551 589 606 cordis
605 550 747 606 munditia
764 551 794 606 19
807 567 877 622 per·
936 552 1029 605 meret
1044 550 1081 605 ad
1096 566 1227 606 amoram
1241 552 1370 608 virtutis.
1391 554 1550 626 Propterea
1575 556 1699 626 spiritus
1720 559 1774 614 da-

10 642 112 715 919919
124 644 177 698 Dei
192 642 364 711 dilectione3
379 640 525 695 rectitudo
537 656 609 695 varo
620 640 745 711 spiritus
756 640 787 694 in
803 655 878 695 sana
936 641 985 693 tus
1001 643 1047 694 est
1062 640 1092 694 19
1107 639 1187 712 igne,
1204 645 1235 695 ut
1249 641 1347 696 19999
1362 643 1485 698 haberet
1500 647 1527 698 et
1541 644 1697 701 1199999.
1714 646 1772 702 Lu·

12 732 160 805 ,ratione
183 732 258 785 Huic
281 746 399 802 999999
420 729 524 784 sensui
548 728 709 784 coneordat
727 728 800 783 illud
823 730 879 784 ite·
936 743 1003 782 meu
1012 728 1049 782 ad
1066 729 1276 800 cognitionem,
1292 731 1438 786 flammam
1453 732 1490 786 nd
1504 732 1701 789 dilectionem.

10 837 109 897 ,rum
124 821 154 875 19
174 820 288 890 psalmo
305 819 442 873 :Emitte
467 818 612 889 Spiritum
634 823 721 883 tuum,
745 823 775 873 et
793 834 880 874 crea·
974 816 1073 888 Hujus
1098 819 1196 872 autem
1211 819 1339 874 dationis
1363 821 1480 890 optimos
1496 824 1525 875 et
1544 822 1693 893 periectae,
1712 840 1775 898 999

10 948 17 983 ,
35 910 165 978 liuntur,
182 915 212 963 91
226 907 390 962 renovabis
404 906 510 961 199199
524 912 615 962 terrae
629 906 724 978 (Psel.
741 908 811 978 ciii).
937 906 1093 961 desursum
1105 912 1152 960 est
1167 907 1379 964 descendensa
1393 909 1489 965 Patre
1502 910 1643 965 luminum
1658 911 1732 982 (dee.
1742 914 1774 984 ι),

10 1038 19 1077 ,
78 1000 175 1053 Homo
186 999 278 1070 igitur
288 1012 341 1068 per
356 996 525 1067 supradicta
544 996 601 1050 duo
615 996 787 1068 principalia
801 997 879 1059 bona
937 1010 1024 1049 sacre
1039 995 1213 1050 solemnitas
1229 1012 1287 1052 non
1303 1001 1349 1051 est
1369 1015 1456 1070 nova,
1476 999 1586 1071 ignota,
1599 1000 1706 1071 subita,
1720 1001 1775 1057 sed

38 1088 74 1143 in
91 1089 204 1142 honore
220 1086 336 1157 positus
351 1085 415 1154 tuit,
431 1084 486 1140 sed
501 1085 579 1156 quod
590 1085 621 1139 in
637 1085 749 1140 honore
764 1085 880 1156 positus
937 1084 1074 1154 9911999,
1102 1083 1248 1153 celebris,
1280 1088 1309 1140 et
1331 1087 1513 1157 authentica,
1545 1089 1777 1163 quondamper

10 1220 19 1259 ,
41 1179 129 1232 99991
144 1192 205 1230 999
219 1175 378 1244 intellexit,
403 1177 432 1229 et
446 1174 564 1229 diobolo
584 1174 811 1244 consentiendo,
828 1189 882 1244 per
939 1172 1052 1243 1119999,
1070 1172 1192 1228 91111199
1208 1173 1347 1229 lsraelin
1368 1180 1465 1231 monte
1481 1176 1551 1232 Sina
1573 1178 1670 1249 typice
1695 1178 1775 1235 cele-

10 1312 16 1333 ,
44 1265 106 1320 duo
119 1263 253 1336 quaejam
265 1263 395 1318 diximus
406 1262 481 1317 mala
492 1263 550 1318 duo
562 1263 592 1317 in
602 1279 636 1319 se
647 1263 724 1318 bona
739 1262 879 1332 corrupit.
937 1260 1030 1315 brata.
1048 1261 1113 1316 Lex
1129 1263 1237 1317 etenim
1255 1279 1312 1334 per
1328 1265 1455 1338 Moysen
1476 1266 1544 1321 deta
1561 1272 1617 1337 est,
1629 1269 1729 1339 pratia
1744 1273 1775 1323 et

10 1338 17 1421 ,
38 1353 102 1409 Sed
111 1354 180 1424 9919
192 1368 244 1423 ρ9ι
256 1368 289 1407 99
301 1368 356 1407 999
367 1352 443 1407 9919
455 1352 612 1422 (19ρ9119ι9,
627 1367 683 1407 999
697 1352 775 1408 bone
789 1351 882 1406 valuit
940 1351 1056 1405 veritas
1062 1366 1120 1423 per
1130 1351 1231 1406 desum
1244 1351 1396 1408 Christum
1407 1353 1485 1409 19919
1498 1360 1543 1410 991
1552 1356 1647 1428 (laon.
1664 1356 1694 1427 i).
1712 1356 1776 1413 Lex

10 1424 16 1526 ζ
36 1442 213 1512 reformare,
227 1441 349 1496 99919111
359 1441 408 1494 illa
424 1440 522 1495 divina
532 1441 717 1511 providentia
728 1441 786 1495 duo
797 1440 878 1511 prin·
939 1439 1004 1493 data
1020 1439 1111 1494 estin
1134 1443 1233 1496 monto
1249 1441 1381 1512 excelso,
1399 1443 1494 1515 gratia
1509 1444 1575 1498 data
1593 1448 1640 1499 est
1654 1460 1777 1502 sursum

41 1530 151 1602 cipalia
162 1531 301 1599 remedia,
313 1546 366 1601 per
377 1546 444 1601 quae
456 1532 484 1584 et
495 1530 573 1584 illate
589 1529 647 1585 sibi
662 1530 737 1585 mela
753 1533 879 1600 curaret,
937 1528 968 1583 in
984 1528 1147 1583 coeneoulo.
1172 1529 1235 1584 Lex
1259 1531 1324 1585 data
1350 1533 1397 1587 est
1419 1533 1448 1586 in
1473 1531 1641 1605 fulgoribus
1666 1534 1775 1606 igneis,

44 1625 76 1677 et
91 1620 201 1674 amissa
220 1619 297 1675 bona
316 1622 520 1689 recuperaret,
538 1618 696 1674 eonsilium
716 1618 831 1674 scilicet
854 1621 882 1672 91
939 1619 1034 1689 gratie
1048 1618 1114 1672 datu
1129 1619 1221 1673 estin
1238 1620 1336 1691 igneis
1351 1620 1474 1694 linguis.
1487 1621 1551 1676 Lex
1563 1622 1628 1676 data
1640 1625 1687 1676 est
1701 1623 1776 1678 duo-

39 1709 196 1764 euxitium.
213 1709 282 1778 Sed,
295 1712 325 1763 ut
336 1711 513 1779 agnosceret
528 1708 615 1763 homo
631 1707 767 1764 morbum
780 1723 878 1777 suum,
939 1706 1034 1761 decim
1046 1706 1194 1776 tribubus,
1204 1709 1297 1780 gratia
1306 1709 1371 1763 data
1383 1711 1509 1779 primum
1518 1710 1674 1766 duodecim
1685 1727 1776 1783 apos·

40 1798 189 1855 dimissus
205 1800 250 1851 est
265 1799 391 1867 primum
414 1798 492 1851 totus
517 1797 576 1851 sibi
595 1813 631 1852 ne
656 1796 730 1852 torte
757 1797 881 1868 gratiam
939 1795 1019 1850 totis.
1030 1796 1093 1850 Lex
1104 1797 1271 1866 scriptaest
1282 1797 1312 1851 in
1323 1797 1439 1852 duabus
1457 1799 1576 1867 tabulis,
1594 1801 1687 1873 gratia
1705 1817 1777 1857 eon-

39 1886 225 1957 superfluam
237 1884 402 1956 judicaret,
418 1885 444 1939 si
460 1885 543 1956 prius
557 1886 737 1940 infirmitatis
749 1901 813 1941 suae
828 1886 881 1940 de·
941 1886 1105 1939 summetur
1135 1885 1164 1938 in
1194 1885 1310 1941 duobus
1334 1887 1493 1957 praeceptis
1526 1888 1687 1945 charitatis.
1714 1889 1778 1946 Lex

39 1975 153 2031 fectum
168 1991 227 2029 999
243 1977 435 2046 agnosceret,
451 1975 579 2044 positum
600 1976 647 2029 est
666 1990 739 2046 ergo
764 1978 881 2046 tempus
941 1973 1050 2043 scripta
1066 1976 1112 2027 est
1134 1973 1227 2044 digito
1249 1974 1302 2029 Dei
1325 1976 1356 2028 iii
1380 1975 1490 2041 tabulis
1513 1976 1655 2047 lapideis,
1683 1980 1778 2051 gratia

39 2064 187 2119 naturalis
201 2063 289 2134 tegle,
307 2067 339 2117 ut
356 2066 460 2118 natura
483 2080 537 2133 ρ9ι
557 2079 591 2118 99
616 2067 798 2134 operaretur,
823 2080 882 2118 non
941 2063 1468 2133 scribiturperSpiritumsanctumin
1477 2066 1617 2120 cordibus
1627 2067 1775 2123 humanis.

40 2153 123 2225 quod
138 2168 190 2223 per
206 2167 239 2206 se
255 2151 415 2223 quidquem
430 2154 544 2221 posset,
563 2152 617 2207 sed
632 2155 706 2207 utse
718 2169 777 2207 999
790 2168 882 2223 posse
942 2152 1005 2205 Lex
1020 2151 1086 2205 data
1096 2155 1143 2206 est
1153 2152 1200 2206 die
1215 2153 1461 2224 quinquagesimo
1476 2158 1633 2225 postquam
1645 2155 1779 2211 celebra-

39 2243 232 2314 agnosceret.
260 2240 311 2294 llla
336 2240 427 2311 igitur
440 2240 544 2295 relicta
567 2240 626 2295 sibi
642 2256 742 2296 errare
762 2241 850 2312 coepit
867 2256 884 2295 a
942 2242 1004 2294 tuin
1019 2243 1065 2293 991
1077 2240 1191 2295 Pascha
1211 2243 1327 2296 interra
1339 2241 1474 2313 AEgypti,
1487 2245 1581 2314 gratia
1593 2244 1658 2298 data
1676 2245 1777 2302 estdie

39 2334 168 2386 veritate
178 2346 233 2401 per
244 2330 451 2402 ignorantiam,
463 2330 692 2384 etconvictaest
702 2331 738 2386 de
749 2333 882 2385 caecitate
943 2329 1189 2401 quinquagesima
1210 2334 1278 2401 post
1296 2333 1547 2404 resurrectionem
1562 2333 1688 2388 Domini.
1708 2334 1779 2390 Cum

39 2421 235 2493 postmodum
246 2420 333 2473 etiam
345 2419 548 2473 convincenda
563 2419 600 2474 de
615 2418 794 2474 infirmitate.
811 2419 883 2473 Data
944 2418 1022 2473 enini
1029 2417 1248 2489 complerentur
1256 2420 1538 2490 dicsPciitecosteS,
1547 2422 1780 2493 erautdiscipeli

42 2511 94 2565 est
108 2509 157 2563 lex
172 2509 293 2578 scripta,
310 2510 341 2562 ut
356 2507 551 2579 ignorantiam
568 2507 756 2578 illuminaret,
772 2508 826 2563 sed
836 2507 884 2561 in-

42 2599 215 2654 firmitatem
239 2613 298 2651 999
318 2596 534 2665 corroboraret,
560 2598 592 2650 ut
612 2596 642 2651 iu
658 2612 692 2651 99
711 2599 808 2667 parte,
827 2612 885 2667 qua

48 2687 198 2742 delectum
214 2702 302 2741 suum
317 2685 404 2740 homo
420 2685 551 2756 agnovit,
575 2683 741 2756 juvaretur,
766 2686 817 2741 ubi
832 2702 886 2741 99-

43 2780 106 2832 199
118 2792 170 2846 ρ9ι·
186 2790 219 2830 99
231 2779 310 2829 9199
322 2775 443 2844 putavit,
456 2774 683 2845 relinqueretur,
697 2778 827 2844 Accepta
838 2791 886 2828 er-

49 2880 89 2937 go
103 2864 227 2918 seientia
237 2864 371 2918 veritatis
381 2878 435 2933 per
445 2862 541 2934 legem
554 2863 654 2917 conari
666 2864 763 2935 coepit,
779 2867 811 2919 ut
820 2880 888 2934 pro·

48 2954 167 3021 tlcerat,
193 2952 248 3007 sod
262 2967 387 3023 pressus
404 2951 643 3021 concupiscentia
657 2994 664 3021 ,
680 2952 748 3023 9919
763 2954 889 3023 gratiam

940 2507 1097 2579 pariterin
1106 2507 1208 2563 ecdem
1214 2506 1285 2578 1999,
1295 2508 1558 2581 attactnsrepente
1569 2510 1781 2569 (1999199999

944 2597 1071 2667 spiritus
1085 2596 1278 2664 vehementis,
1288 2600 1343 2652 etc.
1355 2597 1423 2653 Act.
1432 2598 1473 2669 ii).
1486 2597 1580 2670 Cujus
1591 2600 1714 2669 spiritus
1722 2601 1783 2672 ple-

945 2685 1046 2739 nitudo
1057 2685 1141 2740 estin
1152 2687 1257 2755 capite,
1270 2686 1453 2757 participatio
1463 2687 1494 2741 in
1514 2688 1666 2744 membris.
1688 2689 1781 2762 Caput

945 2774 1099 2843 ChristuS,
1126 2773 1291 2828 membrum
1319 2773 1516 2831 Christianus.
1546 2775 1640 2847 Caput
1668 2795 1779 2850 unum,

946 2863 1078 2917 membra
1092 2863 1198 2930 multa3
1223 2866 1252 2917 et
1277 2866 1393 2918 constat
1404 2881 1493 2918 unum
1510 2881 1618 2935 corpus
1633 2882 1672 2921 ex
1687 2869 1782 2940 capite

947 2954 975 3006 91
989 2950 1142 3019 membris,
1153 2952 1221 3006 etin
1233 2967 1292 3005 uno
1302 2967 1425 3022 corpore
1437 2952 1560 3022 spiritus
1570 2970 1658 3009 unus.
1669 2954 1700 3010 Si
1709 2972 1783 3029 ergo

53 3040 243 3112 adjuvantem
259 3058 316 3096 non
333 3041 445 3110 habuit,
466 3041 502 3095 ab
518 3056 607 3110 opere
630 3041 748 3095 virtutis
770 3041 887 3095 1919911.
908 3056 1058 3123 ccorpus
1072 3055 1163 3093 unum
1179 3044 1243 3109 est,
1260 3043 1290 3094 et
1304 3040 1428 3110 spiritus
1443 3057 1521 3095 unus
1536 3043 1587 3113 991
1607 3043 1636 3097 19
1659 3059 1784 3115 corpore

54 3131 131 3186 Huic
146 3131 250 3185 sensui
272 3130 348 3185 bene
372 3130 531 3184 concordat
545 3129 708 3200 apostolica
727 3130 888 3201 sententia,

59 3236 126 3291 999
137 3220 207 3273 dicit
220 3236 225 3274 :
246 3218 318 3284 Quin
330 3236 369 3273 ex
377 3219 517 3290 operibus
526 3219 604 3289 lepis
611 3235 668 3273 non
671 3218 892 3291 justificabitur

50 3308 152 3362 omnis
170 3324 239 3362 cero
255 3324 352 3362 coram
365 3306 416 3362 1119
426 3307 520 3376 (1199.
538 3314 590 3376 iii).
604 3307 639 3361 Et
650 3308 717 3362 item
730 3324 736 3362 ε
749 3307 838 3363 Ν1111
853 3308 892 3364 ad

48 3397 217 3469 ρ99199199
222 3397 367 3468 perduxit
375 3396 427 3451 lex
436 3395 541 3464 (Ilclir.
554 3400 616 3466 vii).
628 3395 744 3461 Quare?
753 3396 829 3461 Quid
839 3413 892 3467 per

51 3484 312 3557 legemltloguitio
322 3484 783 3555 pecentisubandistantum.Per
793 3485 891 3558 legem

55 3575 119 3630 sota
130 3575 244 3646 peceati
256 3574 396 3645 cognitio,
407 3589 466 3628 non
484 3576 572 3627 etiam
587 3575 811 3631 consummatio.
829 3576 893 3629 Lex

56 3664 190 3718 docendo
205 3663 405 3734 precipiebat,
422 3663 476 3717 991
491 3663 579 3717 1999
595 3679 648 3733 ρ9ι
664 3664 762 3735 legem
777 3663 892 3719 habeus

56 3753 213 3808 consilium
222 3751 533 3821 nonetiamnuxilium,
542 3752 573 3806 in
581 3752 718 3810 faciendo
726 3753 891 3808 (1911919191.

59 3843 123 3897 Lex
138 3842 216 3896 cuim
232 3841 385 3896 scientiam
402 3840 489 3895 debat
504 3839 642 3912 faciendi,
652 3857 711 3897 non
726 3842 808 3896 vires
823 3857 894 3912 per-

54 3931 184 3986 ficiendi.
202 3931 317 4000 Pauper
337 3930 473 3985 infirmus
497 3930 527 3984 in
542 3929 686 4002 languore
710 3934 893 4002 perseverat,

947 3131 1013 3200 ipso
1033 3144 1093 3183 non
1110 3130 1172 3199 est,
1189 3144 1205 3182 a
1220 3129 1327 3198 spiritu
1341 3128 1485 3183 vivificari
1502 3144 1560 3185 uon
1575 3133 1688 3200 potest,
1707 3132 1785 3188 91991

948 3217 1092 3288 scriptum
1110 3221 1155 3272 est
1168 3233 1174 3271 :
1189 3217 1245 3283 Qui
1261 3234 1317 3272 999
1333 3218 1423 3272 hahet
1441 3219 1580 3290 spiritum
1593 3219 1723 3292 Christi,
1736 3222 1785 3278 hic

949 3323 1005 3361 999
1021 3312 1068 3361 est
1090 3307 1156 3378 ejus
1171 3306 1265 3375 (ltom.
1288 3306 1361 3375 ιιιι).
1379 3305 1434 3371 Qui
1449 3307 1527 3361 enim
1541 3323 1600 3363 999
1616 3308 1704 3364 habet
1717 3310 1781 3382 spi-

947 3396 1037 3450 ritum
1047 3395 1168 3465 Christi,
1181 3398 1297 3450 nonest
1310 3395 1474 3450 membrum
1486 3394 1603 3452 Christi.
1617 3398 1650 3452 ln
1661 3414 1786 3471 corpore

949 3500 1008 3539 999
1020 3484 1144 3554 spiritus
1160 3500 1248 3539 uuus.
1259 3484 1340 3538 Nihil
1351 3485 1381 3537 in
1399 3499 1524 3555 corpore
1542 3490 1698 3558 mortuum,
1714 3487 1787 3543 nihil

949 3577 1033 3629 extra
1044 3590 1153 3644 eorpus
1165 3574 1275 3628 vivum.
1295 3574 1367 3628 Haec
1384 3576 1429 3628 est
1444 3574 1544 3629 unctio
1555 3575 1587 3628 iii
1598 3577 1703 3648 capite,
1719 3592 1787 3648 9999

950 3663 1148 3719 descenditis
1159 3663 1283 3718 berham
1289 3663 1401 3732 Aaron,
1414 3666 1442 3717 91
1452 3679 1548 3735 99999
1559 3665 1590 3718 19
1601 3681 1682 3720 cram
1696 3666 1788 3722 vesti·

949 3754 1043 3807 menti
1054 3752 1120 3824 ejus
1136 3750 1233 3822 (Psel.
1245 3753 1370 3816 cxxxii).
1388 3752 1490 3822 Caput,
1508 3753 1706 3808 sieutdictum
1723 3757 1789 3842 est,

951 3839 1101 3912 signifieat
1111 3840 1271 3908 Christum,
1282 3840 1333 3909 991
1344 3842 1390 3894 991
1398 3845 1486 3909 caput
1502 3840 1632 3894 omnium
1643 3840 1785 3898 11191199.

952 3929 1058 3998 Barba,
1075 3929 1237 4000 queccapiti
1253 3928 1378 3982 inhaeret
1388 3931 1416 3983 et
1431 3931 1477 3983 991
1487 3928 1607 4000 signum
1623 3930 1782 4002 virilitatis,

58 4020 118 4074 nisi
130 4020 273 4088 medicus,
284 4019 333 4090 qui
345 4020 393 4073 dat
402 4019 560 4073 consilium
576 4019 730 4090 evadendi,
747 4020 895 4098 morbum,
952 4018 1105 4090 apostolos
1116 4018 1263 4090 designat,
1275 4019 1325 4089 qui
1337 4017 1580 4088 Christo,dumin
1591 4019 1701 4076 mundo
1714 4035 1788 4076 con·

63 4109 151 4163 etiam
160 4107 315 4162 medicinis
334 4111 455 4177 prestet
465 4107 637 4162 antidotum.
654 4107 704 4163 Sic
719 4125 779 4164 non
797 4109 897 4180 potest
953 4111 1092 4163 versatus
1116 4111 1181 4177 est,
1207 4107 1414 4178 adheserunt,
1432 4110 1461 4163 et
1474 4107 1653 4165 adhaerendo
1668 4125 1735 4165 999
1752 4125 1788 4168 99

56 4214 112 4268 ρ9ι
128 4200 282 4267 ρ9999199
297 4196 458 4268 languidus
469 4212 485 4250 a
495 4199 617 4267 peccato
634 4198 897 4270 parsolamlegem
955 4197 1147 4252 comederunt
1157 4200 1185 4251 at
1194 4196 1342 4266 biberunt,
1355 4200 1384 4250 et
1400 4193 1467 4267 ejus
1479 4196 1661 4252 salutiferam
1677 4198 1788 4255 doctri-

56 4286 226 4359 justittcari,
243 4285 302 4340 nisi
313 4285 408 4357 gratia
418 4284 514 4353 detur,
527 4300 593 4355 quie
609 4290 655 4339 991
665 4285 811 4341 medicina
826 4302 897 4356 pec·
954 4302 1022 4340 nam
1033 4287 1197 4356 audierunt,
1214 4289 1242 4340 et
1252 4285 1394 4340 miracula
1404 4285 1550 4356 viderunt,
1563 4288 1592 4340 et
1602 4289 1788 4356 postascen-

56 4375 125 4429 cati.
149 4375 310 4430 Convictus
325 4375 416 4446 igitur
432 4379 478 4429 cst
501 4374 589 4429 homo
614 4374 644 4427 in
668 4377 805 4445 utroque,
828 4375 897 4446 quia
912 4371 939 4434 D
955 4375 1069 4430 sionem
1080 4374 1147 4446 ejus
1162 4377 1283 4446 accepto
1292 4375 1410 4446 plenius
1433 4374 1542 4444 Spiritu
1553 4378 1657 4430 sancto
1669 4375 1784 4432 oonior·

41 4464 194 4519 -videlicct
208 4480 315 4534 perse,
333 4480 388 4518 nec
404 4479 507 4518 verum
517 4466 616 4534 potest
631 4479 827 4536 cognoscere,
840 4480 895 4519 nce

54 4555 167 4609 bonum
179 4554 332 4624 perticere.
351 4553 383 4606 ln
398 4554 529 4623 tempore
546 4554 654 4624 quippe
666 4553 808 4609 naturalis
817 4553 895 4626 legis

58 4643 214 4697 convictus
226 4644 272 4697 est
286 4642 322 4696 de
339 4641 470 4696 caecitate
482 4657 488 4711 ;
500 4642 532 4696 19
545 4644 677 4712 tempore
688 4643 808 4714 scriptae
817 4643 896 4715 legis

57 4733 93 4787 de
110 4731 288 4786 infirmitate.
315 4730 409 4785 David
438 4744 511 4802 ergo
541 4731 684 4801 propheta
712 4731 817 4787 videns
841 4747 896 4786 nec

18 4866 21 4877 .
60 4824 206 4891 naturam,
218 4821 382 4891 ecclegem
392 4819 428 4874 ad
441 4819 628 4874 liberandum
642 4819 791 4874 hominem
805 4836 897 4891 posse

63 4909 214 4979 sufficere,
231 4913 259 4965 et
272 4908 444 4981 intelligens
459 4908 584 4980 gratiam
599 4923 668 4963 esse
683 4909 895 4978 necessariam,

62 5002 90 5052 et
105 4998 345 5053 animadvertens
360 4998 391 5052 in
405 4997 472 5069 lege
483 5012 555 5068 erga
571 5012 667 5069 genus
679 4997 839 5053 humanum
849 4996 898 5052 be·

64 5085 261 5142 nevolentinm
277 5087 417 5156 divinam,
434 5086 595 5141 consolans
611 5102 655 5157 99,
672 5089 700 5141 91
715 5102 829 5157 99999,
847 5087 899 5158 991

61 5178 92 5231 19
114 5177 208 5248 gratia
224 5176 276 5230 Dai
292 5176 396 5230 99919
412 5175 554 5246 operibus
568 5176 646 5248 legis
661 5176 805 5231 haberent
820 5176 898 5231 sidu-

62 5268 148 5336 ciam,
159 5267 198 5320 911
210 5282 216 5320 ;
231 5264 365 5321 Gratiam
377 5272 407 5320 et
417 5264 543 5337 gloriam
552 5265 635 5320 dabit
648 5266 789 5322 Dominus
802 5264 897 5335 (Psel.

63 5355 198 5425 cxxxiii).
211 5356 372 5426 Postquam
384 5355 481 5427 itaque
492 5355 580 5410 homo
588 5355 727 5426 cognovit
737 5355 899 5411 caecitatem

62 5449 91 5501 et
112 5445 312 5500 infirmitatem
336 5460 432 5514 suam,
460 5444 671 5500 convenienter
692 5445 759 5499 data
778 5447 825 5500 est
839 5445 899 5516 lex,

63 5551 130 5607 999
146 5538 174 5591 91
194 5533 373 5590 illuminaret
397 5549 520 5603 cascum,
545 5535 574 5589 et
596 5536 716 5590 sanaret
736 5533 901 5607 intirmum3

62 5623 242 5686 illuminaret
251 5623 459 5703 ignorantiam,
474 5621 668 5702 refrigeraret
681 5624 897 5702 coucupiscen-

954 4463 1005 4518 tati
1018 4464 1144 4520 viriliter
1158 4467 1292 4537 egerunt,
1310 4464 1378 4535 quia
1393 4462 1481 4517 tidem
1496 4462 1592 4532 ipsius
1620 4478 1675 4533 per
1695 4478 1789 4536 regna

954 4553 1056 4609 mundi
1070 4552 1316 4623 predicaverunt,
1333 4555 1570 4622 propternomen
1591 4550 1659 4622 ejus
1670 4551 1700 4607 iu
1716 4566 1789 4607 eon-

954 4643 1031 4699 ciliis
1045 4642 1154 4712 traditi,
1171 4643 1201 4696 in
1217 4640 1382 4712 synagogis
1406 4640 1556 4711 flagellati,
1572 4645 1638 4695 ante
1654 4655 1744 4713 reges
1760 4643 1789 4697 et

953 4733 1101 4804 praesides
1110 4731 1190 4786 ducti
1203 4746 1209 4784 :
1220 4733 1249 4783 et
1264 4729 1294 4783 in
1309 4728 1357 4782 his
1369 4727 1507 4783 omnibus
1521 4728 1665 4783 vicerunt.
1683 4729 1789 4786 Unctic

954 4822 1051 4892 itaque
1060 4820 1187 4890 Spiritus
1206 4817 1311 4888 senati,
1328 4832 1395 4888 quae
1411 4819 1458 4871 est
1470 4817 1501 4870 in
1516 4817 1610 4887 capite
1625 4817 1791 4876 secundum

953 4909 1176 4979 plenitudinem,
1185 4907 1217 4960 iii
1227 4906 1362 4976 beibaiu,
1374 4905 1404 4961 id
1410 4905 1625 4976 estapostolos,
1633 4906 1791 4965 deseendit

955 4996 1120 5053 secuudum
1130 4995 1394 5067 participationem,
1407 4995 1524 5066 quando
1535 4996 1579 5050 eis
1590 4996 1629 5051 ait
1637 5011 1644 5051 :
1653 4996 1792 5070 Accipite

956 5087 1102 5159 Spiritum
1128 5090 1277 5148 sanetum:
1302 5087 1345 5155 et,
1362 5084 1480 5156 quando
1494 5088 1563 5155 post
1582 5086 1791 5143 escensionem

956 5191 1042 5232 suein
1056 5173 1116 5230 illis
1134 5175 1270 5231 eumdem
1287 5173 1428 5244 Spiritum
1442 5173 1533 5243 misit,
1550 5176 1579 5229 et
1592 5176 1718 5247 gretiam
1732 5176 1792 5230 119-

956 5280 1083 5338 guarum
1097 5264 1256 5330 distribuit,
1274 5263 1436 5319 Descendit
1459 5264 1491 5318 iu
1513 5279 1596 5319 oraui
1621 5263 1794 5319 vestimenti

958 5356 1026 5427 quia
1043 5354 1122 5409 idem
1136 5353 1264 5424 Spiritus
1283 5353 1423 5408 tribuitur
1435 5352 1495 5408 illis
1510 5352 1623 5408 sanetis
1639 5352 1690 5423 991
1703 5351 1795 5409 futuri

959 5445 1029 5500 sunt
1052 5443 1140 5499 etiam
1154 5442 1185 5496 in
1200 5442 1259 5498 1199
1273 5442 1385 5497 99911.
1401 5440 1438 5497 Et
1458 5457 1547 5511 nunc,
1572 5440 1742 5496 charissimi
1756 5440 1795 5499 ad

959 5533 1162 5605 nosmetipsos
1172 5531 1380 5605 respiciamus,
1396 5534 1426 5589 et
1440 5533 1539 5588 utrum
1552 5529 1589 5584 ab
1605 5528 1685 5585 omni
1701 5528 1797 5602 19991.

960 5625 1098 5687 acmanto
1113 5621 1212 5684 99919
1227 5623 1256 5684 91
1269 5620 1395 5699 spiritus
1417 5619 1567 5682 emundati
1585 5618 1681 5679 simus
1695 5615 1797 5706 videtu
