3796 6022
33 231 74 297 87
418 230 639 299 APPENDIX
660 228 718 293 AD
741 226 934 295 aanoldis
956 229 1100 296 OPERA
1121 232 1385 299 DOGMATICA.
1714 236 1757 304 ἃ

36 438 123 492 citata
134 435 293 510 colligendi
309 437 409 492 odoris
420 430 579 491 dimittens.
593 436 749 505 aulearia,
762 433 865 504 inquit,
882 411 913 474 Α
927 432 1051 504 adipisci
1061 437 1138 506 quod
1148 439 1278 507 cupiunt,
1287 438 1396 494 frustra
1405 439 1497 495 nolint
1504 441 1630 511 perdere
1638 441 1667 496 id
1676 441 1755 514 quod
1814 431 1815 460 ³

37 527 68 580 in
82 525 159 580 bana
173 530 285 596 partem
299 526 432 595 dellexit,
457 529 506 580 aut
520 525 550 579 in
565 526 654 580 illam.
671 525 729 579 Aut
744 527 823 578 certe
837 523 867 576 ia
926 523 1117 594 reliquerunt.
1135 527 1251 596 Lycisci
1268 529 1405 584 dicuutur
1420 545 1510 584 canes
1524 532 1575 601 qui
1591 546 1628 585 ex
1639 530 1718 601 lupia
1728 536 1756 586 et

37 615 118 669 hune
133 629 167 668 se
180 613 343 670 anfractum
358 614 494 684 contulit,
516 615 569 668 sed
585 628 639 668 nec
655 614 685 667 in
699 614 796 682 istam,
814 627 868 666 uec

38 705 69 759 in
84 703 165 758 illam
178 704 337 776 ingressus
353 708 413 772 est,
438 706 575 774 superest
588 703 680 772 igitur
694 706 725 756 ut
739 704 768 756 in
784 702 870 756 istam

39 797 152 866 partem
166 808 200 849 aa
219 793 389 862 contulerit,
413 795 441 846 et
465 792 509 846 sic
533 792 658 846 falsitate
674 791 824 861 repudiata
841 791 871 843 in

42 884 196 938 veritatem
210 880 381 950 prolabitur.
399 880 484 951 Saepe
500 882 586 935 etium
600 881 685 934 vocis
699 880 787 934 illatae
808 879 871 933 evi-

42 972 138 1027 dentia
156 985 245 1025 canes
256 971 292 1024 ad
303 970 526 1041 redarguendas
537 985 606 1024 reos
618 969 724 1023 iudicia
736 969 871 1039 prodide-

39 1066 118 1130 runt,
135 1063 168 1114 ut
180 1063 260 1113 muta
271 1059 551 1113 eorumtestimonio
567 1059 739 1129 plerumque
755 1059 793 1112 sit
810 1075 872 1111 cre·

40 1151 144 1204 (litum.
161 1147 326 1202 Antiochiae
350 1147 447 1201 larunt
467 1148 496 1201 iu
511 1147 668 1201 remotiore
691 1149 772 1216 parte
789 1147 872 1200 urbis

41 1244 178 1296 necatum
192 1237 289 1290 virum
302 1237 429 1307 quodam
441 1236 627 1305 crepusculo,
640 1237 689 1306 qui
702 1251 803 1288 canem
815 1235 871 1286 sibi

40 1328 214 1399 adjunctum
228 1324 364 1393 habebat,
382 1325 468 1378 miles
484 1326 601 1395 quidam
613 1325 762 1394 praedandi
775 1324 872 1377 studio

41 1417 177 1472 minister
188 1414 341 1469 exstiterat
352 1413 454 1481 credis,
471 1417 566 1468 tectus
582 1414 660 1468 idem
678 1414 774 1481 urllrue
789 1417 873 1466 icae-

40 1502 460 1570 brosodiaiexordio,inalias
469 1505 568 1572 partes
580 1507 757 1556 secesserat.
771 1502 874 1556 lar-brit

43 1594 225 1648 inhumatum
241 1608 360 1662 eorpus,
373 1591 514 1662 frequens
525 1596 588 1645 arat
603 1592 797 1661 spectantium
815 1591 875 1642 ral-

43 1698 112 1754 guS,
127 1680 241 1736 astabat
257 1685 364 1751 questu
388 1681 570 1750 lacrymabili
587 1681 679 1749 canis,
704 1680 873 1748 dominique

43 1771 132 1825 llebat
146 1785 317 1824 aerumnam.
335 1769 422 1823 Forte
438 1771 464 1822 is
484 1771 535 1840 qui
550 1785 653 1823 necem
668 1770 813 1831 intulerat,
832 1772 873 1820 rat

44 1858 182 1916 sehabet
202 1858 332 1912 versutia
356 1859 475 1912 bumani
496 1859 620 1930 ingenii)
634 1859 743 1912 vitandi
760 1860 872 1911 incaru-

43 1949 124 2004 modi
136 1948 284 2017 aviditata,
302 1952 330 2002 et
344 1951 376 2001 ut
395 1947 462 2018 ejus
485 1949 642 2017 praesentia
662 1948 748 2002 tidcnr
765 1947 874 2001 laceret

44 2040 223 2094 innocentiae
238 2037 275 2091 ad
291 2037 370 2091 illam
390 2037 610 2090 circumstantis
629 2038 729 2107 populi
746 2037 874 2090 accessit

45 2142 199 2198 caronam,
215 2128 245 2182 et
259 2127 339 2182 velut
357 2127 504 2181 miserans
529 2127 765 2197 appopirrquabat
781 2126 815 2179 ad
831 2125 875 2178 tu-

44 2233 111 2272 nas.
127 2216 211 2270 Turre
226 2216 309 2271 canis
321 2220 506 2286 aequastrato
518 2216 669 2286 paulisper·
679 2216 791 2269 alutaris
803 2232 876 2286 que-

45 2308 103 2374 stu,
124 2304 246 2359 ultionis
267 2320 347 2358 arma
369 2305 541 2375 assumpsit,
557 2310 644 2374 atque
658 2305 877 2373 apprehensum

45 2394 140 2449 tenuit
152 2397 181 2448 at
195 2394 276 2449 velut
291 2394 446 2465 epilogans
462 2394 608 2464 quoddam
624 2394 794 2447 miserabile
811 2411 878 2448 car·-

46 2499 113 2538 men
128 2499 328 2553 murmurans,
345 2482 503 2538 universos
516 2484 659 2536 convertit
674 2484 702 2537 iu
719 2484 876 2553 larerpnras,

47 2572 194 2644 iidemque
209 2576 239 2626 et
252 2573 456 2641 probationem
467 2573 578 2640 detulit,
597 2574 663 2643 quia
678 2589 767 2643 quem
782 2573 879 2625 solum

4 2660 9 2671 ’
47 2661 140 2717 tenuit
149 2676 188 2717 ax
197 2660 333 2732 pluribus
344 2677 403 2716 aon
414 2662 534 2716 dimisit.
548 2663 679 2733 [lenique
690 2662 879 2732 perturbatas

47 2749 169 2821 luitilla,
182 2752 473 2806 ettarnrnanilestum
485 2753 526 2806 rei
539 2753 689 2821 iudiciuin,
702 2768 796 2823 neque
809 2752 878 2820 odii,

48 2855 145 2913 nequa
155 2840 383 2909 inimicitiarum,
396 2858 491 2912 aeque
503 2843 620 2912 injuria·
631 2842 760 2913 alicujus
776 2844 822 2896 vel
834 2842 880 2895 in-

48 2932 137 2987 vidiae
154 2931 254 2999 obice,
273 2937 393 3001 propter
408 2931 606 3002 objectionem
623 2937 745 2999 naturae,
762 2932 808 2985 vel
824 2931 879 2984 eri·

48 3037 117 3076 men
131 3020 274 3092 repellere
291 3022 393 3090 potuit.
407 3022 505 3091 ltaque
519 3021 597 3092 quml
614 3026 675 3075 crat
691 3022 803 3076 ratione
813 3038 881 3075 eou-

49 3126 167 3180 sonnm,
183 3110 324 3164 ultionem
339 3126 503 3179 perpessus
519 3117 573 3179 est,
591 3112 657 3181 quia
674 3110 877 3164 defensionem

49 3199 108 3255 sibi
122 3201 264 3270 praestare
281 3216 339 3253 uorr
355 3200 456 3268 potuit.
475 3199 589 3270 lingua
612 3201 694 3253 canis
711 3200 780 3254 dum
795 3199 880 3268 lingit

48 3287 169 3358 vulnus,
186 3292 269 3343 sanat
285 3290 367 3343 illud.
386 3290 486 3343 lictus
502 3289 568 3359 ejus
580 3290 736 3343 admodum
747 3289 880 3343 medicus

50 3393 120 3433 esse
141 3378 243 3433 fertur.
267 3380 359 3433 tlatuli
384 3379 510 3448 denique
533 3377 643 3448 lingua,
662 3378 881 3432 vulneratorum

50 3476 127 3531 solet
137 3491 207 3531 esse
217 3477 425 3531 intestinoruru
435 3476 528 3529 salus.
542 3475 652 3528 Natura
664 3473 731 3545 ejus
743 3478 773 3528 ut
784 3475 820 3528 ad
832 3491 882 3528 vo·

50 3564 152 3619 mitum
167 3581 255 3620 suurn
267 3569 440 3633 revertatur,
458 3565 621 3633 iterumque
637 3563 779 3616 comedat.
796 3563 882 3616 Curn-

49 3671 107 3726 que
122 3655 229 3709 llumen
253 3654 413 3707 tranaverit
438 3669 557 3706 caruem
581 3656 630 3705 aut
653 3651 764 3721 aliquid
779 3652 834 3705 tale
853 3653 881 3705 in

50 3759 102 3798 ora
117 3758 172 3798 suo
182 3747 299 3805 tenens,
312 3759 378 3795 curu
389 3743 494 3795 viderit
506 3741 649 3808 umbram,
663 3756 698 3794 os
710 3754 796 3793 saum
812 3756 879 3809 ape-

50 3833 101 3900 rit,
127 3835 214 3903 atqua
239 3832 308 3885 duur
333 3835 470 3901 properat
495 3831 581 3884 alium
605 3844 724 3883 oaruaru
749 3844 878 3897 sumere,

51 3922 147 3990 ipsam
162 3936 249 3990 quam
265 3924 343 3974 tenet
354 3921 458 3989 perdit.
471 3920 565 3991 tlujas
577 3922 700 3990 liguram
716 3919 743 3971 irr
760 3919 882 3989 quibus-

50 4009 116 4062 dam
125 4009 217 4063 rebus
227 4009 439 4078 praedicatores
451 4009 570 4075 lrabeat,
583 4010 633 4080 qui
649 4025 768 4078 seraper
782 4008 882 4061 admo·

51 4097 148 4152 nenda
159 4100 188 4152 et
197 4098 364 4152 exercendo
376 4114 442 4168 quae
453 4102 532 4152 recta
545 4101 623 4166 sunt,
636 4099 761 4151 insidias
773 4096 881 4150 diaboli

50 4187 173 4257 pellunt,
190 4203 226 4241 ne
248 4186 420 4241 thesaurum
443 4187 507 4249 llei,
518 4189 631 4241 animas
646 4187 883 4240 tlbristiauorum

49 4277 115 4346 ipse
129 4276 252 4331 aulerat.
266 4276 380 4348 lingua
392 4278 474 4330 canis
490 4276 558 4330 dum
569 4277 652 4347 lingit
665 4276 783 4344 viduus,
797 4278 880 4330 sanat

50 4366 132 4436 illud,
149 4367 217 4438 quia
231 4364 420 4437 peccatorum
430 4368 553 4420 vulnera
563 4366 632 4420 dum
644 4366 672 4418 iu
689 4365 880 4419 confessione
896 4359 923 4420 l)

50 4457 207 4526 nudantur,
224 4456 412 4510 sacerdotum
431 4456 614 4509 comacliensi
629 4453 815 4507 inundantur.
835 4452 880 4506 ln·

50 4546 158 4600 tastina
179 4561 297 4618 quaqua
320 4545 449 4600 bominis
474 4548 556 4597 curat
578 4543 677 4614 lingua
701 4542 795 4609 crinis,
812 4541 880 4611 quia

51 4637 166 4690 secreta
180 4635 282 4690 cordis
297 4634 393 4705 ipsius
409 4635 586 4687 intrudantur
597 4647 687 4700 opere
704 4633 730 4684 ct
743 4644 881 4684 sermone

51 4723 192 4778 doctoris.
202 4724 337 4779 Medicus
346 4725 503 4778 admodum
513 4721 715 4777 canisdicitur·
723 4734 802 4785 esse,
813 4718 882 4789 qaia

50 4812 101 4883 qui
116 4815 225 4882 praeest
235 4812 312 4881 aliis,
326 4814 478 4883 sapientiae
491 4813 597 4866 studiis
609 4809 776 4881 invigilare,
788 4808 884 4862 omni·

51 4915 108 4972 aque
123 4901 211 4956 modo
225 4901 375 4971 crapulam
390 4905 482 4955 vitiare
494 4901 590 4954 alebat.
603 4900 678 4952 Nam
689 4899 718 4953 in
730 4898 882 4951 saturitate

49 4991 137 5060 panis
148 4990 275 5046 Sodoma
290 4991 387 5059 periit.
404 4991 491 5043 Nullo
505 4990 622 5043 alearum
634 4988 743 5041 ambita
754 4988 812 5039 tam
824 4987 881 5040 eito

48 5079 589 5150 possidethomincrninimicus,quarn
598 5075 787 5146 voraciguta.
797 5073 880 5138 Quod

50 5168 133 5223 canis
148 5168 184 5222 ad
205 5169 348 5223 vomitum
373 5167 460 5235 redit,
486 5167 631 5236 quosdam
649 5167 716 5234 post
732 5167 881 5232 peractam

50 5256 270 5313 confessionem
287 5258 402 5310 incaute
414 5256 449 5308 ad
460 5258 625 5325 perpetrata
635 5253 768 5307 laoinora
783 5253 879 5306 realire

49 5348 240 5405 demonstrat.
258 5344 341 5411 erod
366 5359 484 5398 caraem
506 5344 535 5397 iu
551 5342 669 5396 llumine
685 5357 738 5410 per
752 5341 879 5410 cupitam

48 5437 183 5492 umbram
198 5434 350 5503 relinquit,
376 5433 526 5503 siguitleat
549 5431 684 5484 homines
707 5430 814 5483 stultas
829 5429 880 5499 qui

926 615 1050 666 canibus
1068 619 1242 684 nascuntur,
1265 633 1332 670 oum
1351 618 1474 672 interae
1490 619 1564 674 sorte
1581 622 1752 675 miscentur.

926 698 1026 754 Solent
1043 703 1104 755 ludi
1121 703 1245 758 laminas
1261 722 1351 761 canes
1366 708 1488 779 alligare
1503 709 1532 762 irr
1549 710 1646 776 sitris,
1664 713 1695 763 ut
1711 710 1757 763 arl-

926 791 1107 845 misceantur
1120 793 1156 846 ud
1171 795 1264 865 tigres
1280 796 1408 865 bestias,
1432 814 1448 851 a
1467 799 1576 868 quibus
1593 799 1710 866 insiliri,
1727 804 1753 852 et

927 884 1010 935 nasri
1026 898 1063 935 ex
1074 883 1177 937 eodem
1194 883 1254 938 leta
1269 900 1359 940 canes
1370 888 1505 942 acerrimi
1521 888 1669 957 dicuntur,
1686 889 1758 942 adeo

928 970 1020 1025 sortes=
1038 976 1068 1026 ut
1084 973 1240 1042 complexu
1254 974 1356 1028 leones
1372 980 1569 1044 prosternant.

927 1080 996 1132 tlar.
1016 1079 1079 1132 xli.
1097 1079 1140 1131 lte
1156 1082 1324 1136 animalium
1345 1084 1507 1154 inperare
1528 1083 1709 1149 norrrirribus,
1731 1088 1761 1138 et

1112 1170 1269 1239 speciebus
1283 1188 1316 1224 ar
1327 1173 1574 1243 proprietalibus.

962 1274 1105 1329 Omnibus
1122 1277 1319 1333 animantibus
1332 1279 1423 1332 Adam
1433 1280 1547 1349 primus
1559 1280 1704 1336 vocabula
1720 1280 1762 1335 ia·

929 1364 1010 1433 didit,
1023 1364 1177 1434 imponens
1190 1368 1347 1438 unicuique
1358 1385 1464 1423 nomeu
1476 1385 1512 1422 ex
1524 1370 1664 1438 praesenti
1675 1371 1758 1424 insti·

928 1454 1758 1525 tutionejuxtaconditionemnaturaecuiserviret.Gentes

929 1548 1026 1599 auteur
1042 1545 1200 1615 uniruique
1211 1547 1379 1600 animalium
1390 1564 1427 1601 ex
1436 1549 1553 1618 propria
1565 1548 1667 1620 lingua
1678 1548 1762 1603 dede·

929 1638 998 1688 runt
1014 1633 1165 1700 vocabula,
1183 1650 1241 1687 nou
1252 1639 1348 1689 autern
1361 1636 1524 1690 secuudum
1535 1636 1666 1708 linguam
1682 1636 1759 1691 Lati·

889 1721 915 1783 B
933 1739 1008 1791 naui,
1026 1725 1111 1803 atque
1127 1723 1270 1793 Grmcam,
1287 1729 1336 1777 aut
1346 1726 1542 1796 quarumlibet
1552 1726 1684 1798 gentium
1699 1725 1764 1779 bar·

932 1812 1194 1866 lrararumnamiua
1204 1812 1252 1867 illa
1264 1814 1403 1883 imposuit
1412 1815 1513 1882 Adam,
1525 1815 1577 1870 sed
1589 1815 1637 1869 illa
1648 1814 1759 1887 lingna,

931 1916 997 1971 quae
1012 1903 1078 1953 ante
1094 1901 1235 1955 diluvium
1252 1918 1307 1955 una
1329 1902 1382 1956 luit
1403 1905 1533 1958 omnium
1554 1920 1619 1975 qum
1635 1904 1761 1959 Hebraea

930 1994 1124 2060 nuncupatur.
1142 1991 1244 2044 Latine
1259 1995 1356 2046 autem
1372 1993 1507 2047 animalia
1522 1997 1592 2048 sunt
1604 1993 1761 2049 animantia

931 2079 1017 2148 dicta,
1031 2095 1097 2150 quae
1108 2080 1274 2134 animantur
1284 2080 1352 2149 vita,
1363 2084 1391 2136 et
1399 2083 1677 2153 moventurspiritu.
1687 2082 1763 2147 Qua-

932 2169 1282 2240 drupadiavocata,quod
1300 2174 1425 2241 quatuor
1435 2171 1561 2242 pedibus
1579 2172 1761 2244 gradiantur,

933 2276 999 2330 qum
1011 2261 1066 2315 etsi
1079 2259 1184 2313 similia
1197 2259 1256 2313 sint
1266 2261 1435 2330 pecoribus,
1448 2264 1545 2316 tamen
1557 2278 1615 2316 uon
1626 2264 1696 2316 sunt
1707 2260 1762 2315 sub

933 2351 1146 2418 curalruaiaaa,
1154 2353 1185 2403 ut
1194 2351 1284 2416 cervi,
1295 2350 1398 2419 damae,
1409 2351 1524 2423 onagri,
1535 2355 1590 2405 etc.
1600 2350 1659 2405 Sed
1668 2364 1763 2422 neque

932 2441 1036 2493 bestiae
1050 2444 1129 2508 sunt,
1142 2443 1172 2493 ut
1184 2440 1295 2507 leones,
1308 2455 1403 2511 neque
1412 2439 1555 2511 jumenta,
1573 2443 1603 2494 ut
1617 2454 1692 2494 usus
1708 2438 1763 2492 bo-

932 2532 1042 2584 minum
1055 2530 1160 2599 juvure
1176 2530 1302 2599 possint.
1324 2529 1419 2583 Pecus
1441 2529 1568 2583 dicimus
1587 2544 1667 2596 essa,
1684 2527 1763 2599 quod

934 2620 1059 2673 lrurnaua
1070 2620 1170 2689 lingua
1182 2623 1209 2673 et
1220 2617 1319 2690 effigie
1332 2621 1420 2672 caret.
1436 2617 1558 2688 Proprie
1568 2622 1665 2672 autern
1677 2632 1764 2688 pero·

933 2725 997 2761 rum
1012 2724 1118 2761 nomen
1131 2709 1167 2761 iis
1179 2707 1355 2761 animalibus
1366 2707 1581 2761 accommodari
1593 2705 1679 2774 solet,
1693 2722 1759 2777 quae

933 2801 1001 2851 sunt
1011 2798 1045 2850 ad
1055 2797 1235 2850 vescendum
1245 2800 1319 2866 apta,
1330 2800 1360 2851 ut
1371 2812 1444 2851 oves
1454 2800 1481 2851 et
1490 2812 1561 2850 sues
1572 2813 1579 2865 3
1592 2796 1678 2850 autin
1689 2812 1764 2851 usus

933 2887 1084 2940 bantinum
1100 2887 1292 2952 commodata,
1306 2890 1335 2939 ut
1347 2887 1416 2956 equi
1428 2890 1456 2940 et
1471 2886 1574 2940 boves.
1592 2883 1695 2940 Dillert
1710 2901 1763 2938 au-

934 2978 992 3029 teur
1002 2977 1077 3029 iuter·
1087 2992 1193 3045 pecora
1206 2978 1233 3029 et
1244 2976 1384 3046 pecudea.
1395 2975 1469 3028 Nam
1480 2977 1597 3029 veteres
1608 2975 1638 3028 in
1649 2974 1764 3047 signill-

896 3040 921 3104 (ἶ
937 3066 1050 3119 catione
1067 3067 1196 3120 omnium
1211 3066 1379 3120 animalium
1394 3080 1501 3135 pecora
1517 3064 1665 3133 dixerunt,
1681 3080 1767 3135 pecu·

936 3160 989 3213 des
1000 3162 1095 3212 autem
1106 3162 1218 3212 tantum
1231 3157 1366 3212 animalia
1383 3157 1428 3210 illa
1447 3172 1513 3228 qaae
1528 3155 1661 3224 edentur,
1681 3152 1767 3225 quasi

935 3250 1074 3319 pecudes.
1091 3248 1273 3304 Generaliter
1291 3251 1387 3301 autem
1410 3261 1495 3299 omne
1515 3244 1622 3298 animal
1638 3257 1730 3312 pecus
1749 3257 1764 3294 a

934 3339 1083 3408 pascendo
1098 3341 1228 3392 vocatur.
1246 3336 1381 3390 lumenta
1396 3336 1462 3389 iuda
1479 3350 1584 3388 namen
1601 3333 1763 3399 traxerunt,

933 3427 1010 3498 quod
1026 3429 1160 3480 nostrum
1174 3425 1305 3480 laborem
1322 3425 1368 3478 rel
1385 3440 1459 3478 onus
1471 3440 1525 3478 suo
1537 3422 1685 3494 adjutorio
1698 3420 1766 3475 sub·

932 3517 1076 3570 vectanda
1090 3517 1137 3570 vel
1148 3517 1258 3571 arando
1267 3515 1381 3586 juvant.
1395 3514 1470 3566 Nam
1479 3513 1536 3567 bos
1549 3514 1687 3581 carpenta
1701 3513 1763 3563 tra-

934 3607 985 3673 lrit,
1002 3610 1028 3660 et
1045 3607 1222 3660 durissimas
1244 3605 1348 3675 glebas
1364 3618 1484 3657 varnero
1500 3602 1596 3656 vertit.
1614 3599 1718 3672 Equus
1735 3600 1764 3653 et

935 3696 1038 3749 asinus
1049 3712 1138 3749 onera
1154 3698 1278 3764 portant,
1292 3698 1318 3746 ct
1330 3693 1481 3746 bominum
1497 3691 1527 3744 in
1542 3688 1705 3762 gradiendo
1721 3687 1764 3742 la·

935 3785 1037 3839 barem
1054 3787 1226 3853 temperant.
1245 3782 1328 3835 l'ndc
1345 3786 1370 3834 rt
1384 3781 1516 3851 jumenta
1532 3778 1716 3849 appellantur
1730 3775 1766 3829 ab

935 3891 970 3929 co
986 3875 1064 3944 quod
1079 3873 1215 3926 homiues
1229 3872 1332 3941 juvent
1347 3886 1353 3925 :
1371 3874 1440 3924 sunt
1453 3869 1531 3922 enim
1542 3881 1717 3938 rnagrrarum
1728 3864 1768 3918 vi·

936 3965 1011 4017 rium
1020 3962 1165 4016 anirualia.
1180 3961 1249 4014 ltcm
1261 3958 1397 4012 dicuntur
1407 3960 1547 4024 ornacula,
1561 3956 1606 4008 vel
1616 3953 1695 4025 quod
1706 3953 1765 4007 sini

935 4055 1026 4107 araris
1036 4055 1111 4122 alita,
1123 4051 1150 4104 id
1160 4054 1204 4104 cst
1214 4049 1351 4115 bellu,vcl
1361 4046 1496 4118 quodhis
1506 4045 1634 4099 inarmis
1645 4043 1763 4112 utimur,

936 4143 981 4196 rel
994 4142 1071 4213 qrrorl
1085 4156 1208 4211 irruguus
1220 4154 1318 4190 armas
1331 4136 1448 4190 liabent.
1462 4135 1516 4188 aiii
1530 4136 1660 4187 armenta
1671 4132 1766 4186 boves

938 4235 1046 4285 tantum
1065 4230 1239 4300 intelligunt,
1259 4226 1294 4277 ab
1309 4225 1429 4292 ararulo,
1446 4224 1530 4296 quasi
1546 4222 1706 4287 aurulenta,
1722 4219 1770 4274 rel

939 4321 1017 4392 quod
1029 4321 1086 4374 siut
1098 4319 1237 4372 cornibus
1247 4319 1365 4368 armata.
1377 4313 1522 4367 Discretio
1532 4316 1628 4366 autem
1637 4312 1684 4365 est
1695 4309 1771 4363 inter

940 4414 1069 4464 armentu
1086 4413 1111 4461 et
1130 4424 1248 4478 eroges.
1267 4405 1340 4458 Naar
1357 4405 1466 4457 tantum
1484 4401 1629 4472 ruajoruur
1643 4401 1673 4454 ut
1684 4413 1771 4469 aquo·

941 4517 1005 4553 ruru
1020 4504 1047 4552 et
1062 4499 1150 4552 boiuu
1167 4500 1233 4549 stud
1250 4498 1391 4560 armenta,
1409 4509 1518 4564 greges
1534 4507 1605 4544 vero
1622 4489 1709 4543 etiarn
1726 4502 1772 4539 ca·

940 4604 1067 4657 praruar,
1081 4592 1107 4639 et
1120 4587 1227 4651 oaiuru,
1241 4586 1269 4637 et
1280 4586 1455 4636 caeterorum
1467 4581 1612 4634 minorum
1624 4575 1770 4649 gregatim

939 4677 1108 4730 viventium.

1200 4779 1268 4832 (lar¹
1288 4777 1366 4831 xlll.
1386 4777 1429 4829 Ile
1445 4793 1508 4829 arr.

972 4892 1043 4944 (tris
1060 4888 1145 4944 molle
1157 4902 1248 4957 pecus
1261 4885 1356 4938 lanato
1373 4899 1507 4954 corpore,
1521 4882 1632 4934 iucrrne
1647 4877 1765 4947 animal,

937 4981 1033 5033 auimo
1046 4978 1202 5050 placidum,
1224 4973 1411 5030 abablatione
1423 4972 1542 5034 dictura,
1556 4988 1590 5024 co
1602 4968 1680 5039 quod
1692 4965 1770 5036 apud

937 5075 1053 5123 veteres
1070 5068 1098 5120 in
1124 5065 1205 5119 initio
1231 5080 1289 5117 non
1305 5063 1395 5129 iurari,
1413 5062 1466 5116 seri
1483 5077 1553 5114 oves
1570 5059 1600 5110 iu
1618 5054 1766 5111 sacrificio

935 5159 1141 5212 mactarentur.
1160 5153 1205 5208 Ex
1221 5153 1268 5208 iris
1284 5151 1426 5222 quasdam
1443 5149 1579 5202 bidentes
1597 5149 1702 5200 vocant
1717 5160 1770 5199 eas

936 5264 1001 5317 qum
1017 5248 1093 5300 inter
1106 5248 1172 5298 octo
1192 5243 1296 5298 dentes
1320 5242 1395 5293 duos
1417 5239 1537 5292 altiores
1558 5236 1676 5304 lirrlrent,
1694 5249 1769 5304 quas

935 5337 1060 5390 rrraxirrre
1072 5334 1199 5405 gentiles
1211 5333 1239 5386 in
1251 5327 1580 5393 sacriticioollerebanl‚
1591 5325 1715 5395 reiquae
1726 5337 1772 5376 es·

934 5425 1140 5481 scutbiennes.
1151 5422 1222 5475 Ovis
1231 5420 1287 5474 sub
1297 5414 1550 5477 arlrontubiemis,
1561 5410 1770 5484 quiainexple·

48 5529 167 5598 propter
181 5523 369 5578 ambitionem
386 5521 428 5575 rei
444 5522 567 5593 ignotae,
591 5519 620 5573 id
641 5534 721 5588 saepe
736 5518 815 5588 quod
831 5519 877 5572 sui
933 5515 1002 5570 bilis
1014 5513 1049 5567 ad
1061 5528 1171 5576 escam,
1183 5509 1391 5564 insatiabiliter
1399 5504 1521 5558 ber-bam
1531 5504 1633 5572 carpit,
1644 5517 1680 5556 eo
1689 5500 1769 5572 quad

43 5616 123 5690 juris
138 5618 193 5688 eat,
207 5614 423 5687 derelinquunt.
435 5610 519 5665 Unde
530 5609 562 5665 tit
572 5611 612 5677 ut,
622 5608 691 5662 dum
708 5622 766 5661 nou
780 5607 877 5661 valant
932 5603 1101 5678 praesentiat
1117 5600 1304 5671 asperitatem
1321 5595 1427 5650 hiemis
1443 5593 1620 5662 adfuturam,
1638 5594 1669 5646 ut
1683 5591 1770 5663 prius
