3796 6022
543 177 841 261 abrahamio
865 181 1057 264 ducaris
1080 178 1515 263 brambacuahcl.
1815 180 1887 274 ⁴aas

163 172 224 259 aet

151 392 308 465 dimicans,
320 410 423 450 eoram
443 395 525 450 vires
539 395 640 451 multis
650 395 768 452 vicibus
782 396 871 471 fregit
885 414 919 453 ac
933 413 988 455 su·
999 389 1033 453 A·
1047 397 1161 456 viveret
1175 413 1335 472 numquam
1349 399 1509 470 detexeret,
1527 402 1555 454 ct
1568 398 1722 470 Neapolim
1737 397 1884 455 secedens

150 488 274 555 paravit.
291 483 473 539 Corascabat
488 486 632 555 peridem
647 487 808 558 tempusin
825 487 922 558 ltalia,
939 489 986 544 vir
1044 488 1252 562 Langobardis
1263 489 1421 560 mandavit,
1437 490 1469 543 ut
1479 489 1651 560 paupertina
1668 487 1827 542 Pannoniae
1837 505 1885 542 ru·

150 572 268 628 Domini
292 575 385 645 gratia
409 574 598 645 BenedictuS,
623 577 652 629 et
673 575 801 630 nomine.
827 576 872 630 Ad
897 593 985 647 quem
1040 593 1083 648 ra,
1102 593 1169 649 que
1184 577 1367 648 incolebant,
1384 579 1566 647 desererent,
1584 581 1613 633 et
1627 577 1663 631 ad
1680 576 1769 632 ltaliae
1786 576 1882 631 fertile

149 679 217 719 cum
228 663 368 733 praefatus
380 663 473 717 Tatila
483 679 573 718 causa
583 665 789 735 perscrutandi
800 681 836 719 an
847 665 984 735 spiritum
1040 667 1138 722 salum
1151 666 1365 738 possidendum
1381 666 1572 722 confluerent.
1589 665 1672 732 Quod
1688 665 1812 721 audiens
1828 665 1880 719 hl-

147 751 310 824 prophetiae
324 751 459 821 haberet,
476 750 623 820 venisset,
640 753 847 823 praenuntiavit
862 754 888 808 ci
906 754 983 808 idem
1038 755 1148 812 bainus
1164 771 1218 810 rex
1233 755 1508 828 Langobardorum,
1529 755 1559 810 in
1574 754 1687 809 ltaliam
1704 755 1880 810 commeavit

147 841 263 897 Domini
288 841 334 894 vir
353 856 420 911 quae
445 840 473 895 ei
495 843 618 895 ventura
634 845 727 912 erant,
742 841 845 896 diceas
863 857 869 897 :
887 842 982 897 illalta
1038 860 1105 899 cum
1121 843 1305 899 multitudine
1321 859 1428 917 magna
1447 843 1732 916 Langobardorum,
1748 859 1825 898 anna
1841 841 1877 898 ab

145 929 221 985 male
236 929 321 996 lacis,
339 928 485 1001 multaque
499 928 616 994 facist&
625 930 690 1002 jam
705 929 862 1002 aliquando
876 930 914 984 ab
929 932 983 985 ini·
1038 934 1241 988 lacernatione
1261 933 1378 988 Domini
1398 933 1637 1006 quingentesima
1654 931 1876 1005 septuagesima

145 1017 977 1092 quitatecoaquiesce,etquidemllomamingressuruses,
1036 1024 1151 1076 octavo.
1168 1020 1280 1076 Deinde
1295 1021 1492 1077 Mediolanum
1508 1022 1668 1094 ingressus
1685 1025 1745 1089 est3
1758 1024 1786 1075 et
1800 1020 1876 1075 intra

143 1123 226 1162 mare
238 1107 423 1161 transituras
434 1123 477 1175 es,
490 1122 593 1162 norom
606 1107 693 1160 annis
703 1107 856 1180 regnabis,
865 1107 979 1164 decime
1034 1109 1126 1165 breve
1135 1110 1262 1181 spatium
1273 1110 1415 1182 temporis
1427 1110 1484 1165 sihi
1496 1126 1572 1182 pene
1583 1113 1682 1180 totam,
1694 1112 1804 1181 prater
1813 1110 1875 1165 Ra-

140 1196 461 1267 mar·ie1·is.lgiturnan
472 1195 562 1250 multa
572 1198 639 1265 post
650 1194 719 1250 dum
730 1197 976 1268 maretransiens,

44 1343 45 1348 χ
141 1283 272 1340 Siciliam
288 1284 483 1355 depopulatus
499 1283 616 1354 luisset,
634 1289 662 1339 et
677 1283 744 1339 inde
760 1300 902 1339 reversus
919 1287 978 1341 llo-

140 1389 219 1428 mam
238 1374 398 1444 cinxisset,
419 1376 506 1444 atque
527 1373 671 1442 cepisset,
693 1377 752 1427 tota
776 1373 869 1428 ferme
890 1379 976 1430 nacte

141 1477 215 1518 suas
232 1463 311 1518 tubis
328 1463 466 1534 clangere
482 1463 633 1533 praecepit,
652 1465 683 1516 ut
700 1463 824 1518 Romani
840 1478 856 1515 a
871 1463 976 1518 Gothis

141 1552 450 1624 sesequibascumque
458 1550 831 1621 modisoecalc1·ent.oapta
838 1553 976 1625 estigitur

141 1641 235 1697 Roma
246 1640 393 1711 aproeiata
404 1641 497 1694 Totila
512 1654 583 1712 rege
591 1655 668 1695 anno
677 1657 728 1695 xxi
741 1640 900 1696 iustiniani
911 1643 973 1696 Au·

1034 1197 1873 1274 mametRavennamsubjecitltaliamPraindelastinas

1033 1287 1194 1357 imperator
1213 1289 1317 1342 octava
1335 1286 1450 1359 imperii
1471 1287 1518 1341 sui
1538 1303 1615 1343 anno
1637 1287 1765 1359 pedibus
1786 1288 1874 1357 caepit

1032 1375 1250 1447 infirmari,qaa
1260 1375 1297 1430 de
1313 1391 1344 1430 re
1356 1390 1515 1431 assumens
1523 1377 1657 1431 comitem
1669 1375 1873 1431 excubitorem

1032 1463 1194 1534 Tiberium,
1210 1463 1359 1534 adoptavit
1370 1479 1437 1519 eum
1453 1464 1484 1518 in
1497 1464 1601 1536 illium,
1618 1468 1647 1520 ct
1662 1480 1872 1520 successorem

1031 1568 1119 1607 suum
1133 1551 1216 1607 illum
1232 1551 1402 1608 declaravit.
1852 1541 1859 1554 '

1167 1658 1236 1714 Car.
1258 1658 1306 1713 Vl.
1323 1658 1368 1714 De
1389 1658 1509 1714 Tiberia
1524 1660 1705 1732 imperatore
1720 1675 1739 1714 1.

138 1731 231 1803 gusti.
248 1728 332 1795 Quod
348 1729 472 1784 audiens
488 1729 683 1799 lastinianus,
706 1729 866 1783 Narsetem
876 1730 973 1784 virum
987 1712 1016 1778 Β
1066 1748 1204 1803 Tiberius
1215 1748 1306 1820 igitur
1317 1748 1518 1803 Romanorum
1529 1747 1798 1821 quinquagesimus
1812 1746 1869 1801 im.

140 1820 303 1890 sapieatcm
313 1819 459 1873 ordinavit
467 1818 621 1889 patricium
632 1819 842 1890 liomenarum,
855 1822 883 1872 et
893 1819 973 1872 misit

139 1922 207 1964 eum
221 1908 257 1962 ad
275 1908 393 1965 ltaliam.
411 1907 474 1972 Qua
485 1907 554 1962 dum
564 1907 762 1977 pervenisset,
774 1922 876 1979 regem
891 1908 973 1962 Toti-

137 1996 197 2051 lam
213 1998 374 2068 superavit,
391 2001 419 2050 et
439 1996 604 2051 secundum
625 1996 721 2050 Patris
737 1995 887 2050 Benedicti
902 2012 973 2067 pro-

137 2085 268 2157 phetiam
279 2086 372 2141 'l'otila
387 2088 521 2140 mortuus
533 2089 588 2139 est.
600 2084 658 2140 Per
673 2085 751 2140 idem
765 2089 881 2156 tempus
897 2085 974 2140 iacta

137 2178 185 2229 est
195 2175 357 2229 mortalitas
368 2172 444 2245 apud
457 2174 627 2245 Byzantium
639 2190 754 2246 magna.
765 2173 826 2238 Qua
837 2175 873 2228 de
882 2191 972 2229 causa

137 2265 242 2319 eadem
253 2281 330 2319 anno
343 2265 487 2319 celebrari
499 2264 671 2318 solemnitas
688 2263 776 2334 coepit
792 2268 903 2318 sanetae
919 2264 972 2318 Dei

1029 1835 1868 1908 peratar,imperiumsamensannoincarnationisdivinae

1030 1925 1269 1998 quingentesima
1277 1925 1460 1997 octogesimo
1472 1923 1867 1996 secunda,imperevitannis

1029 2014 1136 2085 tribus,
1154 2017 1183 2068 et
1197 2013 1300 2069 decem
1314 2014 1482 2084 mensibus,
1500 2019 1528 2069 et
1550 2029 1657 2068 novem
1677 2012 1793 2067 diebus.
1812 2012 1867 2066 ilic

1030 2102 1084 2157 suit
1091 2103 1137 2157 vir
1143 2101 1307 2157 catholicus
1316 2105 1345 2156 et
1353 2103 1525 2175 religiosus.
1534 2101 1619 2156 Unde
1630 2100 1737 2155 multas
1748 2100 1778 2154 in
1788 2101 1867 2155 tlon-

1030 2191 1289 2262 stantinopolitana
1297 2191 1371 2247 urbe
1384 2191 1536 2246 renovavit
1546 2190 1703 2245 aeclesias,
1714 2189 1770 2243 Hic
1780 2189 1867 2243 etiam

1031 2284 1139 2336 terram
1163 2281 1322 2336 Persarum
1336 2281 1464 2351 intravit,
1484 2283 1512 2334 et
1527 2294 1579 2334 eas
1593 2279 1799 2350 potentissime
1815 2278 1867 2332 de·

137 2353 292 2425 genitricis
313 2353 413 2408 hieriae
429 2352 643 2423 purificationis
658 2352 755 2423 ipsius
777 2353 909 2406 secunda
924 2352 971 2407 die
1026 2370 1157 2442 begam,
1175 2369 1303 2442 indeque
1318 2369 1493 2442 ,egrediens
1508 2372 1618 2423 ,angam
1632 2366 1740 2422 molem
1758 2365 1867 2436 ppaedae

136 2442 290 2497 Februarii
301 2443 424 2512 mensis,
437 2446 465 2496 et
476 2443 605 2496 cessavit
616 2441 776 2496 mortalitas
788 2440 847 2495 illa.
860 2441 896 2495 Et
906 2440 971 2496 haec
1028 2475 1095 2514 gum
1105 2459 1270 2530 elephantis
1276 2458 1376 2512 mulge
1388 2458 1519 2528 adduxit,
1529 2456 1702 2512 „thumum
1715 2452 1867 2527 cupiditati

136 2531 310 2586 ⁸⁰¹⁰ffl1¹itsss
323 2531 417 2597 traval
433 2531 558 2602 hypante
573 2530 688 2585 D⁰¹¹¹i¹¹i
704 2530 808 2585 ⁶¹²&ssss
825 2529 901 2585 ⁸⁰¹&
915 2546 970 2585 ¹1⁰·
1027 2549 1199 2604 crederetur
1208 2562 1299 2619 posse
1315 2546 1465 2602 sulficere.
1481 2546 1628 2603 Caeterum
1643 2545 1721 2600 idem
1729 2542 1867 2598 Tiberius

136 2621 252 2692 minari»
270 2637 305 2676 0⁰
321 2620 399 2692 ΨΜ
411 2620 465 2674 ¹¹³⁰
476 2621 541 2690 ¹93⁸
557 2619 603 2674 die
615 2619 701 2674 ³¹¹⁸¹0
716 2619 746 2672 1¹¹
761 2619 902 2690 templum
913 2621 970 2676 ΠΟ·
1027 2639 1192 2710 Augustas,
1208 2636 1259 2691 ubi
1273 2635 1333 2691 sibi
1354 2635 1443 2690 finem
1457 2636 1527 2689 vitae
1547 2635 1701 2689 imminere
1716 2620 1865 2705 praevidit,

85 2784 87 2788 ἱ
134 2710 215 2765 mino
230 2710 350 2765 Simeon
366 2712 394 2764 et
409 2711 494 2763 Anna
509 2710 535 2762 ei
552 2709 669 2763 obviam
683 2711 838 2780 venerunt,
855 2709 970 2780 hypan-
1027 2727 1117 2799 019352
1131 2727 1167 2780 ,d
1178 2726 1334 2798 imperium
1345 2726 1501 2797 quemdam
1516 2724 1613 2779 virum
1624 2737 1735 2796 genere
1752 2721 1866 2794 Cappa.

134 2802 182 2855 ΜΟ
197 2798 313 2854 mlii&
331 2800 409 2854 essim
424 2799 527 2853 Gfae‘iss
547 2798 624 2852 idem
640 2801 686 2852 θεῖ
704 2797 783 2869 (Ιῦοἀ
804 2799 921 2853 ⁰be⁸¹²²
937 2815 971 2855 00
1026 2816 1140 2886 docem,
1153 2818 1307 2870 strenuum
1322 2831 1357 2868 ac
1372 2813 1636 2885 sapientissimum,
1648 2811 1696 2883 qui
1711 2810 1865 2866 Mauritius

135 2887 969 2961 honorispratial’osthaecautemlustiaianashagustus
1025 2909 1213 2976 nuncupatus
1223 2908 1279 2959 eet,
1294 2903 1346 2958 Cup
1358 2904 1448 2958 papiam
1464 2918 1549 2959 suam
1560 2900 1761 2958 ommatium
1777 2913 1864 2955 orna.

135 2978 289 3050 trigesimo
314 2977 429 3048 imperii
453 2977 501 3031 sui
523 2992 600 3030 enno
619 2977 655 3031 ab
671 2977 810 3030 Anthium
826 2977 968 3033 seductus
1025 2997 1084 3049 tam
1098 2993 1225 3049 renarro
1235 2994 1387 3066 regalibus
1399 2994 1590 3063 ornamentis,
1608 2991 1711 3046 asans
1724 3005 1730 3044 :
1744 2989 1792 3044 sa
1810 2987 1866 3042 aar

134 3068 275 3139 0l³i⁸⁰⁰l³⁰
292 3068 380 3137 coepit
395 3067 543 3121 declinare
558 3083 575 3120 ss
590 3066 733 3121 Gath0¹i⁰⁸
744 3066 811 3121 fide·
821 3066 855 3154 Βῑ
866 3066 935 3122 dum
950 3086 966 3123 fl
985 3055 1181 3156 cimperium
1199 3099 1293 3138 areum
1314 3100 1377 3138 eum
1392 3083 1447 3137 hae
1461 3081 1560 3155 puella
1576 3095 1757 3136 concessum.
1773 3078 1865 3133 Utere

134 3157 243 3212 diffinis
255 3158 400 3233 mundtiis
410 3172 511 3211 aurem
522 3156 621 3210 ⁰⁰s‘fiS
635 3157 749 3226 alermi
762 3154 844 3227 l⁰⁸t⁰
856 3156 907 3211 Dei
915 3156 966 3228 lu·
1026 3189 1099 3245 crgo
1108 3172 1241 3227 feliciter
1250 3188 1292 3238 ea,
1304 3177 1332 3226 ct
1343 3172 1420 3226 habe
1431 3171 1462 3225 in
1468 3176 1566 3225 monte
1576 3170 1766 3224 incessanter
1775 3167 1865 3240 aequi·

134 3246 211 3301 dicio
227 3247 384 3300 amentiam
395 3245 528 3300 incurrit.
543 3245 626 3298 Unde
637 3245 782 3299 accersito
800 3245 865 3300 viro
880 3245 967 3301 Chri-

133 3336 317 3391 stianissimo
333 3336 460 3404 lustina,
474 3335 673 3404 curopalatem
689 3349 756 3388 eam
769 3336 930 3406 constituit,
941 3340 969 3391 at

132 3426 261 3480 citatius
273 3440 374 3480 curam
382 3424 499 3494 imperii
507 3422 823 3494 delegavitQuodcum
835 3423 968 3496 fecisset,

132 3515 264 3570 decessit
277 3513 389 3584 imperii
403 3513 448 3567 sui
458 3513 696 3584 sanatrigesimo
705 3517 820 3583 octavo,
833 3518 970 3570 etmanse

131 3605 268 3675 septimo.
286 3603 398 3658 Floruit
414 3603 461 3657 his
478 3602 660 3672 temporibus
675 3603 705 3656 in
720 3603 793 3656 urbe
808 3605 891 3674 regia
903 3603 968 3658 Pri-

130 3693 516 3765 scianusg1·ammaticuS,et
528 3691 964 3762 llamaequidainsubdiacanas

129 3781 964 3853 Aratornarniae,quiapostoloramhctaversibushexa-

129 3872 232 3927 metris
247 3872 413 3926 decantavit
428 3869 607 3943 {peroravitl

307 3978 376 4033 Car.
395 3978 430 4032 V.
446 3977 490 4032 Da
505 3977 621 4032 «lustina
638 3977 771 4033 laniare.

163 4085 301 4141 lustinus
318 4086 415 4157 itaque
430 4084 535 4140 iunior
544 4100 654 4156 genere
665 4085 775 4156 Thrax,
787 4101 825 4140 ex
836 4100 962 4157 curapa-

126 4176 185 4231 late
200 4175 296 4229 iectus
313 4176 480 4245 imperator,
493 4190 569 4229 anno
578 4175 790 4228 incarnationis
802 4175 963 4232 Dominicoe

127 4265 367 4338 quingentesima
393 4263 614 4336 septuagesimo
637 4263 783 4333 secundo,
807 4265 963 4335 imperavit

1029 3268 1117 3317 tatem
1129 3268 1157 3316 et
1162 3261 1313 3334 justitiam
1321 3260 1472 3333 praecipua
1483 3259 1585 3332 optimi
1593 3257 1786 3330 imperatoris
1797 3272 1864 3311 csse

1027 3351 1169 3423 insignia.
1187 3350 1270 3416 Quod
1285 3354 1442 3421 postquam
1458 3348 1541 3419 dixit,
1557 3347 1694 3419 spiritum
1704 3344 1863 3402 exhalavit.

1028 3440 1146 3495 Tiberio
1160 3456 1232 3494 vero
1248 3439 1397 3505 defuncto,
1414 3437 1569 3493 Mauritius
1592 3451 1721 3508 purpura
1743 3434 1863 3490 indutus

1028 3534 1057 3585 et
1071 3530 1233 3584 diademate
1250 3530 1409 3583 coronatus
1424 3526 1460 3580 ad
1474 3527 1586 3580 circum
1601 3524 1759 3595 processit,
1771 3526 1800 3579 et
1814 3538 1863 3577 ac·

1027 3619 1160 3674 clamatis
1175 3618 1234 3672 sibi
1245 3617 1392 3687 laudibus,
1410 3618 1438 3670 et
1448 3615 1563 3687 largitis
1574 3614 1739 3669 secandum
1750 3628 1863 3667 morem

1025 3707 1211 3778 muneribus,
1234 3708 1349 3778 primus
1371 3721 1409 3761 ex
1430 3705 1602 3760 Graecorum
1617 3706 1705 3775 gente
1727 3703 1860 3758 Romana

1024 3797 1134 3868 potitus
1149 3799 1195 3851 est
1210 3795 1344 3866 imperia.

1023 3904 1093 3959 Car.
1111 3902 1174 3958 Vll.
1190 3903 1234 3958 De
1245 3901 1389 3958 elamitis
1399 3900 1581 3972 imperatore
1590 3914 1629 3955 er
1640 3897 1858 3971 Graeciaprima

1315 3973 1392 4047 apud
1405 3971 1560 4027 Romanas.

1058 4082 1212 4138 Mauritius
1222 4081 1313 4153 igitur
1325 4078 1615 4152 generomppaaox,
1629 4076 1794 4133 Romanum
1805 4092 1856 4130 as-

1023 4177 1145 4228 secutas
1159 4171 1325 4242 imperium,
1343 4169 1469 4224 Hunnos
1483 4183 1591 4241 magna
1606 4167 1757 4238 saporavit
1772 4165 1856 4220 indu·

1022 4263 1104 4318 stria.
1121 4262 1184 4316 Hac
1199 4264 1343 4332 preterea
1359 4260 1531 4329 tempestate
1553 4259 1675 4311 sanctus
1691 4255 1855 4328 Gregorius

110 4356 212 4412 'annis
224 4355 389 4424 duodecim,
401 4352 557 4408 mansibus
568 4352 680 4423 decem,
693 4352 835 4407 etdiebus
846 4354 961 4426 viginti.
979 4370 1007 4433 1)
1022 4351 1225 4423 septilormem
1248 4348 1377 4403 litaniam
1397 4350 1518 4419 propter
1535 4344 1748 4417 pestilentiam,
1768 4360 1856 4416 quam

126 4445 221 4518 Graius
237 4443 420 4515 temporibus
427 4442 540 4496 Narses
550 4442 749 4496 Romanorum
757 4442 903 4514 patritius,
913 4460 963 4500 cu·

122 4535 176 4608 jus
188 4550 279 4604 supra
294 4533 493 4601 meminimuS,
511 4547 577 4585 cum
591 4530 628 4584 ab
640 4531 762 4585 incursu
777 4532 962 4588 diversorum

124 4624 255 4679 hostium
272 4626 361 4676 totam
377 4621 506 4692 quietam
521 4620 700 4674 reddidisset
713 4621 889 4692 ltaliam,pr0
901 4639 964 4677 ma-

123 4714 193 4785 gnis
211 4712 349 4767 henlioiis
372 4709 963 4782 magnampertalitinvidiamaliomaais,

124 4801 163 4856 ¹ta
179 4807 209 4855 at
223 4800 253 4854 ia
269 4800 374 4854 arbem
385 4800 497 4870 regiam
512 4799 629 4853 lustina
644 4799 816 4854 manderent
832 4800 964 4855 dicentes

112 4891 203 4962 'quod
213 4890 319 4945 melius
329 4891 391 4943 crat
403 4888 654 4943 Mamaaistlothis
663 4889 778 4944 servire
788 4905 876 4960 qaam
884 4890 965 4944 Grae·

124 4981 179 5049 cie,
197 4979 248 5033 ubi
263 4979 377 5032 Marsas
389 4978 544 5032 eunuchus
560 4979 684 5049 imperat
699 4985 727 5036 et
738 4981 964 5050 dominaturpro

122 5085 178 5125 sua
189 5068 320 5122 libidine.
331 5067 444 5132 Quibus
456 5069 646 5123 sermonibus
656 5075 821 5125 commotus
833 5069 962 5138 impera-

121 5163 177 5230 tor,
196 5159 364 5230 Longinum
375 5157 549 5227 praetectum
560 5174 647 5212 suum
658 5159 795 5214 Narsetis
810 5159 876 5214 loco
893 5156 964 5211 sub·

123 5249 227 5304 stituit.
240 5250 299 5303 Sed
312 5252 341 5302 et
351 5251 486 5320 Augusta
502 5247 612 5317 Sophia
627 5247 703 5302 hanc
715 5248 834 5303 Narseti
845 5246 964 5302 manda·

122 5339 164 5394 vit
195 5339 421 5408 contumeliam,
448 5341 478 5391 at
501 5336 783 5407 Constantinopolim
808 5339 962 5404 remearet,

121 5445 189 5486 cum
210 5428 318 5500 puellis
340 5427 405 5481 suis
431 5427 462 5480 ia
480 5440 623 5498 gpaaeceo
639 5425 816 5482 feminarum
830 5427 964 5481 lanarum

119 5534 215 5594 pensa
230 5518 385 5574 divideret.
406 5516 451 5571 hd
467 5532 534 5588 quae
548 5515 641 5572 verba
661 5515 775 5573 Narses
791 5517 900 5573 dicitur
913 5530 964 5572 re·

120 5610 282 5687 spaadisse
303 5623 368 5666 eam
385 5621 419 5666 se
439 5606 467 5664 ei
487 5605 575 5663 telam
589 5605 762 5682 arditarum,
778 5622 877 5684 quam,
893 5605 964 5664 dam

1022 4441 1220 4515 inguinariam
1234 4439 1388 4508 vacabant,
1406 4437 1542 4508 instituit,
1560 4439 1588 4490 et
1600 4436 1736 4490 celeriter
1746 4437 1856 4504 estpo-

1022 4532 1110 4603 pulus
1125 4530 1279 4585 liberatas.
1296 4526 1484 4598 Septiiarmis
1502 4525 1601 4579 litania
1617 4525 1684 4579 idea
1706 4522 1783 4578 dicta
1799 4523 1856 4593 est,

1022 4621 1102 4693 quod
1118 4620 1214 4676 omnis
1229 4617 1357 4689 populas
1374 4615 1584 4687 septiformiter
1604 4613 1658 4668 raa
1680 4613 1807 4667 divisas.
1824 4610 1857 4666 ln

1022 4711 1116 4781 primo
1133 4710 1224 4764 choro
1240 4706 1295 4761 t'uit
1305 4706 1403 4761 amnis
1418 4705 1532 4774 clerae,
1548 4703 1578 4758 ia
1593 4701 1736 4772 secunda,
1752 4715 1856 4755 amnes

1022 4800 1145 4854 abbates
1157 4814 1224 4854 cum
1235 4795 1389 4852 monachis
1398 4793 1479 4863 suis,
1495 4793 1525 4847 in
1536 4792 1631 4862 tertio,
1649 4806 1752 4846 amnes
1764 4789 1857 4844 abba-

1022 4889 1106 4944 tissae
1117 4904 1185 4942 cam
1195 4883 1479 4959 congregationibus
1491 4881 1570 4952 suis,
1587 4881 1617 4936 ia
1628 4882 1742 4952 quarto,
1753 4894 1857 4934 omnes

1022 4977 1167 5048 iniantes;
1184 4976 1214 5029 in
1233 4975 1348 5047 quinto,
1363 4989 1466 5028 omncs
1481 4971 1564 5041 laici,
1580 4971 1610 5025 in
1626 4974 1729 5040 sexto,
1753 4983 1857 5023 omnes

1022 5067 1135 5136 viduee3
1151 5065 1182 5120 in
1194 5064 1329 5134 septimo,
1342 5078 1445 5118 amnes
1458 5060 1636 5134 conjugata.
1647 5059 1675 5114 ls
1687 5057 1776 5114 etiam
1786 5072 1857 5112 san-

1022 5159 1088 5211 etus
1103 5154 1267 5227 Gregorius
1287 5152 1503 5224 augustinum,
1520 5148 1650 5203 Melitam
1670 5150 1700 5202 ct
1713 5147 1858 5202 loannem

1022 5261 1090 5301 cum
1101 5243 1167 5298 aliis
1173 5241 1310 5315 pluribus
1320 5241 1400 5295 misit
1410 5242 1440 5295 in
1450 5239 1642 5308 Britanniam,
1652 5240 1683 5292 ut
1694 5236 1858 5308 Anglarum

1021 5338 1141 5410 gentem
1151 5333 1188 5391 ad
1199 5332 1287 5388 fldem
1296 5331 1503 5386 converterent
1513 5326 1633 5382 Christi.
1641 5325 1734 5392 Quam
1740 5327 1858 5398 gentem

1020 5423 1212 5498 praelatorum
1230 5420 1332 5477 labare
1356 5418 1489 5475 virorum
1511 5417 1572 5472 Dea
1592 5414 1748 5472 lucrifecit.
1767 5413 1858 5471 Porro

1022 5513 1177 5572 Mauritius
1199 5511 1356 5586 Augustus
1373 5508 1442 5565 dum
1458 5509 1541 5565 esset
1558 5505 1606 5563 vir
1625 5505 1720 5562 Deam
1739 5503 1858 5574 umam,

1024 5602 1152 5667 malebat
1160 5600 1192 5661 ia
1200 5599 1258 5659 baa
1271 5590 1384 5659 secula
1398 5595 1565 5657 taurorum
1577 5609 1703 5656 suorum
1712 5589 1860 5672 corporali
