3796 6022
73 269 134 334 373
709 269 937 340 saeculnm
953 272 1181 345 ECLLESIAE.

1749 276 1810 356 ,374

73 473 113 537 vj).
131 467 261 540 Septima
276 470 377 541 petitio
393 475 439 527 est
453 475 555 529 contra
578 473 734 544 luxuriam,
752 492 819 531 cum
834 475 910 530 dici·
924 457 953 521 Α
968 475 1038 532 Car.
1056 476 1302 535 Vlll.Deeecntis
1315 479 1533 552 seripturarum
1549 478 1668 538 Veteris
1683 487 1713 539 et
1727 481 1810 543 Navi

74 575 141 613 mus
155 574 161 613 :
180 559 289 614 Libera
301 578 355 616 nes
366 561 471 618 amalo.
485 563 702 619 Convenienter
710 580 818 620 servus
824 581 911 620 sane·
1292 567 1482 624 Testamenti.

72 652 121 702 tus
136 648 302 704 libertatem
317 651 388 721 petit
403 653 450 706 cui
466 653 843 724 daturspiritussepientee,
860 655 910 726 qui
1004 656 1090 711 Nunc
1106 658 1226 728 ergoad
1255 657 1370 712 occulte
1394 658 1549 714 veniamus
1574 658 1804 736 Scripturarum,

72 737 338 806 captiroamissam
349 741 906 814 restituetlibertatern.Sapientianem·
968 744 1056 799 etiam
1072 745 1140 815 quie
1155 747 1280 816 mystico
1290 763 1382 801 sensu
1392 747 1571 819 sigillantur.
1584 747 1800 824 Occultaesunt,

72 841 129 895 que
145 841 162 880 a
178 842 284 896 sapore
300 828 416 884 dicitur.
436 830 506 885 llere
521 831 607 886 detur
620 848 689 887 cum
704 849 799 902 mens,
817 836 910 904 gustu
968 837 996 888 et
1012 833 1081 888 iens
1096 838 1166 890 sunt
1181 835 1318 907 signatus
1329 836 1406 906 aliea,
1418 837 1468 907 qui
1479 836 1515 891 de
1527 838 1652 893 occultis
1667 840 1802 912 tractant,

73 912 199 970 internae
214 916 381 972 dulcedinis
396 923 481 989 tacta,
499 924 588 975 totam
613 937 647 976 se
663 938 715 992 per
730 922 911 977 desiderium
969 923 1048 977 etde
1064 923 1102 977 iis
1113 940 1180 993 quea
1192 924 1703 998 humanumexceduntintellectum,
1719 930 1807 986 otest

75 1004 192 1075 colligit
207 1005 297 1075 intus,
314 1022 369 1061 nec
381 1008 443 1077 jain
460 1009 534 1064 toris
550 1026 603 1080 per
619 1012 718 1066 carnis
734 1012 912 1082 voluptatem
970 1011 1146 1084 mysterium
1163 1028 1287 1067 summae
1316 1012 1467 1068 Trinitatis
1489 1018 1516 1069 et
1545 1015 1634 1070 Verbi
1650 1016 1805 1090 incarnati,

72 1093 260 1163 dissolvitur,
278 1097 347 1166 quie
361 1100 455 1152 totum
467 1099 545 1154 intus
557 1099 730 1170 possidetin
740 1116 799 1171 quo
815 1101 911 1155 delec-
968 1103 1017 1156 aut
1028 1100 1163 1172 corporis
1172 1105 1201 1155 et
1211 1101 1500 1172 sanguinisDomini.
1514 1104 1588 1159 Aliae
1599 1105 1800 1164 verooccultae

71 1183 378 1255 tatur.lgiturcontia
394 1188 572 1242 exteriorem
595 1189 774 1259 voluptutem
789 1189 912 1244 interior
970 1195 1048 1259 sunt,
1065 1190 1133 1260 quia
1149 1189 1185 1244 de
1201 1189 1379 1260 quibusdam
1407 1193 1541 1260 tractent,
1558 1208 1625 1263 quae
1640 1192 1709 1249 licet
1723 1209 1806 1253 exse

72 1272 199 1326 dulcedo
211 1275 379 1344 opponitur,
396 1280 425 1329 nt
442 1281 550 1347 quanto
562 1277 630 1346 plus
641 1278 804 1348 illasepere
816 1282 844 1333 et
854 1277 913 1348 pla·
969 1278 1065 1332 lecilie
1081 1279 1151 1347 sint,
1166 1282 1263 1332 temam
1279 1294 1331 1348 pro
1347 1278 1490 1334 brevitate
1514 1281 1560 1334 vel
1577 1281 1748 1339 difficultate
1759 1283 1801 1341 di·

74 1378 142 1415 cere
160 1363 293 1434 caeperit,
310 1368 389 1419 tento
419 1365 542 1420 liberius
559 1367 741 1422 etlibentius
767 1367 911 1422 istecon·
968 1367 1728 1443 cendi,minuspetentintelleetui.Undehomoqui
1740 1372 1806 1430 veri

70 1453 218 1507 temnetur
226 1457 255 1507 et
263 1454 379 1509 tandem
389 1456 418 1509 in
428 1456 588 1525 semetipse
598 1456 721 1527 panitiae
733 1472 828 1524 mens,
841 1456 912 1511 dum
968 1456 1170 1527 cognoscendi
1185 1456 1334 1512 desiderio
1350 1472 1467 1512 carrera
1484 1474 1543 1513 non
1559 1461 1667 1530 petest,
1685 1459 1801 1519 crebris

69 1538 142 1596 nihil
152 1540 353 1612 torisappetit,
363 1546 421 1599 tote
433 1560 621 1615 pemmonem
633 1545 713 1600 intus
728 1546 907 1617 requiescat.
967 1549 1102 1600 movetur
1116 1545 1343 1617 quaestionibus.
1370 1545 1454 1600 Sicut
1479 1547 1558 1601 enim
1583 1547 1690 1616 oculus
1705 1547 1805 1608 lumen

74 1628 123 1681 Sic
139 1630 263 1698 spiritus
284 1633 437 1703 sapientae,
454 1650 506 1688 cor
521 1639 648 1707 tangens
663 1634 820 1690 dulcedine
844 1650 909 1705 sue,
967 1635 1085 1705 appetit,
1098 1635 1137 1689 ite
1147 1634 1244 1689 anima
1258 1635 1470 1691 verumvidere
1480 1638 1512 1689 ut
1525 1636 1637 1691 benum
1651 1637 1806 1710 proprium

71 1716 146 1771 ioris
162 1721 413 1791 concupiscentiae
424 1723 721 1794 arderemtemperet,
732 1724 845 1779 elintus
860 1740 910 1794 pe·
925 1749 952 1810 Β
968 1723 1117 1779 desideret
1133 1724 1211 1794 quod
1226 1739 1412 1797 cognoscere
1425 1728 1453 1778 et
1463 1740 1561 1779 emere
1572 1741 1637 1780 eam
1652 1724 1723 1781 lacit
1738 1725 1805 1783 teli·

70 1822 133 1860 cem
151 1809 314 1879 constituit,
331 1814 362 1866 ut
375 1811 444 1866 dum
461 1813 657 1867 menstoteed
672 1812 820 1868 internum
834 1828 907 1885 gau·
968 1829 1043 1868 cem.
1059 1813 1118 1868 Sed
1131 1812 1317 1868 telliturdum
1327 1814 1433 1886 quaerit
1444 1830 1628 1886 cognoscere
1635 1829 1739 1872 verum
1752 1815 1806 1873 eli·

67 1895 314 1972 diumcolligitur,
327 1900 412 1970 plene
424 1901 689 1970 acperiectehome
699 1902 902 1973 adimaginem
964 1902 1043 1973 quod
1058 1902 1146 1974 cirjus
1164 1903 1294 1975 cognitio
1309 1919 1368 1958 non
1383 1902 1452 1957 iacit
1465 1903 1593 1972 beatum,
1620 1918 1676 1961 nee
1690 1903 1801 1962 edesse

68 1984 119 2039 llei
136 1985 446 2060 retoi·meretur,juxta
455 1990 536 2044 illud:
546 1990 634 2045 Beati
636 1990 903 2062 pacificiquaniem
963 1992 1082 2047 beatum
1097 1992 1245 2046 conducit.
1261 1991 1334 2046 Sunt
1343 1992 1421 2047 enim
1431 1992 1550 2048 diversa
1561 2008 1672 2065 genera
1686 1993 1760 2064 veri,
1771 1995 1804 2050 ut

67 2073 122 2127 tilii
131 2075 190 2130 Dei
208 2077 390 2133 recedenter
404 2078 505 2149 (ibid.)
521 2080 562 2134 lle
573 2080 642 2134 hinc
652 2083 738 2153 rogat
749 2080 907 2138 ministare
963 2084 1010 2136 est
1025 2097 1129 2135 verum
1145 2080 1337 2148 curiositatis,
1367 2081 1546 2151 cupiditatis,
1572 2084 1600 2134 ot
1623 2080 1798 2152 iniquitatis3

67 2163 143 2218 melo
159 2164 280 2221 liberari
297 2166 464 2223 interventu
484 2172 665 2236 sanctorum,
696 2174 725 2224 et
751 2186 854 2240 parem
876 2171 907 2226 in
962 2185 1088 2240 quorum
1104 2169 1216 2224 nullum
1238 2169 1350 2224 bonum
1376 2172 1432 2224 est.
1464 2168 1500 2223 Et
1528 2171 1625 2224 eutem
1653 2169 1802 2240 quoddam

66 2251 174 2307 diebus
191 2255 313 2310 nostris.
327 2257 422 2312 Nocet
432 2258 510 2311 enim
525 2258 651 2312 infirmis
667 2259 858 2329 perturbatio.
962 2275 1059 2331 genus
1071 2259 1144 2327 veri,
1162 2261 1193 2313 ut
1207 2259 1237 2313 in
1246 2258 1415 2330 cognitione
1423 2258 1554 2313 omnium
1568 2258 1675 2313 artium
1688 2257 1801 2315 libere·

100 2342 244 2412 Sequitur
258 2345 381 2414 mystice
393 2346 497 2401 tractio
512 2347 607 2417 panis.
626 2348 657 2402 ln
668 2349 735 2420 lege
760 2348 839 2403 enim
850 2347 902 2420 ju-

64 2431 191 2486 bebatur
206 2431 343 2507 similago
358 2435 505 2490 frustatim
517 2435 649 2506 otle1·i,et
663 2437 902 2507 liedemptorbe-

64 2520 178 2575 nedixit
187 2538 293 2592 panem
302 2526 329 2577 et
338 2522 436 2596 fregit,
446 2525 796 2597 tractumquediscipulis
806 2527 903 2582 distri·

64 2609 138 2664 buit.
156 2610 303 2666 Sacerdos
314 2628 431 2684 quoque
441 2629 573 2684 sequens
588 2614 687 2687 legem
702 2618 730 2670 et
740 2615 900 2685 Christum,

63 2714 170 2768 panem
187 2705 411 2755 sacrosanctum
425 2703 550 2772 partitur
574 2703 603 2757 in
628 2707 689 2759 tres
704 2708 815 2774 perles,
832 2721 903 2776 qua·

63 2803 129 2841 rum
145 2789 241 2843 unain
249 2791 520 2862 sanguineponitur
527 2808 581 2862 pro
593 2792 642 2846 ille
651 2797 732 2863 parte
744 2792 900 2865 Ecclesiae,

63 2876 901 2952 quinedhueperegrinatur,passionibusexposita.Aliae

63 2965 128 3020 duae
145 2966 207 3021 illis
223 2967 535 3038 adaptenturpartibus
548 2970 703 3041 Ecclesiae,
713 2986 901 3043 querumuna

962 2348 1044 2417 lium,
1053 2348 1136 2419 -quod
1147 2347 1267 2419 quidem
1280 2347 1392 2402 honum
1401 2350 1455 2417 est,
1473 2362 1528 2402 nec
1541 2340 1637 2402 tamen
1651 2363 1800 2404 summum

961 2434 1798 2508 benumest,quiaejusnotitienequaquamt'acitbeatum.

962 2526 1060 2597 Hujus
1071 2529 1169 2582 eutem
1180 2526 1242 2580 veri
1252 2541 1321 2581 vere
1333 2525 1403 2580 boni
1415 2525 1616 2597 cognitionem
1630 2523 1798 2583 habendam

960 2631 1046 2671 sacra
1062 2615 1209 2671 ministret
1237 2614 1406 2685 Scriptura3
1437 2630 1505 2685 quaa
1534 2614 1621 2669 docet
1650 2612 1800 2670 hominem

960 2704 1096 2775 seipsum
1111 2708 1333 2777 cognoscereet
1343 2701 1667 2760 Cr·eatoremsuum.Se
1682 2717 1797 2776 cogne-

960 2809 1045 2849 scere
1057 2794 1199 2864 precedit
1207 2797 1237 2849 et
1247 2795 1345 2848 viaest
1356 2809 1363 2862 3
1375 2795 1545 2848 Creatorem
1553 2794 1650 2848 autem
1665 2790 1798 2864 perfecte

960 2898 1137 2955 cognocere,
1146 2883 1238 2953 patria
1248 2884 1294 2937 est
1304 2897 1311 2952 3
1322 2898 1414 2937 unum
1426 2882 1572 2950 meritum,
1583 2881 1708 2937 alterum
1722 2897 1798 2952 prae·

960 2972 1060 3026 mium.
1073 2971 1176 3027 Omnis
1186 2971 1277 3044 igitur
1293 2986 1379 3025 secra
1388 2969 1539 3042 Scriptura
1554 2970 1584 3024 in
1593 2969 1709 3025 duobus
1720 2985 1794 3026 con-

62 3057 147 3108 extra
161 3055 287 3110 ritamin
296 3057 556 3128 igneemundetur,
568 3060 692 3114 etaltera
708 3076 774 3115 cum
783 3059 901 3116 Christo
921 3078 946 3141 Ο
959 3064 1017 3117 stet
1025 3060 1233 3116 Testamentis.
1245 3058 1407 3130 Utrumque
1419 3058 1513 3113 tribus
1523 3057 1677 3113 ordinibus
1688 3057 1794 3114 distin·

58 3143 120 3214 jem
137 3145 292 3216 gloriatur,
309 3150 341 3200 ut
355 3163 412 3201 una
429 3164 498 3218 pers
506 3148 651 3203 Ecclesiae
666 3147 857 3220 justificetur,
874 3154 903 3205 et

61 3233 154 3288 altere
170 3233 260 3289 citius
274 3234 427 3307 liberetur,
440 3241 469 3292 et
482 3254 536 3307 pro
559 3240 644 3292 tertie
661 3237 765 3309 gretie>
780 3239 901 3294 solvan-

61 3327 118 3377 tur.
134 3323 316 3394 Sumpturus
331 3330 428 3381 autem
444 3327 579 3381 minister
602 3328 720 3398 lignum
747 3343 836 3398 quem
850 3328 900 3384 lex

59 3412 280 3483 praenuntiavit,
299 3415 370 3484 petit
383 3414 441 3469 sibi
458 3417 486 3470 et
500 3415 610 3485 popule
626 3416 692 3469 trie.
712 3416 841 3470 Primum
858 3417 901 3472 in·

60 3503 407 3575 tereesnumerariquos
418 3506 508 3575 pudet
516 3505 681 3559 secundum
690 3520 810 3560 carnem
819 3506 902 3561 vive-

60 3590 215 3655 rc‚deinde
223 3591 354 3665 inregne
366 3593 749 3666 Deiglorilleari,postremo
758 3594 902 3666 quiscere

60 3679 310 3751 resistitspiritui,
320 3683 558 3754 postuletpecem
569 3684 699 3754 sineque
706 3683 805 3738 nullus
813 3682 902 3756 justi·

60 3768 369 3826 hceturhomo.Unde
384 3771 460 3826 benc
486 3773 596 3826 chorus
612 3776 830 3844 consequenter
844 3774 901 3828 alte

62 3872 139 3911 rece
153 3858 260 3930 Agnes
273 3858 333 3914 Dei
343 3860 471 3917 concinit
481 3861 578 3931 tertio,
604 3862 640 3915 ad
655 3861 773 3918 laudem
787 3867 899 3919 sancte

64 3944 230 4017 Trinitatis,
246 3964 314 4018 qum
330 3950 449 4020 Agnum
470 3950 692 4005 Domineternm
706 3954 793 4006 terrie
808 3952 897 4010 misit.

60 4033 237 4090 Communia
252 4053 319 4107 quae
330 4041 398 4108 poet
408 4041 551 4108 cantatur,
569 4039 665 4094 innuit
679 4055 783 4095 omncs
794 4040 898 4096 tideles

61 4125 182 4193 corpori
188 4123 298 4179 Christi
306 4126 534 4198 communicare,
545 4128 623 4199 quod
633 4144 686 4198 pro
701 4129 840 4184 omnibus
848 4131 899 4185 mi-

60 4210 156 4266 nister
170 4213 296 4270 assumit
312 4217 575 4287 sacramentaliter,
588 4219 619 4271 nt
647 4216 706 4272 sibi
720 4220 749 4272 et
759 4218 897 4274 omnibus

959 3149 1068 3222 guitur.
1088 3149 1181 3205 Vetus
1197 3148 1328 3204 continet
1341 3147 1439 3220 legem
1453 3150 1481 3202 et
1495 3145 1654 3218 prophetas
1669 3147 1699 3201 et
1708 3146 1795 3218 agio-

959 3239 1101 3310 graphos
1118 3239 1148 3293 ln
1162 3238 1257 3308 primo
1273 3236 1376 3291 ordIne
1391 3235 1521 3307 quinque
1537 3237 1607 3290 sunt
1621 3233 1771 3290 volumina
1787 3248 1794 3292 ε

959 3327 1159 3393 pentateuchi,
1172 3326 1309 3382 Genesis.
1325 3325 1457 3394 Exodus,
1481 3323 1641 3394 beriticus,
1657 3322 1791 3394 Numeri,

960 3415 1231 3471 Deuteronomium.
1245 3415 1277 3469 ln
1288 3415 1391 3469 ordine
1413 3414 1623 3484 prophetarum
1638 3414 1705 3470 ecto
1725 3414 1796 3468 sunt

959 3504 1124 3561 volumina:
1140 3505 1216 3560 liber
1231 3504 1334 3572 lasea,
1344 3501 1661 3571 liberludicum,liber
1675 3499 1796 3557 &mue-

958 3594 1006 3663 lis,
1015 3594 1118 3665 quiest
1128 3594 1241 3664 primus
1250 3596 1279 3648 ct
1289 3593 1441 3648 secundus
1454 3592 1569 3664 Regum
1583 3592 1719 3662 3quartos
1731 3589 1794 3645 hle·

958 3682 1075 3753 lachim,
1092 3683 1143 3754 qui
1159 3682 1367 3753 interpretetur
1377 3680 1558 3753 Regumqui
1569 3680 1677 3734 dicitur
1687 3679 1793 3737 tertius

958 3774 986 3827 et
1001 3774 1124 3844 quartus
1144 3771 1309 3826 secundum
1335 3769 1583 3840 computationem
1598 3768 1791 3839 Latinorum

957 3860 1077 3931 quintus
1090 3860 1192 3930 lsaias,
1203 3862 1307 3915 sextus
1317 3858 1472 3927 ieremias,
1484 3857 1628 3928 septimus
1642 3855 1791 3927 Ezechiel,

956 3952 1081 4004 octovas
1096 3949 1172 4004 liber
1200 3947 1355 4004 duedecim
1370 3946 1589 4019 prophetarum,
1620 3944 1671 4018 qui
1685 3944 1794 4001 dicitur

956 4038 1131 4093 Thereasra.
1149 4037 1185 4092 Hi
1200 4036 1365 4108 prophetici
1381 4035 1518 4089 dicuntur
1533 4050 1569 4090 eo
1593 4035 1673 4106 quod
1687 4049 1791 4090 earum

956 4127 1015 4182 sint
1030 4127 1079 4199 qui
1095 4142 1133 4182 ex
1147 4126 1246 4182 cilicio
1261 4127 1413 4197 prophetae
1435 4125 1618 4196 dicebantur,
1648 4124 1717 4181 licet
1730 4139 1792 4180 nen

956 4232 1059 4272 omnes
1074 4216 1307 4288 propbetaesint.
1334 4215 1367 4269 ln
1391 4214 1494 4271 ordine
1518 4212 1790 4288 hagiographorum

59 4304 197 4357 sumatur
211 4303 414 4373 spiritualiter.
432 4305 487 4360 His
500 4305 654 4377 completis
665 4307 808 4363 sacerdos
824 4307 898 4363 redit
955 4322 1062 4361 norem
1077 4308 1147 4360 sunt
1157 4305 1316 4373 volumine,
1333 4304 1412 4360 liber
1423 4304 1489 4374 lob,
1500 4303 1576 4358 liber
1591 4302 1788 4374 Psalmorum‚

58 4389 96 4444 ad
106 4390 260 4447 dexteram
269 4396 382 4462 partem
392 4395 504 4460 alteris,
518 4395 692 4467 significans
701 4397 779 4467 quod
794 4396 824 4450 id
839 4397 896 4453 fine
912 4398 939 4459 D
955 4395 1116 4451 Proverbia
1146 4393 1325 4463 SolomoniS,
1343 4393 1543 4449 Ecclesiastas
1559 4391 1678 4447 Cantica
1693 4390 1788 4446 canti·

58 4479 163 4534 mundi
178 4479 316 4537 Christus
327 4483 477 4538 rediturus
492 4486 538 4539 est
553 4484 589 4538 ed
600 4484 733 4554 ludaeos,
750 4484 897 4555 qnosjem
954 4499 1066 4552 cerum,
1084 4483 1196 4551 Daniel,
1235 4482 1489 4553 Paralipomenon,
1521 4479 1643 4549 Esdras,
1665 4478 1785 4535 Esther.

58 4569 241 4639 reprobau't,
252 4571 347 4627 donec
362 4572 514 4643 plenitude
525 4573 657 4645 gentium
668 4573 798 4629 intraret.
814 4573 896 4629 Tunc
953 4572 1175 4644 Suntpraeteree
1185 4572 1215 4626 in
1230 4571 1330 4627 Veteri
1340 4569 1583 4626 Testamentselii
1598 4567 1665 4623 libri
1679 4567 1730 4640 qui
1743 4566 1786 4623 le·

57 4656 139 4710 enim
154 4657 289 4729 reliquie
305 4660 397 4715 lsrael
421 4660 596 4716 secumdum
619 4661 788 4733 Scripturas
804 4663 896 4719 salve
952 4665 1072 4735 guntur,
1089 4661 1181 4718 sedin
1196 4676 1308 4717 oenone
1324 4658 1487 4715 autoritatis
1501 4672 1561 4712 nen
1575 4656 1786 4713 scribunturut

57 4743 140 4800 fient.
157 4745 297 4818 Sequitur
319 4748 438 4805 tandem
462 4750 555 4806 oratio
572 4749 602 4804 in
613 4750 671 4805 tine
685 4750 776 4806 totius
804 4749 896 4807 officii
950 4749 1150 4822 liber'lobiae,
1167 4748 1317 4818 etludith,
1330 4746 1615 4817 etldaehabaaerum,
1627 4745 1712 4818 etqui
1723 4746 1785 4803 ius·

57 4836 89 4888 ut
102 4835 200 4907 gratie
210 4852 277 4909 quoe
291 4839 436 4908 prevenit
446 4838 649 4912 subsequetur
662 4854 716 4910 per
731 4838 892 4911 Christum,
950 4840 1105 4895 cribuutur
1119 4837 1268 4910 Sapientia
1283 4836 1460 4906 Salomonis,
1478 4840 1506 4891 et
1520 4835 1764 4893 Ecclesiasticus.

55 4937 112 4993 per
125 4939 215 4995 quem
225 4926 324 4981 omnia
339 4927 416 4982 tacta
434 4930 513 4997 sunt,
530 4928 591 5002 qui,
605 4928 748 4985 Dominus
764 4928 896 4985 omnium
985 4928 1102 4986 Novum
1116 4930 1212 4983 autem
1226 4926 1356 4982 centinet
1383 4924 1596 4997 evangelistae,
1616 4924 1780 4998 apostolos,

54 5027 110 5082 per
125 5013 317 5086 creationem,
333 5016 429 5072 tactus
445 5020 491 5072 eet
511 5017 703 5088 spiritualiter
716 5021 819 5074 nester
834 5017 894 5074 llo·
950 5018 1064 5072 Patres.
1091 5015 1286 5089 Evangelium
1314 5016 1420 5087 quator
1454 5014 1583 5071 eontinet
1607 5012 1780 5089 volumina3

54 5101 329 5175 minus,assumpta
337 5104 763 5162 humanitatisnostroenatura.
771 5106 893 5177 Deinde,
949 5106 1100 5178 Scriptura
1115 5103 1317 5177 apostolerum
1346 5106 1482 5176 quatuor,
1513 5104 1543 5160 id
1569 5106 1616 5160 est
1631 5103 1782 5176 Epistolas

54 5191 185 5247 salutate
198 5193 319 5264 popule,
330 5194 469 5250 admonet
482 5194 536 5250 ire.
553 5195 620 5250 Non
630 5198 677 5251 est
690 5197 769 5251 enim
784 5196 893 5252 seden-
949 5195 1041 5265 Pauli,
1050 5193 1782 5273 Epistolascenenices,Apocalypsim,hctusapo·

53 5281 124 5337 dum
136 5281 185 5337 vel
198 5280 359 5354 iacendum
375 5282 406 5339 in
420 5284 477 5340 boc
492 5284 611 5354 exsilio,
624 5285 678 5341 sed
694 5284 763 5340 binc
778 5287 894 5341 transe·
948 5284 1102 5340 stolorum.
1118 5283 1270 5357 Scriptura
1283 5298 1355 5368 vero
1370 5282 1489 5338 Petrum
1503 5299 1563 5340 nen
1578 5281 1781 5340 babetnume-

51 5371 167 5426 undum
183 5374 230 5427 est
244 5371 280 5426 ad
294 5373 434 5444 petriam:
451 5373 502 5445 qui
517 5373 611 5429 missa
621 5374 711 5446 digne
723 5379 768 5430 est
781 5374 890 5445 hestia,
945 5389 1012 5430 rum
1027 5372 1188 5429 delinitum.

48 5476 107 5532 per
119 5476 205 5534 qnam
221 5460 318 5518 traete
333 5467 403 5518 nent
419 5467 545 5520 tartare.
982 5462 1036 5518 Est
1050 5465 1147 5518 autem
1162 5462 1410 5520 considerandum
1432 5462 1511 5534 quod
1525 5461 1678 5534 Scriptura
1694 5475 1781 5517 secra

456 5583 491 5594 ·-
945 5549 1780 5626 ceterisprofundiortriplicembabetsensum,historie·
1847 5579 1850 5586 ·

943 5642 1013 5720 lem,
1028 5641 1231 5723 allegoricum,
1246 5643 1387 5707 moralem
1398 5659 1405 5718 3
1416 5657 1477 5703 non
1486 5638 1565 5704 enim
1579 5642 1691 5703 metum
1705 5638 1783 5715 inea
