3796 6022
55 104 118 180 957
1721 103 1781 184 238

451 98 795 178 axcanrrtontiu
817 97 1019 176 raioan‘n
1041 97 1171 174 arnan
1191 93 1400 175 novatus,

54 320 134 373 rent
146 318 257 372 Varum
267 316 386 389 quidam
398 315 672 370 catholiciotilcium
684 315 794 368 militiae
804 329 891 384 quam
905 295 934 354 Α
950 313 1046 367 cundo
1069 313 1233 382 baptisatus
1254 315 1300 367 est
1310 311 1347 367 ab
1362 310 1497 370 Eudoxio
1516 316 1657 390 episcopo
1673 322 1781 380 Ariana

54 404 146 461 tidem
154 406 218 460 zelo
228 406 282 460 Dei
290 405 431 460 deserere
440 405 613 459 maluerunt.
630 403 765 458 Paridem
775 407 892 472 tempus
950 402 1000 472 qui
1018 400 1349 471 Constantinopolitanae
1372 402 1455 456 urbis
1473 403 1662 463 tabernacula
1682 412 1781 468 tenere

56 495 295 564 Valentinianus,
313 495 361 564 qui
376 497 478 563 postea
494 493 589 546 iactus
606 496 651 545 est
663 493 830 561 imperator,
848 508 894 544 ze·
950 489 1175 553 videlratu1·.Qni
1191 491 1255 560 ipso
1270 490 1444 558 lraptisnrate
1454 491 1649 563 jurejannndc
1666 499 1782 573 obliga-

55 584 128 653 lum,
147 599 235 654 qnenr
251 583 428 653 proprietate
440 582 551 649 babuit,
568 597 626 634 non
638 581 751 634 celavit.
764 579 895 644 Quadam
950 580 990 631 vit
1006 579 1147 632 miserum
1165 578 1325 644 Valentem,
1343 582 1372 631 ul
1389 579 1415 631 in
1434 580 1580 649 impietate
1597 593 1783 654 permaneret

56 688 187 743 namque
204 672 251 725 die
266 673 334 726 dum
349 671 490 741 templum
502 670 708 741 ingrederetur
728 670 893 739 Angustus,
949 671 978 720 et
994 668 1139 720 contraria
1156 667 1305 736 sapientes
1320 667 1489 735 expelleret.
1501 669 1557 723 Sed
1570 673 1728 747 malignam
1742 677 1784 732 in·

55 764 82 816 et
100 763 238 815 minister
254 778 328 831 aqua
345 760 548 831 ingredientes
562 761 746 829 aspergeret,
764 757 894 811 Valenti·
949 758 1141 809 sectationem
1157 755 1206 807 din
1229 755 1310 819 texit,
1328 771 1381 807 nce
1397 758 1514 812 vivente
1532 758 1619 816 lintre
1639 764 1782 820 voluntati

56 851 177 920 omnus,
194 851 300 905 videns
318 853 428 921 guttam
444 864 532 902 unam
546 849 577 900 in
593 847 746 914 chlamyde
763 862 827 914 sua,
843 860 895 915 pn-
949 844 1563 915 potestatemadmiscuit,illiusauctoritate
1576 866 1779 921 compressus.

55 955 117 1010 gno
133 939 302 992 ministrnm
318 938 477 1007 percussit,
491 937 595 989 dicens
612 951 645 989 se
661 935 710 989 illa
722 935 895 1004 aspersione
950 934 1004 987 llis
1020 934 1125 987 diebus
1142 932 1306 986 auxentius
1318 932 1417 987 Ariani
1433 935 1579 1006 dogmatis
1590 944 1781 1014 assertorqui

53 1029 156 1097 potius
177 1027 352 1081 maculatum
368 1041 455 1097 quam
471 1024 652 1078 mundatum.
669 1024 752 1087 Qarod
769 1039 895 1078 cernens
949 1021 1213 1075 hlediolanensium
1229 1021 1277 1073 diu
1293 1024 1426 1075 tenuerat
1437 1024 1637 1096 praesulatum,
1654 1032 1781 1086 senode·

55 1115 384 1186 Julianus,jnssiteum
395 1116 425 1168 in
437 1114 602 1168 custodiam
618 1113 719 1182 recipi,
733 1128 766 1165 ac
778 1113 895 1166 demun
948 1109 1068 1164 iunctus
1085 1113 1140 1163 ast.
1158 1110 1210 1162 nni
1238 1109 1414 1163 animosius
1434 1111 1529 1166 adhue
1552 1115 1780 1175 cathecumenus

55 1206 92 1259 ad
109 1221 245 1260 eremum
261 1204 413 1258 destinari.
430 1203 486 1257 Sed
505 1218 570 1256 cnm
586 1217 682 1256 annus
695 1205 723 1255 et
737 1201 823 1271 pauci
834 1216 897 1270 per·
949 1200 995 1252 vir
1010 1198 1178 1252 consularis
1193 1213 1246 1267 per
1262 1213 1366 1251 vorem
1378 1199 1498 1254 infantis
1509 1201 1537 1255 in
1550 1204 1692 1260 concione
1703 1207 1782 1263 desi·

53 1295 241 1347 transissent
255 1293 329 1361 dies,
347 1293 395 1347 ille
412 1309 465 1362 pro
481 1291 617 1346 mercede
629 1289 830 1344 confessionis
841 1290 895 1342 ini·
950 1290 1057 1359 gnatus
1081 1287 1270 1357 subrogatur.
1288 1287 1401 1341 Interea
1420 1288 1651 1361 Valentinianae,
1670 1293 1782 1351 Christi

54 1385 175 1453 perium
187 1382 300 1452 recipit.
314 1382 445 1452 Denique
456 1380 601 1446 tatianus,
612 1379 895 1449 impudenterbnpti-
949 1376 1044 1430 cultor
1064 1378 1214 1429 Saxonum
1229 1377 1347 1446 gentem
1362 1377 1470 1431 virtute
1480 1379 1644 1435 terribilem
1659 1397 1781 1454 oppres·

57 1488 125 1525 sma
145 1472 264 1525 diluens
272 1469 760 1541 sangninesacriflciornm,enncla
769 1466 895 1520 iaciebat
950 1467 997 1534 sit,
1015 1468 1042 1518 et
1059 1464 1171 1518 Alanos
1186 1464 1259 1518 adeo
1277 1465 1423 1531 contrivit,
1441 1469 1472 1519 ut
1492 1482 1554 1520 eam
1571 1468 1714 1527 Meotidas
1728 1488 1782 1543 pa-

54 1560 326 1631 qnibasdanmones
338 1558 447 1628 placari
457 1557 762 1626 solent.lpscqnoqne
771 1554 802 1610 in
812 1556 895 1609 allia·
951 1554 1035 1608 luces
1054 1557 1192 1623 expetere
1213 1552 1410 1622 compellaret.
1438 1553 1495 1608 Sed
1520 1572 1626 1611 rursus
1642 1574 1695 1614 ens
1714 1560 1784 1617 illue

54 1651 176 1702 nasinm
200 1648 437 1718 persecutionem
462 1647 548 1713 iecit,
580 1646 633 1698 sed
659 1660 726 1698 eun
747 1645 799 1698 Dei
821 1649 893 1698 nutu
909 1613 935 1675 Β
950 1643 1115 1710 insecutus,
1132 1642 1200 1694 duan
1213 1641 1271 1694 situ
1287 1644 1315 1694 ct
1330 1641 1500 1697 ‹lillacullate
1515 1643 1648 1700 locorum
1658 1649 1783 1719 impedi-

56 1737 312 1807 comprehendere
324 1737 464 1806 nequivit.
479 1735 533 1788 llis
543 1738 685 1803 practerea
696 1732 802 1787 diebus
811 1734 893 1802 passi
950 1729 1202 1800 retur,Trojanos,
1221 1729 1269 1798 qni
1284 1728 1477 1785 sicambriam
1498 1733 1707 1808 inhabitabant,
1725 1738 1784 1793 sibi

53 1829 124 1880 saint
138 1827 241 1881 Romae
252 1824 382 1879 loannes
395 1827 422 1877 et
434 1822 696 1891 Paulusmartpres
707 1820 827 1889 Christi,
840 1822 893 1876 sed
951 1822 980 1873 in
999 1819 1140 1872 auxilium
1165 1819 1308 1872 evocavit.
1325 1816 1439 1882 Quibus
1463 1819 1606 1878 decennio
1623 1824 1739 1898 tributa,
1756 1829 1783 1882 si

56 1919 83 1968 et
98 1915 180 1985 apud
195 1914 340 1968 Sebasten
357 1912 524 1966 Palaestinae
539 1910 642 1964 urbem
660 1911 752 1964 sancti
770 1909 894 1965 donanis
951 1908 1173 1974 aaaxiliarentur,
1199 1906 1331 1960 indulsit.
1356 1907 1417 1971 Qua
1437 1912 1636 1979 promissione
1652 1915 1780 1986 animati,

57 1999 895 2073 Baptistaesepulcr-umpopulnspaganornrnlnncstismn·
951 2013 1017 2051 runa
1033 1999 1135 2050 essent
1146 1995 1277 2049 locorum
1295 1997 1389 2067 gnari,
1401 2012 1453 2051 eos
1469 1997 1555 2054 lacile
1569 2017 1585 2053 a
1600 2001 1783 2075 paludeper-

54 2093 147 2147 nibus
163 2091 291 2162 effregit,
308 2095 336 2145 et
358 2089 494 2162 ejusdem
510 2088 646 2158 anartpris
663 2087 805 2158 reliquias
821 2103 893 2142 con·
950 2085 1152 2140 turbaverunt.
1177 2083 1307 2148 Quorum
1324 2085 1461 2140 virtutem
1484 2087 1644 2144 admiratus
1660 2093 1782 2165 Augus·

54 2181 210 2248 cremavit,
234 2183 262 2235 et
286 2178 400 2250 pulveri
421 2179 566 2231 immistas
588 2193 643 2247 per
663 2192 753 2248 agros
773 2178 892 2246 sparsit.
952 2179 1010 2242 tus,
1034 2173 1197 2227 Francosa
1220 2172 1370 2227 ferocitate
1395 2189 1448 2228 eos
1462 2176 1627 2245 appellavit.
1652 2178 1784 2245 Quorum

53 2270 289 2325 hdiuerctamen
299 2265 574 2340 quidamperegrini
585 2266 620 2320 de
632 2266 836 2336 dea-osolymis,
845 2266 895 2337 qui
952 2264 1097 2334 originem
1106 2262 1153 2316 vel
1164 2262 1388 2315 successionem
1401 2262 1619 2321 interiuslatius
1628 2268 1783 2339 explicabo

54 2375 149 2431 panca
174 2374 245 2412 ossa
269 2357 406 2412 incendio
432 2356 531 2409 inrtirn
547 2355 733 2422 subtraxere,
749 2358 777 2409 et
793 2370 895 2409 secum
952 2351 1064 2407 Floruit
1083 2366 1134 2420 per
1157 2350 1233 2404 idem
1248 2353 1364 2420 tempus
1388 2356 1509 2406 sanetus
1525 2354 1669 2412 Martinus
1688 2357 1784 2414 Turo-

54 2448 218 2503 redeunles
243 2446 399 2501 devexere.
423 2445 555 2515 Denique
578 2443 715 2498 Julianus
731 2444 766 2497 ad
785 2443 895 2498 bellum
951 2440 1089 2496 bensium
1104 2440 1273 2509 episcopus.
1285 2440 1418 2511 Denique
1431 2441 1653 2500 Valentinianus
1664 2448 1784 2522 Augus-

55 2537 229 2592 Pnrtbicum
248 2535 447 2606 proiecturus,
464 2533 590 2603 amplius
607 2531 746 2587 effrenata
770 2533 850 2586 rabie
866 2533 895 2586 in
952 2533 1000 2584 tus
1016 2545 1093 2584 anno
1109 2529 1194 2599 regni
1209 2528 1256 2582 sui
1267 2528 1422 2584 undecimo
1437 2532 1513 2601 apud
1529 2532 1721 2605 Brigitionem
1732 2553 1784 2610 op·

55 2625 166 2681 Christi
183 2625 315 2680 cultores
330 2624 475 2678 desaevire
494 2622 590 2692 eoepit.
608 2622 665 2676 Sed
683 2638 749 2675 carm
766 2637 782 2675 a
797 2622 894 2675 Ctesi·
953 2618 1052 2690 pidum
1067 2617 1226 2672 deitlnclsss
1240 2621 1295 2672 081·
1314 2617 1376 2682 QUO
1392 2621 1451 2673 viia
1465 2621 1590 2694 privato,
1606 2624 1645 2678 mi
1660 2625 1716 2682 iles
1733 2628 1785 2684 lla·

55 2712 894 2786 phontecastramovissel,etjampugnaturnsexercitum
952 2709 999 2762 liae
1024 2711 1212 2761 assumentes
1243 2707 1476 2763 Valentinianum
1501 2710 1591 2766 filiam
1613 2713 1681 2785 ejus
1696 2731 1784 2788 quam

56 2805 219 2873 ordinaret,
232 2803 475 2873 incertumaqno
489 2804 591 2855 ventre
603 2801 764 2868 sauciatus,
775 2801 895 2870 punitur
951 2798 1166 2864 tenerrimum,
1197 2795 1233 2849 ad
1261 2797 1416 2866 imperium
1445 2805 1662 2872 provexerunt,
1693 2803 1783 2861 fratre

56 2896 83 2950 et
97 2893 171 2947 dum
187 2894 361 2960 moreretur,
379 2893 467 2961 coepit
482 2890 632 2945 Christum
648 2890 741 2943 ileum
756 2888 896 2959 blasphn·
912 2919 938 2986 ο
953 2885 1019 2956 ejus
1035 2885 1172 2941 Gratiano
1194 2886 1354 2955 superstite
1370 2890 1398 2941 et
1420 2887 1541 2944 Valente
1564 2905 1666 2947 eorum
1689 2907 1783 2951 avun-

56 2998 148 3048 mare,
159 2980 405 3045 dicens2Vicisti,
420 2980 550 3045 Galilaea,
568 2979 785 3051 vicisti.·Atque
801 2979 830 3032 ia
847 2979 894 3034 bis
953 2975 1030 3029 culo.

56 3072 160 3127 verbis
174 3070 323 3125 scelestus
338 3069 510 3140 exspiravit.
1195 3063 1264 3118 Cli·
1284 3063 1331 3119 Vl·
1350 3065 1394 3119 00
1416 3064 1546 3122 Vllssflitl·

310 3161 380 3213 Gap,
391 3158 439 3214 lv,
452 3158 496 3213 De
511 3158 644 3214 Joviano,
988 3152 1096 3209 Valens
1106 3169 1189 3224 ergo,
1203 3153 1262 3207 llao
1279 3153 1397 3208 odibilis
1414 3155 1581 3229 imperator,
1598 3159 1666 3229 post
1680 3155 1784 3218 deces-

73 3245 895 3319 Jovianusimperiumconsecutusimperavitrnensibus
952 3260 1017 3298 snm
1030 3243 1129 3296 fratris
1145 3258 1212 3296 cnm
1227 3243 1385 3312 nepotibus
1401 3246 1465 3298 suis
1480 3245 1620 3302 Gratiano
1636 3251 1664 3304 el
1675 3251 1784 3307 Valen-

57 3340 197 3413 0nt0,qni
209 3339 505 3407 eumviolenterpost
520 3337 629 3391 iuliani
645 3352 747 3391 necem
763 3353 778 3389 a
796 3337 895 3391 militi·
951 3333 1061 3386 tiniano
1076 3332 1187 3385 minore
1197 3332 1350 3401 imperavit
1360 3334 1445 3388 annis
1457 3338 1785 3404 quatuordecim.Porro

57 3430 115 3484 bns
130 3430 168 3482 ad
182 3427 337 3496 imperium
351 3427 525 3493 traheretur,
543 3425 614 3478 dixit
632 3442 689 3479 non
707 3425 828 3478 sevelle
843 3442 896 3495 pa·
952 3421 1078 3489 lustina,
1105 3419 1196 3490 hujus
1221 3421 1413 3474 Valentiniani
1439 3427 1542 3494 mater,
1561 3426 1678 3498 Ariana,
1699 3433 1785 3486 mali-

59 3519 147 3590 gonis
164 3514 896 3584 laominibusimperare,cnmipsecssethristia-
953 3526 1042 3581 gnam
1064 3514 1185 3578 sectam,
1208 3526 1296 3581 quam
1320 3510 1524 3567 Valentiniano
1547 3517 1650 3570 marito
1672 3533 1727 3572 suo
1743 3520 1786 3573 vi·

59 3609 267 3676 metiumque
281 3620 341 3659 vox
356 3605 486 3658 omnium
502 3603 726 3673 proclamasset,
737 3602 895 3657 dicentium
952 3603 1039 3653 vente
1051 3597 1207 3667 celaverat,
1225 3614 1260 3652 eo
1276 3599 1415 3654 defuncto
1431 3601 1549 3672 detexit,
1563 3607 1590 3657 et
1601 3605 1785 3663 orthodoxos

59 3712 93 3751 se
117 3711 238 3767 qnoque
262 3709 332 3748 esse
354 3692 551 3759 Christianos,
574 3694 708 3762 suscepit
729 3692 894 3763 imperinm.
953 3687 1061 3742 laedere
1081 3687 1177 3756 empit.
1205 3688 1338 3742 Tentavit
1358 3689 1483 3760 deniqne
1504 3697 1638 3747 sanctum
1658 3695 1787 3751 Ambro-

60 3785 240 3857 Pepigitqne
256 3783 353 3838 scedas
369 3798 435 3836 cum
451 3782 562 3852 Sapore
587 3798 658 3853 rege
684 3781 851 3849 Cersarnm,
869 3784 898 3834 ct
955 3777 1031 3831 siam
1047 3776 1076 3829 in
1091 3776 1229 3830 exsilium
1246 3777 1369 3832 mittere.
1396 3779 1452 3832 Sed
1469 3779 1536 3833 dum
1552 3780 1601 3835 ille
1617 3782 1725 3839 indicto
1742 3801 1787 3841 re-

61 3872 192 3929 Nisibim
207 3872 532 3943 oppidum,partemque
548 3871 712 3941 superioris
729 3870 897 3940 Mesopota·
955 3867 1033 3938 ginae
1054 3866 1135 3920 exire
1154 3864 1189 3919 de
1207 3865 1340 3920 Ecclesia
1352 3867 1451 3937 nollet,
1468 3870 1556 3939 coepit
1568 3870 1683 3926 dustina
1695 3888 1787 3945 popu-

61 3959 898 4031 miaeeiconcessit.lloxqucl'ersarnmrexlocumvenali-
956 3956 1014 4009 lum
1031 3955 1177 4009 adversus
1189 3970 1255 4008 enm
1271 3955 1460 4011 inllannnare.
1478 3957 1574 4014 Sedet
1588 3962 1696 4033 populo
1710 3966 1788 4019 tantu

61 4034 900 4119 umrerumilliindeserlo'praepar·arileniti]itadovinia-
956 4060 1026 4117 erga
1048 4043 1239 4097 Ambl'OSiussl
1260 4044 1314 4098 full
1335 4046 1523 4102 Observfflllifl
1543 4053 1570 4103 ῡῖ
1594 4050 1624 4105 in
1647 4051 1788 4108 ellariltlle

59 4156 118 4194 naas
133 4141 172 4193 de
187 4139 284 4192 medio
299 4136 430 4192 hostiurn
448 4136 783 4192 Romanumnxercitnm
798 4137 900 4190 eduxit
955 4133 1185 4204 perseverantia,
1203 4137 1233 4187 at
1248 4133 1361 4188 animas
1379 4151 1465 4205 quarn
1481 4139 1654 4208 episcopum
1670 4141 1789 4196 mallent

60 4230 201 4283 illaesum.
216 4227 325 4281 Verum
340 4243 407 4281 cnm
422 4227 457 4279 ad
473 4226 622 4296 illyricum
634 4241 686 4296 per
696 4226 838 4280 Galatiam
848 4243 897 4279 re·
912 4234 940 4296 1)
956 4223 1098 4276 amittere.
1115 4222 1198 4276 Unde
1210 4222 1257 4275 illa
1274 4222 1330 4276 sibi
1348 4223 1488 4295 injuriam
1504 4227 1610 4281 iactam
1622 4227 1787 4284 existimata

59 4320 183 4385 mearet,
200 4316 230 4370 in
250 4315 397 4386 quoddam
415 4315 583 4369 cubiculum
600 4330 707 4368 novum
723 4330 792 4369 sese
812 4331 897 4369 rere·

58 4407 110 4477 pit,
126 4405 179 4460 nbi
196 4405 294 4459 calore
309 4419 479 4475 prunarum,
492 4406 519 4458 et
532 4403 634 4457 nidore
646 4405 788 4474 parietum
804 4420 898 4474 nuper

58 4495 141 4549 calce
161 4494 304 4548 illitorum
322 4495 528 4563 praegravatus
551 4495 579 4546 et
603 4492 776 4562 suffocatus,
794 4498 897 4546 octavo

58 4600 163 4639 mense
189 4582 303 4653 imperii
327 4581 374 4635 sui
390 4582 478 4634 vitam
499 4580 602 4636 finivit.
621 4581 654 4634 Et
670 4585 728 4635 tarn
743 4583 788 4652 pia
812 4585 899 4652 atque

58 4678 118 4728 tam
134 4673 201 4728 laeta
217 4671 362 4742 principia
372 4686 455 4724 mors
467 4670 621 4724 innnatura
637 4671 778 4740 corrupit.

210 4759 282 4814 rna.
302 4760 336 4814 V.
351 4759 394 4813 Dc
413 4758 620 4813 Valentiniano
635 4760 753 4831 dlapno.

92 4850 323 4905 Valentinianus
341 4848 478 4921 Magnus,
492 4847 580 4919 eujus
597 4864 686 4918 supra
702 4848 899 4919 meminimnS,

55 4943 208 4997 voluntate
220 4939 343 4993 militum
358 4938 435 5009 apud
451 4937 602 4991 Nicaenam
618 4938 720 4991 urbem
732 4938 900 5008 imperator,

55 5035 187 5098 creatus,
208 5027 366 5098 imperavit
387 5025 475 5079 annis
506 5025 654 5080 undecim.
672 5026 730 5080 lste
750 5027 902 5082 Valentem

54 5120 181 5176 tratrem
200 5130 288 5172 snum
306 5115 364 5170 sibi
379 5115 409 5169 in
426 5117 609 5169 consortium
626 5115 711 5186 regni
725 5117 898 5187 assumpsit,

53 5213 82 5265 et
102 5208 164 5264 sihi
189 5206 310 5279 quidem
326 5204 466 5259 occiduas
489 5205 619 5273 retinuit,
646 5205 728 5258 fratri
745 5221 816 5261 vero
841 5222 896 5261 suo

54 5296 217 5355 eaenulas
241 5296 342 5367 partes
357 5294 507 5366 regendas
532 5295 693 5350 concessit.
712 5294 821 5350 Verum
838 5296 898 5350 Va-

54 5387 120 5446 lens
131 5384 276 5460 conjugis
287 5398 351 5439 suas
362 5383 504 5439 seductus
515 5387 561 5439 est
572 5382 701 5456 alloquio
713 5384 742 5439 in
756 5385 896 5440 haeresim

54 5477 245 5549 danaorum,
269 5488 337 5535 cum
359 5478 440 5533 esset
465 5476 531 5535 ante
547 5473 604 5532 ilde
623 5473 793 5532 Catholicae
818 5478 894 5533 etse

956 4312 1032 4381 apud
1048 4312 1139 4365 filium
1160 4313 1247 4381 cmpit
1263 4313 1415 4382 conqueri.
1432 4314 1514 4368 Tunc
1535 4316 1786 4388 adolescentulus,

956 4401 1139 4471 querimonia
1154 4402 1256 4455 matris
1276 4404 1493 4471 irnllammatus,
1517 4406 1678 4460 exercitum
1707 4406 1789 4462 misit

955 4490 1006 4560 qui
1031 4490 1188 4543 ecclesiam
1206 4489 1366 4560 obsideret,
1393 4495 1503 4545 aleam
1523 4506 1607 4547 nenio
1624 4494 1788 4552 catholicus

956 4578 1169 4650 ingrederetur.
1187 4578 1244 4632 Sed
1265 4581 1450 4651 omnipotens
1466 4580 1545 4635 Deus
1561 4584 1650 4638 corda
1664 4585 1789 4642 militnm

956 4667 992 4719 ad
1004 4667 1141 4720 ecclesiae
1154 4667 1364 4722 munimentum
1381 4670 1542 4739 convertit3
1558 4673 1660 4743 egredi
1669 4674 1788 4745 quidem

957 4771 1015 4809 non
1032 4755 1178 4824 sinebant,
1196 4755 1313 4826 ingredi
1331 4771 1401 4810 vcro
1417 4774 1475 4812 non
1492 4761 1698 4830 prohibebant.
1716 4765 1787 4818 Am-

956 4844 1078 4898 brosius
1095 4859 1165 4897 vero
1181 4860 1247 4897 curn
1262 4846 1447 4917 orthodoxis,
1463 4849 1513 4918 qui
1528 4849 1603 4903 intra
1623 4850 1789 4909 Ecclesiam

957 4933 1131 4987 tenebantur
1154 4933 1272 5002 inclusi,
1306 4934 1430 5006 jejuniis
1451 4941 1479 4990 et
1503 4939 1650 4993 continuis
1676 4942 1789 5015 vigillis

958 5023 1019 5077 Deo
1035 5022 1166 5077 vacabat.
1179 5023 1240 5088 Qua
1253 5026 1409 5080 occasione
1425 5026 1546 5098 vigilias,
1559 5028 1659 5100 hpmni
1673 5034 1702 5087 et
1711 5032 1789 5086 anti·

958 5113 1064 5182 phonas
1080 5112 1109 5165 in
1125 5112 1259 5166 Ecclesia
1274 5113 1487 5170 Mediolanensi
1498 5118 1625 5187 primum
1636 5123 1788 5191 caeperunt

957 5201 1110 5270 celebrari,
1133 5202 1220 5274 cujus
1240 5203 1419 5258 celebritatis
1443 5208 1626 5263 consuetudo
1649 5209 1717 5264 inde
1735 5225 1789 5281 per

956 5306 1060 5346 onmes
1076 5291 1246 5361 provincias
1262 5294 1418 5350 emanavit.

989 5379 1048 5434 Sed
1062 5379 1132 5434 dnm
1147 5380 1212 5437 haec
1224 5380 1343 5436 initalia
1355 5387 1508 5454 geruntur,
1519 5385 1639 5455 galeas,
1649 5385 1709 5441 Deo
1720 5383 1785 5442 odi*

954 5469 1025 5530 bilis
1037 5469 1195 5547 imperator
1204 5470 1234 5528 in
1242 5470 1370 5529 Orientis
1380 5473 1514 5551 partibus
1525 5474 1637 5547 crudeli
1648 5473 1791 5550 praecenit
