3796 6022
101 303 143 371 39
488 304 709 367 APPENDIX
728 304 786 366 ΑΙ)
807 302 1000 369 HUGONIS
1021 302 1167 369 OPERA
1187 305 1444 373 DOGMATICA

100 512 171 580 quot
185 511 443 580 concupiscentias
463 507 583 578 rapitur,
601 521 654 576 per
668 507 710 561 tot
733 520 750 558 a
772 504 934 575 semetipsa
948 489 978 550 Α
994 504 1145 561 altitudine
1160 506 1322 564 divinitatis
1337 525 1412 580 suae,
1429 512 1514 582 quasi
1530 512 1658 584 quodem
1672 514 1721 571 vol

99 598 218 668 species
232 599 404 669 dissipatur,
418 601 446 652 et
461 612 566 667 sparsa
581 595 611 650 in
627 594 736 650 intimis
750 592 841 665 jacet,
864 609 933 664 quae
992 591 1075 648 blimi
1090 595 1216 650 cadaver
1227 597 1532 656 mortalitatisnostrae
1548 603 1721 674 conspexit

99 687 222 742 collecta
233 687 259 742 si
275 688 372 754 vellet,
388 687 426 741 ad
440 702 555 741 summa
568 687 774 757 consurgeret.
791 682 934 755 Undeju·
992 682 1060 752 mis,
1085 687 1114 738 et
1128 698 1198 739 sese
1220 684 1257 740 de
1274 685 1447 742 caelestibus
1463 687 1499 742 ad
1516 689 1575 743 ima
1598 690 1721 748 demisit.

98 779 212 832 storum
221 791 315 845 mens,
328 775 397 848 quia
405 790 459 846 per
470 774 635 830 custodiam
647 771 841 843 disciplinaea
856 789 933 827 eun-
991 771 1100 844 quippe
1111 775 1294 843 propternos
1304 773 1592 848 bomodignatusest
1600 782 1628 834 et
1639 780 1721 835 dum¹

97 868 211 920 ctorum
235 863 398 919 visibilium
421 864 504 919 tluxu
526 861 673 933 appetitus
703 861 927 934 constringitur,
991 875 1041 915 um
1052 861 1160 916 animal
1171 862 1263 933 petiit,
1277 866 1401 919 mortem
1412 865 1489 936 apud
1499 882 1565 936 nos,
1577 868 1628 940 qui
1639 869 1717 940 apud

97 953 220 1008 collecta
243 953 321 1024 apud
350 952 542 1022 semetipsam
556 950 739 1006 intrinsecus
755 950 929 1022 integratur,
990 949 1177 1021 immortalis,
1193 951 1303 1007 invenii
1318 951 1377 1008 Sed
1393 952 1487 1026 liujus
1502 955 1629 1011 vulturis
1645 958 1721 1013 ocull

95 1042 251 1114 qualisque
263 1041 324 1097 Deo
334 1042 382 1096 vel
391 1040 527 1110 proximo
538 1054 608 1096 esse
617 1038 732 1109 debeat,
743 1039 829 1110 plene
845 1054 939 1106 cons·,
990 1038 1056 1110 ipsa
1067 1039 1189 1095 intentio
1200 1042 1312 1096 nostrae
1318 1043 1559 1115 resurrectionis,
1572 1046 1641 1118 quia
1652 1046 1717 1117 ipse

94 1131 174 1202 picit,
191 1146 258 1202 quae
273 1130 346 1185 nibil
354 1147 442 1186 suurn
451 1130 583 1185 exterius
591 1128 779 1200 derelinquit.
790 1126 828 1182 Ει
836 1143 932 1199 quan·
990 1126 1081 1182 duum
1096 1132 1241 1197 mortuus,
1259 1145 1294 1184 ac
1312 1133 1422 1186 aeterna
1437 1148 1493 1186 nos
1509 1138 1602 1189 morte
1617 1134 1721 1191 liberer

94 1222 155 1274 tum
174 1219 211 1273 ad
234 1218 433 1274 exterioribus
456 1219 576 1274 astricta
596 1216 805 1288 compescitur,
821 1219 933 1272 tantum
990 1216 1069 1270 enim
1083 1217 1215 1288 pertidus
1227 1218 1486 1290 iudmoepopulus,
1499 1223 1721 1293 quiamortaleu

93 1309 178 1362 aucte
193 1308 223 1361 in
238 1307 350 1362 intimis
371 1308 580 1363 inflammatur.
602 1306 638 1361 Et
652 1322 711 1378 quo
727 1306 823 1379 magis
837 1305 931 1376 ardet,
990 1304 1045 1360 sed
1061 1307 1210 1376 quomodo
1226 1311 1319 1363 morte
1335 1325 1389 1363 sua
1405 1312 1530 1364 mortem
1541 1313 1673 1367 nostram
1689 1313 1721 1369 de

94 1410 129 1451 eo
145 1396 181 1451 ad
197 1395 446 1467 deprehendenda
460 1397 530 1451 vitia
544 1396 672 1466 amplius
686 1395 777 1465 lucet,
793 1394 870 1450 Hinc
885 1399 933 1450 cst
990 1397 1045 1464 ret,
1062 1394 1181 1450 minime
1197 1397 1328 1467 attendit,
1351 1399 1508 1470 conspexit
1526 1401 1646 1472 quidem
1667 1401 1718 1457 vul

93 1485 172 1539 enim
182 1486 262 1557 quod
270 1487 365 1541 sancti
377 1487 434 1542 viri
445 1487 514 1541 dum
524 1501 558 1540 se
570 1486 646 1539 intra
657 1484 837 1553 semetipsos
848 1482 932 1539 colli·
989 1483 1167 1539 sedoculum
1176 1485 1301 1540 vulturis
1309 1501 1368 1540 non
1379 1489 1505 1558 aspexit.
1514 1487 1644 1554 Quidum
1654 1489 1721 1545 hum

93 1577 178 1646 gunt,
195 1575 269 1629 mira
284 1591 319 1630 ac
332 1574 507 1646 penetrabili
522 1575 585 1629 acie
602 1572 717 1628 occulta
732 1573 819 1628 etiam
834 1571 930 1627 aliena
989 1571 1721 1648 ejusvias,quibusnosadaltasublcvaret,consit

93 1661 200 1718 delicta
214 1663 449 1736 deprehendunt.
986 1658 1091 1730 noluit,
1103 1661 1238 1715 semitam
1249 1663 1314 1717 avis
1323 1662 1483 1735 ignoravit.
1493 1665 1598 1737 Neque
1607 1667 1687 1721 enirn
1699 1683 1721 1740 p

127 1749 280 1823 Sequitur:
299 1751 369 1807 Cum
379 1758 493 1824 tempas
500 1752 603 1818 tuerit,
616 1752 648 1806 ιἰι
660 1750 750 1806 altum
762 1749 825 1805 elas
835 1749 923 1823 eripi
944 1796 971 1859 B
988 1748 1111 1820 studuit,
1119 1748 1199 1820 quod
1209 1749 1277 1822 ejus
1289 1767 1348 1807 non
1354 1751 1505 1807 humilitas
1514 1753 1625 1809 levaret
1636 1755 1721 1812 adcoe

92 1839 169 1910 (tob.
183 1842 296 1911 xxxix).
313 1840 387 1907 Quid
402 1842 481 1897 enim
496 1857 549 1914 per
564 1841 627 1896 elas
643 1839 736 1912 hujus
750 1838 927 1894 struthionis
986 1839 1016 1891 et
1029 1837 1134 1892 mortis
1151 1837 1219 1909 ejus
1235 1839 1357 1895 intentio
1366 1839 1542 1896 reformaret
1555 1843 1592 1897 ad
1607 1843 1709 1901 vitam.

91 1929 265 2000 accipimus,
282 1929 340 1985 nisi
356 1945 480 2001 pressas
491 1929 548 1987 hcc
564 1933 696 2000 tempore
707 1927 927 2001 quasicompli-
986 1928 1045 1980 tam
1060 1925 1152 1998 igitur
1166 1927 1315 1999 ignoravit
1337 1929 1412 2000 avis,
1434 1946 1490 1984 nec
1515 1931 1638 1986 intuitus
1663 1935 1710 1988 est

92 2020 175 2073 catas
200 2018 362 2090 hypocritae
383 2018 698 2091 cogitationestQuas
719 2035 786 2072 cum
810 2020 927 2088 tempus
985 2015 1124 2086 vultune,
1142 2017 1220 2088 quia,
1237 2019 1265 2071 at
1279 2017 1307 2072 si
1322 2018 1395 2071 vidit
1410 2034 1476 2073 eum
1492 2035 1580 2090 quem
1596 2024 1690 2076 morte
1719 2038 1721 2046 ·

91 2106 189 2178 fuerit,
202 2108 232 2161 in
246 2107 336 2162 altum
351 2109 456 2178 elevat,
468 2108 537 2180 quia
546 2107 763 2179 opportunitate
775 2110 927 2177 comperta
985 2103 1087 2160 videre
1102 2105 1196 2159 noluit
1211 2109 1319 2176 quanta
1334 2107 1402 2160 vitae
1422 2111 1532 2162 nostrae
1553 2108 1648 2181 gloria
1663 2110 1700 2165 de

90 2212 142 2251 aas
154 2196 354 2267 superbiendo
370 2196 549 2251 manifestat.
566 2196 637 2251 Ales
653 2197 684 2250 in
695 2196 786 2251 altum
809 2197 926 2268 erigere
986 2191 1054 2264 ejus
1069 2197 1256 2265 sequeretur.
1268 2195 1353 2250 Unde
1369 2196 1405 2249 ad
1417 2196 1618 2251 crudelitatem
1629 2215 1721 2271 quoqu

91 2288 139 2340 est
152 2300 206 2355 per
220 2284 391 2339 ollrenatum
408 2285 579 2355 superbiam
590 2285 786 2357 cogitationes
797 2285 925 2355 aperire.
985 2283 1149 2337 secutionis
1166 2270 1288 2352 exarsit,
1302 2284 1395 2339 verba
1404 2285 1474 2339 vitae
1486 2286 1619 2357 recipere
1633 2289 1721 2343 renuit

90 2373 176 2427 Nunc
191 2376 288 2428 aulem
303 2374 371 2444 quia
387 2378 522 2429 sanctum
546 2388 580 2428 se
595 2374 723 2442 simulat,
740 2377 768 2428 et
784 2374 869 2445 quasi
894 2373 925 2427 in
984 2369 1149 2425 dicationes
1160 2371 1245 2444 regni
1258 2373 1399 2428 coelerum
1410 2373 1606 2444 prohibendo,
1617 2376 1721 2431 saevieu

90 2461 924 2534 semetipsostringitquaecogitat,quasialasincorpore
983 2459 1087 2513 riendo
1103 2460 1219 2530 repulit.
1240 2460 1295 2525 Qui
1316 2463 1529 2532 predicatores,
1557 2464 1721 2537 sciliceta}

88 2565 142 2620 per
156 2550 316 2606 humilitate
331 2572 347 2603 a
359 2551 459 2621 plinat.
470 2550 604 2624 Eatergo
616 2551 787 2624 hypocryta,
804 2552 920 2606 etnune
983 2547 1106 2618 repulsi,
1119 2547 1252 2603 iudaeam
1263 2550 1299 2602 ad
1311 2566 1399 2621 quam
1410 2551 1495 2606 missi
1506 2551 1722 2609 fuerantdeser

89 2638 137 2694 sui
151 2637 266 2710 laudes,
283 2645 408 2710 appear,
421 2639 610 2710 postmodum
620 2640 711 2694 vitam
721 2639 925 2711 proximorum
983 2636 1014 2690 in
1029 2637 1202 2708 gentilitatis
1215 2638 1420 2693 collectionem
1429 2640 1557 2711 dispersi
1567 2643 1651 2708 sunt3
1664 2642 1720 2697 sed

88 2729 478 2800 premat,etquandoquese
492 2728 924 2784 inirrissionesuiConditoris
984 2728 1051 2779 tura
1075 2725 1201 2780 vulturis
1227 2727 1294 2781 talis
1317 2742 1386 2782 esse
1412 2728 1528 2798 dicitur,
1552 2732 1583 2781 ut
1604 2731 1721 2799 parvul

88 2820 236 2884 exerceat,
253 2820 284 2871 ιιι
297 2833 356 2889 quo
372 2817 494 2873 elatiora
514 2833 633 2888 semper
648 2819 808 2891 excogitat,
824 2832 860 2873 eo
890 2831 924 2871 se
983 2814 1110 2886 quisque
1122 2818 1260 2884 peccator
1270 2816 1395 2888 intelligi
1404 2816 1547 2872 videatur.
1556 2817 1662 2872 Vultur
1673 2819 1721 2891 siq

87 2905 243 2975 suppliciis
250 2906 620 2979 atrocioribusimmergat.
632 2906 716 2962 Unde
732 2910 761 2962 et
769 2905 922 2962 subditur:
983 2905 1146 2959 exercitum
1162 2905 1308 2976 sequitur,
1321 2910 1352 2961 ut
1367 2909 1550 2961 mortuorum
1567 2906 1721 2963 cadaverib

89 2993 288 3048 obliviscitur
307 2995 383 3066 quod
397 3011 450 3051 nos
467 2995 618 3051 conculcet
637 3011 680 3059 ea,
698 3001 728 3050 et
745 2995 844 3050 bestia
856 2994 925 3066 apri
982 2992 1078 3057 tietur,
1096 2993 1165 3064 quia
1180 2998 1319 3064 peccator
1343 3010 1453 3065 pravos
1475 2996 1623 3065 homines,
1650 2996 1721 3066 quir

89 3089 225 3138 conterat
239 3082 340 3155 (lbid).
358 3084 441 3139 'lunc
458 3101 513 3139 ova
528 3085 694 3156 pescalcat,
704 3088 733 3138 et
746 3083 842 3138 bestia
858 3083 923 3155 agri
943 3107 968 3169 C
983 3083 1116 3136 exercitu
1131 3082 1252 3151 diaboli,
1268 3085 1411 3155 requitur,
1427 3086 1458 3138 ut
1472 3099 1581 3154 pravos
1596 3100 1700 3138 eorum
1715 3101 1721 3139 ι

88 3172 221 3237 conterit,
248 3188 314 3227 cum
334 3173 365 3227 in
389 3177 468 3228 terra
483 3174 670 3243 deseruntur,
693 3173 762 3245 quia
786 3171 924 3227 videlicet
982 3170 1120 3225 imitetur.
1129 3171 1311 3226 Mortuerum
1320 3172 1664 3241 cadaveribusveseitur,
1673 3173 1722 3245 qui

88 3260 217 3315 humana
233 3261 332 3329 corda,
345 3262 415 3317 dum
425 3277 545 3332 semper
554 3265 672 3317 terrena
688 3262 829 3334 cogitant,
846 3277 924 3315 sem·
982 3259 1351 3331 nalibusdesideriis,quae
1362 3260 1721 3332 mortemgenerantdelea

88 3363 142 3418 per
157 3364 223 3420 quae
239 3349 295 3402 ima
310 3353 380 3404 sunt
395 3365 487 3422 ugere
498 3354 647 3420 appetunt,
662 3351 700 3404 ad
712 3350 923 3406 conterendum
983 3348 1089 3403 Vultur
1103 3350 1190 3403 etiam
1203 3349 1330 3420 pedibus
1345 3348 1472 3402 libenter
1487 3349 1629 3420 graditur.
1652 3349 1720 3405 Uud

89 3436 242 3491 sebastiae
258 3437 333 3509 agri,
351 3437 380 3491 id
394 3442 441 3493 est
451 3438 569 3493 diabolo
580 3442 728 3508 sternant,
745 3444 776 3494 ut
791 3455 859 3494 cum
874 3438 924 3494 diu
982 3438 1161 3509 quibusdam
1172 3437 1313 3510 gradipes
1325 3436 1576 3508 appellatur,quia
1587 3442 1721 3509 terrena]

89 3524 189 3580 infima
204 3526 382 3596 cogitatione
405 3526 519 3598 adjecta
537 3530 616 3597 sunt,
636 3527 814 3599 quandoque
835 3527 924 3582 etiam
981 3529 1027 3580 ter
1041 3530 1118 3580 ainat
1133 3527 1289 3582 etterrinis
1307 3526 1336 3580 in
1348 3524 1418 3581 hiat.
1428 3525 1610 3597 Quandoque
1622 3527 1721 3581 etiam*

88 3612 925 3687 majorumcriminumperpetrntionefrangentem-‘requi-
981 3613 1011 3668 in
1026 3615 1117 3670 altum
1134 3616 1220 3685 volat,
1237 3616 1306 3686 quia
1320 3619 1460 3686 peccator
1480 3615 1517 3669 ad
1533 3615 1665 3671 coelestia
1687 3630 1721 3668 mv

87 3702 921 3777 tur:InduranturaddlioS,quasiuousintsui(1bid).
980 3704 1157 3774 quandoque
1181 3703 1269 3774 levat,
1295 3705 1348 3758 sed
1372 3721 1430 3775 qua
1455 3706 1615 3760 intentione
1639 3705 1695 3760 hoc
1717 3709 1721 3759 ι

88 3792 179 3859 Quasi
195 3809 254 3848 non
269 3808 342 3848 suos
368 3793 499 3864 respicit,
519 3809 596 3866 quos
611 3794 696 3848 aliter
717 3793 817 3848 vivere
834 3807 922 3864 quam
979 3792 1053 3846 alter
1068 3792 1196 3863 ignorat.
1206 3791 1280 3856 Quis
1292 3793 1508 3846 enimintuctur
1523 3793 1626 3846 ocutos
1638 3793 1721 3847 vultu

88 3882 187 3937 docuit
198 3882 262 3952 ipsa
271 3881 475 3952 deprehendit.
488 3886 516 3939 et
526 3883 703 3939 durescente
715 3883 830 3937 saevitia
845 3897 924 3936 erro·
979 3883 1026 3935 est
1040 3879 1232 3934 intentionem
1247 3880 1451 3951 cogitationis‘l
1464 3879 1526 3933 lloc
1535 3880 1614 3932 enim
1624 3879 1721 3952 Omnip

90 3987 139 4025 res
155 3971 301 4041 admovet,
319 3986 412 4043 seque
428 3972 458 4026 in
472 3987 574 4027 eorum
589 3971 771 4027 cruciatibus
792 3973 921 4039 exercet,
979 3969 1038 4024 sibi
1052 3969 1179 4040 reliquit,
1190 3969 1239 4040 qui
1251 3968 1447 4040 cogitationes
1460 3967 1612 4021 bominum
1624 3967 1711 4023 solus

89 4062 177 4130 atque
192 4059 312 4115 invidiae
323 4059 439 4115 lacibus
449 4060 635 4130 inflammata,
653 4060 802 4131 inquibus
814 4059 925 4115 nonla·
982 4058 1058 4113 Nota
1073 4052 1160 4112 etiam
1176 4058 1255 4129 quod
1270 4057 1379 4125 vultur,
1401 4061 1433 4111 nt
1456 4058 1495 4111 ait
1518 4055 1662 4126 Isidorus,
1680 4073 1697 4110 a

88 4147 205 4202 bor-avit
219 4151 251 4202 ut
265 4152 390 4217 possent
405 4149 515 4219 vivere,
528 4149 643 4203 laborat
657 4153 688 4203 ut
698 4149 824 4205 debeant
838 4149 926 4203 inter·
981 4148 1065 4203 tardo
1080 4147 1256 4203 nominetur.
1282 4146 1377 4201 Tarde
1396 4146 1474 4200 enim
1491 4162 1557 4199 oum
1574 4145 1675 4200 volare
1686 4161 1721 4201 cu

87 4236 140 4290 ire.
159 4236 327 4306 Hypocritae
343 4253 426 4310 ergo,
448 4238 497 4309 qui
520 4254 574 4308 per
596 4238 793 4293 struthionem
814 4239 924 4295 intelli·
982 4240 1090 4291 aterna
1103 4237 1216 4291 recedit
1230 4237 1299 4308 quia
1314 4239 1453 4306 peccator
1468 4239 1516 4288 aut
1532 4234 1582 4287 vix
1599 4237 1648 4288 eut
1667 4251 1721 4289 nur

86 4328 206 4398 guntur,
224 4326 449 4381 consuetudinIs
461 4326 528 4381 talis
540 4342 610 4382 esse
620 4327 824 4398 perhibentur,
842 4331 873 4382 ut
888 4328 924 4383 de
983 4329 1101 4382 terrena
1117 4326 1265 4380 desideria
1280 4324 1467 4395 derelinquit.

86 4414 166 4470 nullo
183 4414 239 4469 alio
256 4414 503 4485 curamhabeant,
521 4416 575 4470 sed
591 4416 684 4470 dehis
696 4433 762 4488 quae
778 4419 880 4489 agunt,
894 4417 923 4471 in
941 4415 968 4476 D
983 4415 1053 4470 Car.
1072 4414 1214 4470 XXXIX.
1232 4414 1276 4469 De
1297 4413 1424 4486 prailius
1443 4413 1549 4468 ordine
1571 4411 1707 4466 litterato

89 4519 123 4559 se
139 4503 312 4576 glorientur,
330 4506 359 4559 et
373 4503 431 4558 sibi
443 4503 636 4559 solisbonum
647 4505 726 4575 quod
741 4508 843 4577 egunt,
859 4521 922 4576 prae
1141 4507 1357 4576 praevolantem
1373 4502 1575 4574 sequentibus,
1602 4505 1657 4555 etc.

90 4594 207 4647 caeteris
223 4592 386 4648 ascribunt.
1019 4593 1115 4649 Grues
1131 4594 1201 4647 dum
1212 4594 1351 4665 pergunt,
1362 4608 1449 4646 unam
1462 4592 1627 4661 sequuntur
1635 4588 1721 4643 ordin

151 4680 221 4736 Car.
240 4681 405 4738 XXXVlll.
421 4681 466 4737 De
485 4681 608 4748 vulture,
627 4688 656 4737 et
672 4683 737 4755 ep'us
752 4688 858 4738 natura
984 4686 1057 4738 rato.
1074 4682 1203 4736 Excelsa
1223 4685 1321 4735 autem
1345 4682 1456 4750 petunt,
1480 4695 1538 4751 quo
1561 4678 1679 4732 facilius
1703 4693 1721 4730 v

360 4770 482 4826 Christo
501 4771 656 4843 applicata.
984 4767 1721 4844 qunspetantterrascastigatautemreliquasacr

125 4856 268 4911 Semitam
283 4859 436 4930 iquoravit
456 4861 531 4927 avia,
551 4876 606 4914 nec
620 4859 748 4914 intuitus
763 4865 809 4915 est
828 4860 926 4915 oculos
983 4875 1098 4930 eaquae
1111 4859 1318 4931 cogitagmen.
1331 4852 1721 4925 Atubiraucescit,suceed;

89 4944 188 5017 [Vulg.
205 4945 315 5019 oculus]
329 4947 456 5003 vulturis
471 4949 548 5019 (deb.
566 4950 680 5018 xxvru).
693 4948 765 5014 Quis
784 4949 842 5004 hoc
857 4949 923 5005 loco
984 4949 1077 5004 Nocte
1095 4950 1193 5003 autem
1207 4946 1504 5016 excubiasdividunt,
1518 4948 1547 4999 et
1557 4944 1689 4998 ordinem
1703 4957 1721 4992 v

88 5034 154 5088 avis
169 5035 287 5090 nomine
303 5037 448 5108 signatur,
459 5037 518 5091 nisi
528 5037 577 5092 ille
589 5039 639 5110 qui
651 5054 761 5109 cerpus
772 5053 924 5109 carneum,
983 5053 1049 5091 rum
1063 5052 1117 5107 per
1136 5036 1219 5091 vices
1235 5036 1355 5097 iaciunt,
1373 5039 1508 5090 tenentes
1524 5033 1641 5104 lapillos
1661 5045 1721 5100 sus]

87 5123 166 5194 quod
178 5126 352 5195 assumpsit,
360 5125 550 5181 ascendendo
561 5128 598 5181 ud
606 5128 716 5182 aethera
727 5125 925 5192 lib1·avit‘?Qui
983 5128 1088 5180 aterra
1097 5125 1183 5195 pedis
1194 5124 1436 5194 alteriusdigitis,
1447 5122 1556 5195 quibus
1568 5135 1691 5175 somnos
1702 5134 1719 5173 a

89 5214 282 5284 aptequoque
292 5213 809 5286 vulturisappellationeexprimitur.
820 5216 926 5271 Vultur
984 5213 1059 5280 Quid
1075 5214 1239 5269 cavendum
1255 5215 1310 5268 erit
1329 5213 1440 5268 elamor
1451 5212 1568 5265 indicat.
1580 5208 1711 5262 AEtatem

88 5300 196 5372 quippe
213 5301 283 5355 dum
298 5302 385 5372 volat,
402 5303 429 5357 si
442 5303 548 5375 jacens
563 5303 689 5359 cadaver
703 5305 859 5375 conspicit,
884 5306 921 5359 ad
984 5303 1067 5359 color
1081 5303 1187 5374 prodit.
1204 5303 1279 5358 Nam
1294 5303 1325 5357 in
1340 5303 1491 5356 senectute
1507 5297 1693 5370 nigrescunt.
1720 5311 1721 5334 ι

90 5403 192 5443 escam
203 5391 358 5445 cadaveris
369 5392 495 5462 devolat,
508 5394 536 5447 et
546 5393 718 5464 plerumque
729 5393 774 5448 sic
787 5394 818 5449 in
829 5397 926 5450 morte
985 5408 1053 5446 cum
1067 5392 1103 5446 de
1114 5393 1180 5448 loeo
1193 5393 1229 5446 ad
1245 5392 1344 5446 locum
1360 5387 1551 5455 transvolant,
1569 5386 1702 5442 ordinem
1713 5400 1722 5454 ι

90 5477 214 5548 capitur,
227 5479 296 5533 dum
306 5478 343 5533 ad
353 5483 501 5535 mortuum
509 5481 795 5538 animaldesummie
804 5482 922 5539 labitur.
985 5481 1073 5536 dandi
1089 5481 1216 5537 volando
1232 5482 1362 5535 servant.
1380 5478 1556 5532 lllosautem
1572 5474 1721 5548 significat

87 5567 179 5622 Recte
194 5582 267 5640 ergo
283 5568 427 5624 mediator
441 5569 495 5625 Dei
514 5573 543 5625 et
557 5570 719 5639 homiuum,
746 5571 926 5642 Redemptor
985 5571 1022 5625 ad
1037 5571 1094 5626 hoc
1118 5571 1247 5640 student,
1272 5572 1303 5624 ut
1327 5568 1459 5625 ordinate
1481 5567 1592 5620 vivant.
1618 5564 1716 5619 Grues

80 5656 920 5733 noster,vulturisappellationesignatur,quimaueusin
986 5649 1721 5728 ordinelitteratovolantesdesignantordinateviv
