3796 6022
137 253 197 326 991

536 254 753 327 arranem
773 250 832 322 ao
854 232 1047 324 Honores
1069 240 1219 319 ornan*
1236 251 1436 320 aranea.

137 461 239 536 petius¹
251 458 525 518 administrationis.
535 456 638 513 Omnis
653 456 732 513 euim
750 456 903 528 praelatus,
921 455 971 529 qui
987 432 1067 511 Ado
1082 452 1232 525 eraticula,
1248 457 1277 510 et
1291 453 1445 509 dicebatur
1459 449 1640 508 sacrificium
1664 450 1799 506 coetum.
1816 447 1868 505 Sa·

142 544 287 624 praeaslin
294 546 682 618 sollieitudine,multiplicis
690 562 770 602 curse
778 544 972 602 amaritudine

136 637 275 711 repletur.
289 636 373 693 Unde
385 640 414 692 el
428 637 533 692 beatus
543 634 664 706 Paulus,
677 635 712 690 de
724 635 826 706 seipso
844 633 972 705 quodam

138 727 169 785 in
179 728 255 798 loco,
268 726 307 783 sit
316 725 490 782 ait:Praetcr
500 725 557 781 alie
570 742 631 798 qum
641 724 906 780 extrinsecussuut
914 722 975 777 ins·

142 817 234 873 tantia
244 812 309 871 mea
321 814 490 888 quotidiana
501 813 669 869 sollicitudo
680 812 805 869 omnium
816 811 971 867 Ecclesia-

139 903 292 972 rum.Quis
300 902 513 972 iudrmatur,et
523 918 577 975 epe
585 900 799 957 uouiadrmer‘?
811 899 974 965 Quisscau-

142 993 299 1061 deliratur,
317 1000 348 1048 et
363 1009 417 1064 epo
426 1007 482 1048 aon
498 992 590 1046 uror?
600 989 705 1060 (lICer
714 990 767 1060 xi.)
776 989 811 1044 Et
822 989 852 1043 in
863 989 919 1044 lob
930 988 974 1043 le·

140 1082 220 1156 gitur
234 1081 314 1155 qued
336 1082 475 1154 pipaates
497 1085 617 1152 pemani
637 1077 864 1159 srrbaquis(dob
879 1078 973 1148 xxvr).

1031 544 1142 601 crificia
1158 545 1213 599 alia
1229 547 1312 600 erant
1323 559 1378 615 pro
1388 545 1519 614 peceato,
1537 541 1592 596 elia
1603 556 1658 612 pro
1673 539 1799 595 dilecto.
1816 538 1869 595 Da·

1029 634 1131 689 lictum
1144 637 1200 703 est,
1214 633 1332 706 quaudo
1347 648 1406 688 nan
1421 632 1454 687 llt
1469 630 1548 703 quod
1558 630 1621 685 lieri
1642 628 1745 684 debet.
1761 627 1869 683 Pecca-

1029 725 1101 790 tum,
1111 723 1228 794 quando
1244 723 1275 777 srt
1291 721 1370 794 qnod
1384 721 1449 776 llari
1462 736 1521 775 uon
1536 717 1632 774 debet.
1642 719 1675 774 ln
1685 716 1869 772 sacritieinm

1030 814 1129 865 eutem
1144 811 1191 867 vel
1206 810 1411 866 holocaustum
1427 808 1583 880 aliquande
1603 805 1790 862 efferebatur
1805 807 1868 859 tau·

1031 915 1093 969 rue,
1106 898 1262 970 aliquando
1277 899 1378 968 ritule,
1398 897 1555 969 aliquando
1574 896 1689 965 hircus,
1707 893 1867 967 aliquande

1031 983 1868 1060 capra,aliquundobaedus‚aliquandovitulus,aliquando

1030 1094 1132 1148 vacca,
1148 1077 1307 1150 aliqnando
1331 1077 1398 1146 hos,
1424 1075 1582 1147 aliquande
1607 1075 1685 1144 ovis,
1713 1072 1867 1145 aliquanda

141 1170 177 1228 Et
187 1169 330 1227 ll'aminus
341 1170 371 1225 in
382 1168 557 1241 Evangelio:
571 1167 836 1236 Martdapliartlra,
844 1164 974 1223 sollicita
1030 1182 1138 1238 agnus,
1154 1166 1311 1238 aliquando
1325 1166 1414 1235 arias,
1426 1164 1583 1237 aliquando
1591 1165 1699 1233 turtur,
1710 1161 1863 1234 aliquando

142 1275 186 1331 es,
196 1265 226 1315 et
236 1258 451 1329 turbariserpa
463 1248 591 1328 plurima
602 1255 683 1327 (Luc.
700 1255 741 1325 x).
761 1253 832 1320 Quae
848 1254 974 1311 turbatio
1030 1254 1176 1323 columba,
1193 1254 1350 1327 aliquando
1366 1269 1482 1325 passer.
1493 1252 1692 1308 Oblatievero
1709 1250 1861 1322 aliquando

142 1350 281 1421 opmnte
293 1347 387 1421 gratia
397 1345 450 1400 Dei
458 1344 526 1417 plus
541 1343 688 1399 credenda
698 1343 862 1399 esthabere
879 1342 973 1398 meriti
1031 1343 1118 1398 tielrat
1133 1359 1170 1398 ex
1185 1343 1293 1412 simila,
1318 1343 1476 1414 aliquando
1498 1358 1536 1397 ex
1557 1341 1634 1411 eleo,
1659 1339 1862 1410 aliquandoex
1897 1392 1898 1411 ,

141 1452 229 1511 quam
245 1434 420 1503 detrimenti,
442 1433 511 1488 dum
526 1433 691 1488 seeundum
710 1431 898 1488 Salomonem
917 1447 975 1504 per
1030 1435 1124 1502 aceto,
1141 1431 1298 1503 aliquando
1315 1448 1353 1487 ex
1366 1433 1445 1502 vino,
1463 1424 1621 1502 aliquando
1645 1444 1686 1483 ex
1706 1428 1859 1498 thure,ali·
1897 1425 1898 1433 ’

143 1524 299 1579 tristitiam
312 1520 976 1594 rulluscorripituranimusdelinquentistb'c·
1030 1520 1148 1593 quando
1164 1537 1202 1576 ex
1215 1521 1407 1592 thymiamite,
1432 1519 1589 1592 aliquando
1611 1534 1651 1573 ex
1675 1517 1803 1587 calamo,
1817 1516 1857 1588 qui

144 1611 198 1667 cle.
210 1611 272 1680 vu).
283 1611 354 1665 Tem
364 1610 517 1681 multiplex
532 1613 577 1665 est
594 1626 666 1682 ergo
681 1609 824 1681 spiritalis
835 1609 931 1665 thuris
947 1612 977 1665 et
1030 1610 1209 1665 aromaticus
1221 1610 1432 1682 appellabatur.
1443 1608 1527 1665 Unda
1537 1607 1681 1663 Dominus
1697 1621 1754 1678 per
1764 1605 1858 1662 lsairu

143 1698 271 1771 myrrbae
280 1698 448 1769 diversitas»,
460 1715 548 1770 quam
556 1702 603 1754 est
616 1698 735 1753 diversa
745 1701 856 1754 sanetae
868 1698 976 1753 oratio·
992 1699 1066 1809 Bad
1091 1699 1232 1771 populum
1249 1699 1340 1754 lsrael
1351 1715 1357 1754 :
1368 1698 1435 1754 Noa
1456 1698 1557 1754 emisti
1573 1696 1648 1752 milri
1672 1703 1802 1769 arpenta
1820 1700 1858 1750 tao
1897 1705 1898 1727 r

142 1788 190 1843 nis
206 1789 235 1844 et
248 1786 409 1842 fructuosae
427 1787 629 1842 amaritudinis
644 1787 764 1842 utilitas.
784 1786 894 1859 ltaque,
912 1786 975 1842 fra-
1033 1787 1253 1858 calamumtlsa.
1265 1788 1358 1859 xum).

142 1879 213 1942 tras,
231 1876 310 1948 qued
325 1875 405 1948 magi
420 1875 528 1948 pagani
539 1876 708 1931 obtulerunt
727 1876 929 1947 corporaliter,
946 1878 975 1931 et
1069 1877 1228 1932 Videamus
1244 1892 1322 1931 nunc
1333 1876 1404 1947 quid
1415 1875 1470 1930 ista
1481 1875 1662 1947 significent,
1672 1878 1706 1930 ut
1721 1889 1761 1929 ex
1770 1889 1858 1930 eorum

143 1981 199 2022 nes
216 1963 373 2020 offeramus
389 1962 589 2037 spiritualiter,
606 1967 637 2021 ut
650 1964 804 2036 perbujus
816 1955 974 2020 oblationis
1032 1965 1302 2038 significationibus
1318 1965 1470 2020 valeamus
1486 1964 1653 2036 inlelligere
1672 1964 1755 2037 quod
1771 1963 1858 2018 mullis

144 2052 268 2129 gretiam
283 2054 439 2126 pervenire
454 2070 619 2111 mereamur
629 2055 665 2108 ad
677 2053 812 2126 gloriam.
824 2052 908 2120 Quod
923 2070 976 2110 no·
1031 2054 1128 2110 melis
1144 2053 1204 2111 Dee
1220 2056 1339 2109 nostras
1352 2053 1466 2108 animas
1475 2050 1744 2126 possimusoliare.
1757 2051 1861 2107 Taurus

142 2141 191 2203 bis
206 2145 348 2216 praestare
364 2143 502 2219 dignatur
517 2144 608 2200 lesus
619 2142 757 2200 Christus
769 2142 912 2199 Dominus
923 2159 976 2199 ne·
1031 2142 1181 2215 significat
1191 2143 1371 2212 superbiam.
1382 2142 1466 2199 Unde
1476 2142 1505 2198 in
1516 2141 1733 2197 Ecclesiastico
1748 2140 1857 2195 dieitur.

143 2233 214 2303 ater,
232 2230 282 2305 qui
297 2234 343 2288 est
358 2233 438 2291 Deus
452 2231 629 2289 benedictus
645 2232 674 2290 in
691 2231 812 2288 saecula.
834 2231 938 2290 Amen.
1030 2229 1863 2303 Neutecatellasiacapitationcaaimmtraareluttaurue

409 2320 538 2376 SEltllO
553 2320 706 2378 xxxva.
1031 2319 1192 2391 (beelim).
1210 2318 1331 2385 Quoties
1347 2335 1419 2392 ergo
1435 2319 1605 2390 superbiam
1620 2321 1760 2374 nostram
1772 2318 1864 2389 depri-

138 2407 183 2467 Dc
197 2408 367 2476 sacrifieiis,
380 2410 600 2466 etlroloeaustr's
618 2415 647 2465 et
663 2407 871 2479 oblationibus,
885 2415 914 2464 et
925 2424 975 2466 eo-
1032 2408 1139 2464 mimus
1155 2412 1183 2463 et
1199 2409 1390 2478 cont-erimus,
1407 2408 1495 2464 toties
1519 2408 1580 2464 Deo
1595 2410 1714 2463 taurum
1735 2408 1863 2463 immola·

421 2516 486 2554 rum
498 2497 692 2553 differentiis
1031 2511 1108 2551 mus.
1128 2496 1224 2551 Vitulu
1240 2497 1389 2569 significat
1403 2496 1560 2552 luxuriam.
1578 2496 1664 2551 Unde
1678 2497 1712 2550 in
1727 2496 1805 2552 libro
1820 2496 1865 2550 Sa·

177 2587 393 2643 Animemcain
403 2587 540 2642 manibus
549 2586 850 2660 meisseurper(PsaI.
861 2587 973 2656 cxvnr).
1030 2584 1148 2656 pientiae
1156 2585 1191 2641 de
1201 2585 1364 2641 luxuriosis
1375 2585 1558 2641 etimmnndo
1570 2585 1744 2641 viventibus
1752 2585 1864 2640 dicitur.

142 2675 321 2749 Omnequed
332 2676 495 2748 pretiosum
510 2675 751 2746 babemus,quod
766 2675 863 2748 magis
878 2674 976 2747 diligi·
1006 2732 1009 2737 ,
1031 2673 1139 2745 Spurio
1165 2673 1334 2728 vitulamina
1353 2690 1410 2729 aen
1434 2674 1546 2730 dalrunt
1570 2674 1693 2730 radices
1708 2673 1799 2745 altas,
1817 2688 1866 2728 aec

143 2782 220 2837 mus,
235 2766 314 2837 qnod
325 2766 421 2839 magis
442 2766 575 2822 amittere
590 2764 838 2836 pertimescimus,
857 2780 977 2835 semper
1031 2762 1140 2817 stabile
1163 2762 1385 2818 tundamentum
1408 2761 1591 2819 collocabunt
1612 2762 1698 2835 (Sap.
1720 2764 1774 2833 rr).
1797 2764 1866 2817 Dum

141 2854 189 2913 vel
205 2848 356 2928 smpiusin
372 2855 509 2910 manibus
524 2854 680 2924 babemus,
695 2852 743 2909 vel
758 2870 820 2925 prm
839 2853 975 2909 manibus
1031 2866 1104 2923 ergo
1120 2854 1252 2906 nostram
1275 2851 1423 2906 luxurium
1443 2868 1497 2924 pre
1513 2853 1573 2907 Deo
1599 2867 1791 2922 coercemus,
1810 2851 1866 2906 Deo

141 2942 400 3001 habereselamus.
412 2943 651 3001 Nihilestautem
662 2942 741 3015 quod
752 2941 976 3000 hominidebeat
1032 2941 1119 3012 quasi
1133 2939 1257 2996 vitulum
1274 2940 1489 2997 sacrificamus.
1506 2940 1626 3009 Hireus,
1644 2940 1864 3012 eapra,baedns,

141 3047 211 3088 esse
226 3031 404 3089 chariusaut
418 3032 579 3105 pretiosius
593 3033 689 3089 anima
704 3048 768 3089 sua.
796 3032 872 3098 Quid
894 3031 973 3087 cuim
991 3029 1398 3115 cpeeeatavelpeceatorum
1410 3029 1611 3100 paenitentiam
1621 3030 1863 3103 solentugurare.

136 3121 261 3195 prodest
267 3121 380 3176 lromiai
384 3121 413 3176 si
421 3122 472 3176 uni
476 3137 593 3177 versum
611 3120 748 3176 mundum
763 3120 897 3176 lucretur
909 3120 973 3175 ani·
1032 3120 1152 3189 peecata
1166 3117 1222 3172 alia
1232 3118 1403 3185 criminalia,
1414 3119 1471 3172 alia
1481 3118 1617 3173 venialia.
1631 3118 1803 3175 Crimiualia
1812 3117 1862 3172 alia

138 3227 194 3265 mae
205 3224 343 3267 aerosum
352 3210 723 3281 detrimentumpatraturt
735 3208 795 3263 Aut
807 3224 973 3282 quameom·

138 3298 329 3354 mutationem
338 3297 673 3370 dabitbomeprcenima
688 3299 757 3352 saa?
767 3297 885 3367 (Mattlr.
897 3298 972 3367 xvr.)

137 3386 252 3441 Pellem
268 3396 341 3458 ergo
355 3403 411 3458 pre
434 3387 512 3459 pelle
534 3392 563 3442 et
584 3392 686 3442 cuneta
711 3386 874 3459 quoedabet
889 3387 973 3442 derue

138 3473 393 3546 dabitproanima
408 3489 460 3529 sua
471 3474 538 3544 (deb
554 3475 597 3545 u).
623 3475 694 3530 Inde
717 3477 773 3546 est,
791 3475 971 3548 charissimi,

138 3557 218 3635 quod
233 3561 390 3618 Psalmista
404 3566 527 3619 sauctus
543 3578 628 3619 suam
643 3564 770 3620 animum
789 3563 819 3620 in
834 3564 972 3619 manibus

139 3665 198 3706 nen
213 3667 304 3722 saepe,
323 3651 378 3707 sad
388 3666 508 3724 semper
522 3666 556 3707 se
570 3652 680 3708 habere
697 3652 779 3723 dixit,
796 3651 876 3708 velut
891 3651 972 3707 ohla-

138 3738 247 3795 tionem
262 3743 395 3796 sanctam
410 3741 530 3813 dignam
546 3742 607 3799 Dee
626 3741 763 3798 continue
779 3740 969 3812 offerendam,

137 3843 226 3901 quam
240 3828 336 3887 medis
353 3831 491 3887 omnibus
507 3830 668 3900 custodire,
681 3833 710 3886 et
720 3845 811 3903 super
819 3830 971 3891 Christum

137 3918 189 3990 qui
203 3921 249 3974 est
263 3919 354 3974 altare
371 3922 515 3986 nostrum,
533 3919 609 3990 patri
626 3918 744 3975 volebat
759 3918 859 3975 ollere.
876 3918 970 3991 Cujus

1032 3205 1155 3279 majora,
1172 3207 1228 3261 alie
1252 3207 1375 3263 minora.
1401 3207 1525 3279 Maiora,
1549 3210 1580 3263 ut
1599 3208 1806 3277 homicidium,
1819 3207 1858 3261 in·

1033 3299 1144 3364 cestus,
1156 3296 1342 3366 adulterium,
1354 3296 1559 3370 sacrilegium,
1571 3297 1695 3368 minora,
1709 3297 1855 3363 utturtum,

1032 3383 1208 3455 fornicati03
1225 3385 1360 3456 venialia,
1377 3389 1408 3441 ut
1423 3387 1515 3456 risus,
1527 3386 1571 3440 ira
1586 3386 1663 3441 levis
1684 3389 1714 3441 at
1730 3384 1857 3440 transito·

1032 3474 1085 3543 ria,
1102 3473 1226 3530 verbum
1241 3475 1399 3546 aliquande
1415 3475 1571 3530 ostiosum.
1582 3471 1857 3547 Hircumitequaci·

1032 3561 1248 3634 terimus,dum
1269 3564 1305 3619 de
1328 3563 1493 3636 maioribus
1519 3563 1714 3633 criminibus,
1741 3578 1856 3636 capram,

1032 3653 1100 3708 dum
1111 3652 1147 3707 de
1158 3652 1323 3708 mineribus
1336 3669 1344 3721 ς
1357 3652 1483 3723 boedum,
1496 3653 1565 3708 dum
1576 3652 1613 3708 de
1623 3652 1793 3709 venialibus
1802 3665 1858 3723 pac·

1032 3741 1106 3797 eatis
1120 3741 1308 3813 poenitemus.
1322 3741 1371 3796 Sic
1387 3742 1417 3798 in
1440 3741 1543 3811 ritulo,
1569 3744 1690 3814 propter
1714 3757 1798 3798 suam
1818 3741 1857 3794 ta·

1030 3830 1237 3901 neritudinem,
1253 3831 1322 3887 boni
1339 3831 1438 3902 operis
1461 3831 1699 3901 inchoationem
1716 3831 1748 3887 in
1763 3845 1853 3896 vacca,

1029 3919 1098 3991 quia
1113 3920 1143 3974 in
1158 3919 1255 3991 majus
1271 3920 1363 3975 robur
1378 3920 1519 3991 excrevit,
1536 3919 1673 3992 ejusdem
1683 3920 1785 3991 operis
1796 3933 1854 3991 per·

136 4006 271 4078 exemplo
287 4000 435 4063 informati
450 4012 570 4064 nostras
581 4008 725 4066 dabamus
735 4009 849 4064 animas
864 4008 894 4065 in
910 4024 970 4063 me·
1029 4003 1205 4079 tectionem,
1221 4008 1251 4063 in
1266 4009 1353 4079 bove,
1369 4013 1489 4081 propter
1499 4008 1567 4081 ejus
1575 4007 1740 4081 perlectam
1754 4008 1855 4064 tortitu-

136 4092 225 4147 nibus
240 4096 351 4165 tenere,
364 4110 474 4167 easque
489 4112 608 4167 semper
622 4097 682 4152 Dee
694 4096 864 4152 saerilleere
879 4100 907 4153 at
923 4097 969 4152 oi·
1029 4096 1136 4165 dinem,
1150 4097 1250 4169 operis
1265 4097 1336 4154 boni
1350 4098 1545 4171 intelligimus
1568 4096 1743 4169 perlectam,
1765 4113 1799 4153 ac
1811 4111 1854 4151 ro·

137 4179 225 4237 terre.
242 4180 426 4237 Sacrificium
440 4183 471 4238 in
487 4183 587 4238 Veteri
602 4184 789 4242 Testamenta
805 4185 968 4257 dicebatur,
1028 4186 1146 4242 bustam
1173 4187 1476 4256 consummationem,
1506 4187 1534 4242 iu
1558 4203 1613 4242 ovo
1635 4203 1767 4259 qnoque,
1795 4184 1856 4259 qnia

137 4270 255 4341 quande
272 4270 307 4326 dc
322 4270 499 4327 animalibus
513 4272 602 4328 llebut
617 4265 735 4329 oblatio.
747 4273 862 4330 Oblatio
873 4278 969 4330 autem
1027 4275 1174 4332 innocens
1189 4279 1235 4331 est
1249 4275 1367 4346 animal,
1379 4275 1573 4349 intelligimus
1583 4272 1856 4332 beneeacticaisia·

136 4352 260 4415 aliarum
266 4361 464 4432 quarumlibet
471 4363 970 4421 rerumvocabatur.Saer·ifieiornm
986 4360 1014 4424 D
1029 4365 1215 4435 nocentiam
1231 4365 1261 4419 in
1275 4380 1364 4437 agno,
1376 4365 1444 4436 quia
1456 4365 1485 4420 in
1495 4364 1641 4436 principio
1652 4365 1722 4418 vitre
1733 4362 1856 4419 mundis·

135 4448 404 4507 autemsccundum
416 4449 530 4506 Veteris
537 4451 716 4511 Testamenti
725 4453 969 4511 consuetudinem
1029 4453 1134 4508 simam
1150 4452 1239 4509 habet
1253 4453 1370 4524 pellem,
1387 4454 1487 4510 cordis
1503 4453 1697 4523 munditiam,
1713 4438 1856 4519 inerrate,

133 4539 189 4594 tria
203 4530 409 4612 'suntgenera
425 4537 491 4594 ntia
510 4539 590 4595 euim
612 4544 683 4597 sunl
705 4532 889 4613 holocausta,
913 4542 979 4598 alia'
1027 4541 1097 4614 quia
1127 4543 1187 4597 dux
1215 4544 1262 4597 est
1286 4542 1401 4615 gregis,
1423 4540 1576 4597 rationalis
1601 4541 1784 4612 intellectus,
1811 4554 1858 4613 per

134 4621 281 4698 simplicia
291 4623 454 4698 sacrificia,
471 4628 528 4685 clia
541 4623 674 4700 pacillca.
692 4629 907 4687 Holocaustum
921 4647 970 4686 vo·
1027 4646 1116 4703 quern
1127 4629 1286 4703 adjurante
1302 4630 1397 4702 gratia
1411 4630 1508 4686 omnia
1528 4633 1629 4687 nostra
1653 4631 1734 4688 bana
1757 4629 1858 4686 debent

135 4706 257 4771 sabatur
270 4708 351 4787 quod
364 4716 412 4773 rel
427 4732 466 4773 ex
480 4717 579 4775 debito
595 4718 642 4774 vel
658 4721 763 4790 sponte
779 4719 908 4775 oblatum
923 4722 970 4774 to·
1028 4721 1103 4794 regi,
1120 4720 1272 4777 robustam
1281 4719 1462 4790 accipiamus
1474 4719 1644 4791 potentiam.

133 4805 196 4859 tum
211 4802 433 4863 incendebatur.
450 4805 636 4865 Sacritleium
659 4800 787 4880 simplas
808 4808 971 4864 vocabatur
1063 4808 1252 4865 immolemus
1268 4808 1367 4882 igitur,
1385 4807 1503 4879 tratres,
1513 4808 1627 4865 animas
1638 4811 1762 4865 nostras
1778 4808 1856 4864 Deo:

135 4890 286 4963 quod,pro
302 4892 401 4950 debito
416 4894 610 4953 institutionis
626 4896 766 4968 oblatum,
782 4897 888 4969 partim
903 4914 970 4953 cre·
1027 4897 1058 4953 iu
1072 4900 1166 4966 tauro,
1183 4901 1314 4954 nostram
1329 4897 1497 4969 superbiam
1513 4900 1634 4969 prepter
1648 4897 1751 4969 ipsum
1765 4896 1859 4970 depri-

135 4974 280 5049 mebatur,
296 4980 402 5052 partim
416 4984 637 5041 reservabatur.
655 4986 780 5043 Pao'itlca
797 4986 971 5043 dicebantur
1028 4987 1153 5057 mend03
1168 4987 1199 5041 in
1214 4987 1314 5056 vitula,
1331 4989 1463 5041 nostram
1478 4987 1626 5042 luxuriam
1636 4985 1858 5056 coercendam

135 5083 202 5139 quae
217 5071 322 5139 sponte
338 5066 545 5143 efferebantur,
563 5074 689 5146 sireper
703 5074 870 5149 gratiarum
885 5077 972 5132 actio-
1029 5076 1229 5147 biremcapra,
1240 5074 1337 5141 haedo,
1350 5074 1549 5146 poeuitcutiam
1565 5076 1601 5132 de
1612 5075 1727 5131 uostris
1737 5074 1861 5149 peccam

135 5150 213 5227 uem,
229 5155 294 5212 sire
308 5168 361 5230 pre
383 5161 580 5232 precedentis
596 5164 656 5220 veti
671 5163 889 5236 adimpletione,
907 5165 972 5221 sive
1029 5164 1145 5237 agendo
1158 5165 1204 5235 ;in
1214 5164 1315 5234 ritulo,
1327 5164 1437 5219 bonum
1448 5164 1860 5243 opusiuchoando3inraeaa,

137 5258 190 5318 pro
200 5244 572 5320 voluntariaetspoutauea
584 5250 973 5309 devotione‘llelccaustum
1029 5252 1060 5308 in
1075 5269 1110 5310 eo
1126 5253 1307 5325 prolicienda
1320 5253 1463 5325 nabore,
1475 5253 1573 5325 ipsum
1583 5252 1716 5325 perlaeta
1725 5267 1860 5311 consum·

135 5332 293 5407 aliquando
309 5332 397 5393 'tiebat
411 5334 448 5392 de
462 5334 614 5409 armentis,
631 5338 789 5412 aliquando
804 5338 842 5398 'de
857 5343 973 5414 pecori·
1029 5341 1784 5414 mando.Possumusquoquedicerequodqumlibet
1794 5341 1860 5397 bos·

135 5421 204 5495 bns,
221 5424 379 5497 aliquando
390 5420 616 5484 de'rolatilib'us.
633 5426 973 5503 Oblatioaliquandelle·
1030 5433 1070 5487 lic
1085 5432 1224 5505 designat
1243 5432 1351 5487 bonam
1376 5424 1741 5488 conversationeml'ellis
1760 5429 1859 5487 hostia

136 5510 187 5565 bat
197 5508 912 5593 da‘simila,'quaedicebatursacrideiumerr'rdum,
922 5522 974 5577 ali·
1031 5510 1167 5594 eiusdem
1176 5520 1412 5576 conversationis
1424 5520 1629 5599 superficiem,
1640 5523 1730 5591 capnt
1739 5520 1858 5589 initium,

135 5596 971 5691 quaudodeclibano,aliquandodesertag'iae,aliquande
1032 5596 1858 5682 caudatinemintestinaoeeuttamrirtntem,ablatiobes·
