3796 6022
10 280 15 383 ἰ
45 268 77 332 ιι
418 268 474 329 uu
496 267 657 329 nnsrus
680 268 733 329 ur
753 267 865 329 neers
887 261 1028 330 nesus
1052 265 1179 331 ereren
1198 265 1391 333 naariae.
1725 228 1782 334 ιιι

10 424 13 497 Ξ
45 469 172 538 periores
185 469 212 523 si
224 466 344 535 fuerint,
357 468 497 537 parrulos
508 467 660 538 abjiciunt,
674 470 702 521 et
713 467 873 537 exponunt,
890 450 919 511 Α
935 461 1066 536 plerique
1083 470 1195 538 experti
1210 473 1279 522 sunt
1295 469 1330 523 de
1346 469 1435 523 boum
1451 470 1646 524 cadaveribus
1663 469 1765 540 nusei;

10 582 12 587 ·
46 561 69 612 et
82 557 294 628 deprehensos
309 558 466 627 abnegant.
483 556 558 626 ipsae
571 573 687 627 quoque
698 557 805 609 divites
821 570 877 607 ma·
935 572 1001 608 nam
1018 572 1069 624 pro
1086 557 1130 608 bis
1148 559 1294 626 creandis,
1307 559 1466 612 vitulorum
1478 559 1646 612 occisorum
1658 573 1766 612 earnes

46 652 112 713 treS,
126 662 163 700 ne
176 662 230 716 per
241 646 343 715 plures
354 644 727 715 patrimoniumdividatur,
740 658 877 713 proprios
934 645 1144 709 verberantur,
1175 650 1206 698 ut
1234 662 1270 699 ex
1299 647 1462 716 putrefacto
1493 664 1616 716 eruore,
1645 640 1767 702 vermes

10 792 12 799 ,
48 732 879 803 ueeantinuteroletuS,etparricidalibussuceisinipso

48 823 165 894 genitali
181 823 249 875 alvo
266 823 390 893 pignora
402 822 448 875 sui
464 823 576 875 ventris
588 823 774 891 extinguunt.
793 821 880 874 Prius

48 912 121 965 cuim
132 911 270 965 aufertur
285 912 344 963 rita
359 926 445 980 quam
461 912 601 964 tradatur.
618 911 691 973 Quis
708 909 807 963 cloeuit
823 910 881 962 nisi

49 1001 132 1055 bomo
158 1000 239 1053 filios
260 1000 422 1053 abdicare?
446 999 518 1064 Quis
537 999 612 1051 inter
627 1003 739 1051 naturae
754 997 882 1052 fraterna

50 1090 197 1144 consortia
212 1088 322 1141 iratres
343 1088 471 1157 impares
493 1088 562 1141 lecit
573 1089 587 1140 't
603 1087 698 1140 Unius
715 1087 814 1141 divitis
831 1087 882 1139 lilii

49 1178 175 1232 dirersae
185 1178 259 1230 sorti
272 1176 389 1229 cedunt.
401 1176 486 1253 allius
496 1177 586 1229 totius
596 1163 725 1244 paternae
738 1176 828 1229 sortis
840 1191 884 1228 as·

50 1264 245 1336 criptiouibus
256 1264 448 1334 jucundatur,
459 1264 535 1317 alius
546 1263 692 1332 opulentae
703 1263 883 1316 baereditatis

50 1358 177 1425 paterna)
194 1352 327 1423 deplorat
349 1355 506 1422 augustam
531 1357 618 1421 atque
641 1352 759 1421 inopem
774 1353 884 1421 portio-

51 1459 124 1497 nem.
146 1442 288 1512 Nuuquid
312 1445 415 1494 natura
437 1441 540 1494 dividit
562 1442 665 1494 merita
681 1442 832 1494 tiliorum?
849 1457 885 1494 ex

52 1532 111 1602 pari
130 1532 235 1585 tribuit
257 1531 395 1584 omnibus
418 1531 494 1583 uude
517 1534 545 1583 et
567 1530 708 1583 nascendi
724 1533 753 1582 et
766 1530 885 1582 vivendi

52 1620 167 1693 possint
184 1620 293 1674 babere
309 1620 515 1673 substantiam.
538 1620 604 1688 lpsa
620 1635 684 1687 roe,
702 1634 718 1671 a
736 1624 883 1687 parentes,

934 737 1089 800 creentur,
1122 735 1171 804 qui
1200 740 1303 803 postea
1332 735 1501 789 ettieiuntur
1529 752 1610 805 apes.
1641 736 1765 806 Proprie

932 825 1029 875 tamen
1045 838 1116 890 apes
1133 825 1204 875 ortae
1222 824 1359 895 dicuntur
1375 824 1410 877 de
1426 824 1532 890 bobus,
1550 825 1628 877 sieut
1643 824 1764 879 crabro·

933 926 987 963 nes
1004 911 1038 963 de
1056 911 1151 980 eqrris,
1170 911 1228 964 luci
1245 911 1280 964 de
1297 913 1395 979 naulis,
1408 928 1510 981 vespm
1523 912 1558 965 de
1574 912 1679 973 asinis.
1698 911 1770 967 Cas-

933 1004 977 1052 tro
1001 998 1161 1070 [tlastorasl
1185 1000 1281 1053 ‹ju-ari
1306 1001 1466 1069 appellant,
1497 1001 1545 1070 qui
1572 1001 1600 1053 in
1627 1003 1769 1056 extremis

935 1087 1069 1140 favorum
1091 1088 1224 1156 partibus
1251 1087 1382 1158 majores
1405 1093 1551 1155 creantur,
1578 1105 1653 1159 quos
1677 1089 1769 1160 aliqui

935 1191 1024 1245 reges
1045 1179 1145 1244 putant
1170 1177 1243 1246 dici,
1268 1193 1302 1231 eo
1329 1177 1407 1246 quod
1433 1168 1529 1235 eastra
1553 1177 1671 1230 ducunt.
1690 1177 1769 1232 Salae
1808 1223 1811 1229 .

934 1280 1006 1334 apes
1022 1265 1052 1317 in
1068 1264 1146 1316 ouini
1163 1279 1272 1334 genere
1288 1265 1478 1318 animantium
1491 1281 1648 1325 commune,
1662 1267 1690 1320 in
1706 1282 1770 1321 om-

936 1354 1024 1407 nibus
1041 1353 1175 1406 sobolem
1192 1352 1310 1421 habeut,
1328 1369 1415 1406 unam
1427 1340 1530 1407 omues
1542 1355 1673 1408 incolunt
1684 1371 1769 1409 man·

937 1444 1061 1509 sionem,
1086 1441 1173 1493 unius
1198 1442 1299 1509 patriae
1323 1442 1499 1494 clauduntur
1522 1442 1630 1496 lumine
1652 1443 1770 1512 domuS,

938 1530 1770 1602 eomnrunisesterunibus,labor,eibuS,operati0,usu8,

939 1620 1053 1673 tructus
1070 1624 1097 1672 et
1113 1619 1238 1671 volatus.
1254 1617 1328 1681 Quid
1343 1619 1452 1687 plura‘.>
1469 1635 1535 1673 eum
1551 1621 1717 1675 eommunis
1733 1621 1773 1676 sit

54 1707 886 1777 doeetnundiscernerepatrimonio‚questitulogcrmaui
943 1708 1079 1762 erunibus
1097 1707 1257 1778 generatio,
1276 1707 1429 1777 integritas
1442 1723 1559 1778 quoque
1572 1700 1772 1779 eorporisvie·

55 1800 118 1852 tatis
134 1797 274 1868 aequavit.
292 1797 407 1851 Etenim
423 1797 531 1866 quibus
549 1797 673 1849 dedistis
692 1797 886 1850 eommuniter
903 1765 928 1826 Β
946 1798 1053 1868 ginalis
1066 1796 1202 1849 omnibus
1214 1798 1259 1848 est
1270 1797 1444 1864 communie,
1458 1801 1615 1865 etpartus:
1633 1796 1773 1869 quoniam

56 1902 118 1940 esse
134 1887 213 1956 quod
231 1886 290 1938 uati
302 1890 380 1954 srrnt,
394 1887 437 1939 eis
449 1902 507 1937 uon
523 1886 637 1938 debetis
655 1885 797 1954 inridere,
815 1887 885 1956 quin
944 1904 998 1941 nee
1010 1887 1085 1939 inter
1096 1901 1127 1936 se
1144 1884 1203 1938 ulle
1218 1884 1376 1938 concubitu
1392 1885 1564 1960 miscentur,
1583 1901 1637 1939 nee
1653 1886 1773 1942 libidine

57 1976 248 2029 communiter
268 1979 380 2029 sertem
402 1975 534 2028 eamdem
561 1975 636 2028 inter
659 1991 691 2027 se
713 1977 884 2042 sortiantur,
942 1977 1106 2040 solvuntur,
1121 1990 1174 2024 uec
1192 1977 1292 2041 partus
1311 1973 1479 2043 qtratiuutur
1497 1974 1649 2028 doloribus
1661 1976 1775 2030 sedeu-

58 2068 82 2119 et
95 2064 234 2118 babeant.
685 2075 690 2084 ·
939 2065 999 2117 bito
1021 2055 1178 2115 nranimum
1196 2062 1321 2114 liliorum
1338 2077 1461 2114 examen
1477 2062 1625 2128 emittunt,
1648 2064 1676 2115 et
1691 2061 1772 2119 foliis

87 2155 131 2208 De
146 2153 281 2207 eelruuba
302 2153 369 2206 ride
383 2150 396 2204 I
402 2151 436 2205 b.
455 2169 473 2218 r,
492 2167 553 2222 erp.
575 2152 600 2217 l,
618 2152 646 2211 ι),
666 2154 696 2204 tl.
939 2157 1025 2222 atque
1035 2151 1136 2204 berbis
1147 2165 1196 2202 are
1207 2165 1261 2202 suo
1272 2149 1404 2219 legentes
1414 2151 1526 2218 prolem
1536 2150 1593 2203 sibi
1604 2155 1770 2218 proereant.

11 2262 13 2267 ·
89 2242 134 2297 De
152 2249 281 2308 turture,
299 2241 342 2295 lib
357 2261 376 2310 r,
394 2259 455 2313 rap.
472 2242 523 2305 et),
542 2242 594 2305 23,
613 2242 653 2294 :2l
673 2248 701 2295 et
717 2243 769 2295 25.
939 2242 1015 2311 ipsae
1031 2240 1089 2292 sibi
1105 2254 1206 2308 regem
1223 2238 1331 2290 tactum
1348 2243 1372 2290 et
1390 2238 1534 2292 ordinant.
1554 2238 1629 2308 lpsee
1644 2239 1771 2310 populos

87 2333 132 2386 De
146 2331 320 2395 birundiue,
338 2331 391 2384 lib.
410 2348 440 2396 u,
458 2348 519 2401 rap.
536 2331 589 2384 tl.
941 2332 1049 2383 creant.
1068 2328 1102 2381 m
1115 2327 1183 2380 lieet
1199 2327 1303 2396 positae
1320 2327 1376 2380 sub
1400 2343 1470 2398 rege
1495 2329 1566 2396 siut,
1591 2331 1661 2381 sunt
1674 2331 1773 2384 temen

88 2422 132 2475 De
148 2419 302 2473 eaturuiee
318 2436 371 2472 seu
387 2418 498 2490 qrrulea,
516 2419 569 2473 lib.
588 2436 606 2486 r,
625 2436 686 2489 cap.
704 2419 755 2472 51.
941 2420 1052 2473 liberm.
1065 2417 1139 2470 Nam
1151 2419 1179 2469 et
1189 2415 1415 2486 preerogativam
1428 2403 1537 2484 judicis
1549 2418 1664 2485 tenent,
1676 2418 1705 2470 et
1716 2416 1774 2472 ilde

91 2510 135 2564 De
146 2524 274 2581 parone,
292 2507 345 2561 lib.
362 2524 381 2574 1,
399 2503 464 2577 eap'
479 2509 531 2561 55.
941 2506 1107 2562 deuotionis
1119 2503 1265 2574 allectum,
1278 2505 1345 2574 quia
1357 2519 1458 2574 regem
1469 2508 1606 2575 tanquam
1622 2522 1638 2559 ιι
1653 2520 1686 2561 se
1702 2506 1775 2561 sub·

91 2598 134 2652 De
150 2611 254 2668 upupa,
270 2595 324 2650 lib.
340 2612 360 2663 1,
378 2612 440 2666 cap.
459 2597 510 2649 522.
941 2599 1074 2651 stitutum
1091 2595 1231 2665 diligunt,
1252 2597 1280 2647 et
1296 2596 1354 2646 toto
1375 2593 1518 2646 honorant
1540 2595 1686 2650 examine.
1709 2596 1776 2651 ilex

10 2682 15 2767 j
90 2684 239 2757 Depelle,
258 2684 310 2739 lio.
328 2701 347 2752 1,
365 2702 426 2755 rap.
445 2687 497 2738 ud.
941 2691 1039 2739 autem
1055 2701 1113 2736 nou
1130 2688 1209 2736 sorte
1221 2682 1347 2749 ducitur,
1360 2682 1428 2752 quia
1439 2682 1468 2735 in
1480 2686 1559 2736 sorte
1575 2688 1700 2739 eventus
1716 2688 1773 2755 est,

281 2773 341 2828 Car
357 2774 496 2827 xxut't.
513 2774 556 2829 De
572 2781 668 2828 arrate.
941 2792 1000 2829 uon
1013 2774 1169 2845 judicium,
1186 2775 1213 2825 et
1228 2786 1309 2841 saepe
1323 2771 1516 2824 irrationabili
1528 2787 1601 2827 casu
1618 2773 1709 2828 sortis
1724 2789 1776 2829 ne·

93 2864 173 2919 Anas
188 2864 226 2917 ab
243 2863 418 2917 assiduitate
433 2864 551 2916 natandi
565 2867 665 2933 aptum
680 2879 787 2918 nomen
803 2880 891 2918 aece-
943 2863 1069 2918 lioribus
1081 2862 1208 2915 deterior
1222 2860 1388 2930 preet'ertur.
1407 2861 1520 2929 Apibus
1534 2867 1631 2916 autem
1645 2879 1709 2933 rex,
1726 2879 1777 2918 na·

62 2956 108 3024 pit.
126 2954 169 3007 Ex
182 2970 240 3024 quo
252 2968 362 3023 genere
374 2952 842 3022 (guardamdicuuturtiernmuim,
855 2969 890 3008 eo
943 2959 1018 3007 turae
1039 2952 1127 3005 elaris
1147 2950 1290 3004 lorruntur
1311 2948 1497 3020 insignibus,
1522 2956 1552 3005 ut
1575 2953 1777 3024 magnitudine

63 3044 214 3114 quodplus
227 3042 344 3095 caeteris
356 3042 494 3094 uutriaui.
508 3043 618 3095 Anates
634 3043 760 3111 pontica·
776 3058 889 3096 venena
906 3079 932 3139 C
948 3042 1082 3111 eorporis
1103 3044 1131 3093 et
1150 3041 1265 3108 speeie,
1290 3040 1428 3109 quodque
1451 3042 1480 3094 in
1502 3056 1574 3111 rege
1596 3041 1779 3111 praeeipuum

63 3133 201 3200 victitant,
217 3131 343 3201 ideoque
360 3131 427 3183 cibo
443 3130 570 3184 lruurauo
582 3137 656 3199 aptae
669 3134 817 3186 uousunt.
835 3133 891 3185 Pu·
950 3134 1008 3199 est,
1030 3145 1145 3183 morum
1168 3128 1401 3181 mansuetudine.
1427 3129 1500 3181 Nam
1521 3129 1576 3182 etsi
1599 3129 1687 3184 babet
1705 3147 1778 3185 acu·

64 3223 231 3276 taturetiam
243 3220 423 3273 anasanseri
436 3219 556 3272 dedisse
568 3236 684 3292 noruen,
698 3221 776 3290 quod
788 3225 815 3274 et
827 3221 891 3291 ipsa
949 3222 1036 3288 leum,
1054 3234 1112 3271 non
1131 3221 1227 3270 tamen
1247 3217 1337 3270 utitur
1357 3233 1392 3270 eo
1412 3218 1448 3270 ad
1466 3217 1693 3288 rinrlieaudum3
1709 3223 1780 3275 sunt

11 3336 14 3343 ·
65 3328 125 3365 rum
136 3313 166 3365 in
178 3310 267 3363 terris
276 3308 486 3362 viratassiduo
496 3312 583 3377 notet,
595 3309 648 3361 sed
660 3310 694 3362 de
705 3326 810 3364 ansere
823 3311 892 3365 alibi

34 3396 41 3412 ⁹
65 3401 200 3454 diximus,

148 3490 219 3544 Cur.
238 3488 390 3541 xxxin.
412 3488 455 3541 lle
473 3488 537 3541 oris
554 3493 583 3541 et
599 3502 638 3540 er
653 3487 698 3540 eis
714 3489 802 3542 nutis.

95 3581 233 3633 Omnium
242 3593 352 3648 genera
362 3577 516 3630 voluerum
527 3578 573 3630 bis
582 3561 755 3631 naseuntur.
766 3579 895 3631 l'riruum

66 3669 142 3722 enim
151 3683 208 3721 ora
219 3667 383 3737 gignuntur
394 3669 421 3719 et
433 3666 595 3734 pariuntur,
608 3668 674 3718 irate
687 3668 784 3721 calore
797 3683 898 3737 eorpo-

66 3760 104 3812 ris
127 3757 254 3812 materni
277 3756 441 3808 lorruautur
462 3760 491 3808 et
515 3757 690 3824 animantur,
717 3757 777 3809 Ora
800 3760 897 3810 autem

66 3847 138 3902 dieta
152 3847 189 3900 ab
206 3861 242 3899 eo
263 3845 341 3914 quod
364 3845 424 3898 sint
449 3845 546 3898 tavida.
573 3845 655 3898 l'ude
678 3848 705 3897 et
726 3862 791 3912 ura,
810 3847 845 3898 ab
862 3861 896 3904 eo

65 3936 140 4008 quod
155 3934 338 3988 intrinsecus
354 3934 393 3985 sit
410 3933 494 4002 plena
507 3934 640 3986 burnore.
655 3933 728 3985 Nam
745 3934 897 3987 bumidum

65 4026 199 4096 estquod
210 4024 399 4077 extrinsecus
415 4023 566 4075 bumoreur
578 4022 674 4089 lmbrt,
689 4023 808 4075 uvidum
819 4025 897 4093 «pared

65 4116 198 4168 interius.
211 4112 335 4176 Quidam
347 4116 443 4165 auteur
455 4116 554 4180 putant
566 4128 630 4164 ora.
644 4113 777 4165 limaeam
788 4113 896 4167 babere

66 4203 211 4275 originem
222 4203 362 4270 neminis,
375 4201 417 4254 illi
426 4201 503 4253 enim
515 4201 615 4254 dicunt
628 4200 659 4265 ὠ,
675 4201 739 4253 etin
752 4202 897 4273 singulari

67 4294 123 4363 ὑὸν,
135 4310 205 4362 οοιι,
219 4309 236 4345 ι’
250 4292 345 4345 littera
361 4290 465 4343 ablata.
481 4295 542 4343 (tra
558 4295 654 4344 autem
669 4292 804 4360 (perreriam
818 4293 897 4344 inani

947 3310 1025 3363 enim
1034 3308 1229 3378 legisnaturae
1239 3306 1425 3375 nonscriptee
1435 3307 1612 3372 litteriS,sed
1622 3309 1779 3380 impressae

945 3398 1127 3464 uror·ibuS,ut
1138 3396 1265 3449 leuiores
1275 3395 1377 3447 sintad
1388 3395 1567 3464 prrnieudum
1577 3399 1625 3468 qui
1635 3401 1781 3469 potestate

945 3485 1221 3558 potiunturnmjori.
1235 3484 1292 3537 Sed
1309 3488 1336 3537 et
1347 3499 1418 3553 apes
1435 3500 1501 3555 quae
1517 3502 1576 3540 nau
1593 3488 1780 3560 obtempera-

946 3580 1050 3631 verunt
1063 3576 1181 3645 legibus
1194 3574 1284 3644 regie,
1298 3574 1477 3642 penitentiae
1493 3577 1735 3632 condemnatione
1748 3596 1781 3634 se

948 3667 1083 3736 multant,
1107 3667 1145 3716 ita
1167 3667 1198 3716 ut
1221 3663 1424 3717 immoriantur
1446 3666 1558 3717 acculei
1581 3667 1628 3718 sui
1647 3666 1781 3724 vulnere.

949 3756 1029 3819 Quod
1047 3755 1204 3808 Persarum
1220 3754 1317 3824 papuli
1335 3754 1363 3806 in
1375 3769 1408 3806 se
1419 3754 1556 3807 dicuntur
1568 3756 1738 3826 observare,
1751 3761 1784 3813 ut

951 3862 1003 3914 pro
1015 3843 1167 3896 eorrnuissi
1179 3843 1272 3912 pretio
1284 3859 1337 3896 seu
1349 3843 1550 3913 magnitudine
1565 3844 1620 3914 ipsi
1633 3846 1662 3899 iu
1674 3862 1707 3900 se
1718 3862 1784 3916 pro-

950 3934 1021 4002 prbr
1038 3933 1140 3985 mortis
1161 3936 1362 4001 exsequantur
1381 3932 1566 3986 senteutiam.
1591 3933 1690 4005 ltaque
1710 3935 1784 3991 nulli

950 4039 1061 4092 regem.
1072 4039 1125 4075 nee
1136 4022 1236 4074 Persae
1248 4022 1297 4091 qui
1310 4021 1505 4091 gravissimas
1518 4022 1624 4076 lmbeut
1636 4026 1665 4079 in
1677 4025 1784 4080 subdi-

951 4117 997 4166 tos
1007 4113 1100 4182 leges,
1112 4127 1165 4164 nee
1176 4111 1248 4178 ludi,
1260 4127 1313 4163 nee
1324 4112 1428 4178 dudan,
1440 4128 1494 4191 nee
1504 4112 1683 4170 Saruoruata
1695 4120 1783 4188 tauta,

953 4207 1059 4273 rprrrrntu
1085 4216 1155 4270 apes
1180 4200 1343 4254 reverentia
1367 4201 1533 4254 devotionis
1557 4204 1730 4273 observant,
1753 4209 1786 4261 ut

954 4293 1042 4345 uulbe
1055 4291 1222 4351 edomibus
1234 4291 1314 4343 exire
1326 4291 1460 4358 audeant,
1474 4308 1528 4345 uec
1542 4294 1571 4345 in
1587 4294 1703 4364 aliquos
1719 4311 1786 4366 pre-

67 4391 153 4443 rento
168 4383 386 4452 concipiuntur,
408 4380 459 4433 sed
481 4396 540 4432 nou
561 4385 630 4432 suut
653 4383 822 4450 generativa
839 4384 897 4435 nisi
912 4348 937 4407 D
955 4383 1059 4435 redere
1069 4383 1182 4449 pastus,
1195 4374 1252 4430 nisi
1262 4395 1313 4432 rex
1322 4381 1403 4448 prius
1414 4382 1700 4452 egressussuerit,et
1710 4385 1788 4439 rola-

68 4495 132 4548 qure
144 4474 254 4528 tuerint
264 4471 424 4525 concubitu
439 4471 602 4523 ruasruliuo
618 4474 758 4539 conrepta
771 4474 795 4524 et
810 4473 897 4523 serui·
956 4475 1002 4524 tus
1018 4471 1075 4523 sibi
1091 4468 1498 4537 vindicaveritprincipatum.
1514 4472 1678 4526 l‘roeessus
1690 4477 1786 4530 autem

68 4566 123 4621 nali
134 4562 241 4634 spiritu
253 4563 413 4631 penetrata.
426 4560 555 4622 Quorum
568 4559 626 4610 rim
638 4562 743 4610 truttam
757 4560 856 4612 alieunt
868 4564 899 4613 ut
956 4565 999 4614 est
1010 4576 1062 4628 per
1071 4576 1138 4612 rura
1151 4557 1311 4611 redolentia
1323 4557 1372 4609 ubi
1385 4557 1549 4611 inhalantes
1562 4560 1684 4615 floribus
1696 4562 1785 4634 berti,

69 4656 180 4726 lignum
195 4652 351 4722 pertusum
365 4650 409 4702 eis
424 4664 482 4701 nou
497 4648 607 4714 ardeat,
625 4665 657 4699 ar
675 4663 710 4699 ue
728 4649 824 4732 restis
836 4649 901 4718 ιμιί-
956 4647 1785 4718 ulusugieusruuspergi-auitae1=alote11tia,uhiamoe-

70 4746 135 4799 dem
150 4743 299 4797 contracta
315 4739 463 4805 aduratur,
477 4737 600 4790 arlruista
613 4753 729 4807 qrroque
742 4738 821 4789 ealce
833 4739 901 4808 glu-
954 4756 989 4791 ua
1002 4739 1141 4806 riparum.
1156 4737 1216 4789 lllie
1228 4736 1433 4788 bulusalaeris
1446 4735 1621 4808 ¹jurentutiS,
1634 4740 1694 4793 illie
1706 4757 1787 4797 eum-

71 4835 162 4887 tiuare
179 4832 273 4886 fertur
289 4828 356 4881 ritri
371 4827 544 4897 fragmenta.
631 4865 636 4874 .
740 4887 743 4893 Ι

262 4918 332 4971 (Lar.
349 4916 515 4969 xxxvtll.
534 4916 577 4967 lle
594 4915 709 4985 apibus.

105 5015 186 5081 Apes
202 5010 287 5062 dietae
303 5006 350 5060 rel
365 5005 442 5075 quod
459 5004 584 5073 pedibus
602 5020 634 5056 se
646 5005 777 5074 alligant,
791 5005 837 5058 vel
849 5021 902 5075 pro

71 5101 194 5171 eoquod
207 5096 409 5166 sinepedibus
425 5095 597 5147 naseuntur.
611 5093 685 5145 Nam
697 5100 798 5162 postea
810 5099 837 5147 et
853 5112 903 5163 pe-

71 5191 122 5244 des
139 5192 167 5243 et
183 5203 297 5258 pennas
312 5184 469 5253 aeeipiuut.
483 5182 536 5236 Ibe
552 5182 679 5235 solertes
696 5184 725 5236 in
743 5184 903 5253 generandi

71 5279 167 5334 mellis
184 5277 283 5331 alticio
299 5275 469 5343 assignatas
486 5272 619 5326 iueeluut
635 5272 739 5336 sedes
758 5272 905 5326 domicilia

70 5366 261 5424 inenarrabili
276 5367 339 5418 arte
358 5367 550 5432 componunt,
574 5365 602 5417 et
622 5378 658 5416 ex
675 5363 765 5416 variis
781 5362 905 5416 litoribus

10 5466 16 5487 ¹
71 5459 172 5515 tarum
197 5455 342 5523 condunt,
368 5453 515 5522 textisque
540 5452 618 5507 ceris
644 5452 798 5507 innumera
823 5454 905 5523 prole

13 5566 16 5577 ·
73 5552 170 5608 casua
185 5544 310 5619 repleat,
327 5542 492 5600 exereitum
511 5544 540 5598 et
559 5557 648 5614 reges
668 5541 787 5612 hahent,
804 5542 906 5615 prelia

74 5634 597 5717 tuerent,tumu1utugiunt,tumultu
608 5637 831 5710 exasperantur.
845 5635 906 5695 llas

955 4831 1053 4896 peslre
1070 4825 1253 4893 exercitium,
1271 4824 1330 4876 illie
1345 4840 1482 4876 curarum
1493 4827 1641 4898 remissio,
1655 4846 1730 4901 opus
1742 4832 1788 4903 ip·

955 4933 1021 4969 sum
1031 4932 1122 4968 suave
1133 4915 1168 4967 de
1178 4914 1300 4966 floribus
1311 4916 1337 4966 et
1347 4912 1484 4966 dulcibus
1495 4914 1607 4984 berbis,
1619 4917 1790 4976 fundamen·

954 5009 981 5058 ta
999 4992 1164 5057 castrorum
1181 5003 1273 5070 prbua
1289 5006 1448 5071 ponuntur.
1466 5002 1540 5067 Quid
1556 5006 1634 5059 euim
1649 5008 1727 5063 aliud
1743 5014 1791 5066 est

955 5093 1041 5146 sarus
1058 5093 1116 5144 nisi
1129 5095 1293 5143 castrorum
1304 5093 1438 5162 qrreedam
1450 5094 1567 5163 speeies
1579 5097 1593 5148 ⁶?
1608 5096 1741 5169 Denique
1752 5099 1790 5155 ab

956 5181 1793 5260 bispraesepibusapurulucusar·eetur·.Quaeeastraqua·

957 5272 1038 5324 drata
1053 5274 1164 5324 tantiam
1179 5261 1305 5339 possunt
1322 5271 1430 5324 babere
1442 5272 1513 5325 artis
1525 5277 1552 5326 et
1564 5275 1677 5346 gratiae,
1695 5292 1792 5348 quan·

957 5366 1018 5415 tum
1043 5360 1151 5414 babent
1176 5363 1271 5412 crates
1297 5359 1430 5413 sevorum
1447 5363 1460 5414 ι)
1483 5361 1511 5414 ιιι
1537 5364 1646 5433 quibus
1671 5366 1791 5422 minutoe

957 5456 1044 5522 atque
1057 5448 1190 5504 rotundae
1203 5449 1317 5503 eellulae
1327 5448 1536 5520 eonjunetione
1545 5453 1593 5508 sui
1602 5454 1729 5509 invicem
1739 5450 1794 5510 rut·

959 5542 1085 5617 ciuntur.
1105 5538 1178 5607 Quis
1193 5538 1373 5595 architectus
1390 5553 1441 5594 eas
1457 5539 1557 5597 docuit
1571 5541 1728 5616 hexagona
1742 5529 1792 5599 illc

960 5630 1131 5690 cellularum
1151 5630 1181 5689 in
1201 5629 1329 5688 discrete
1344 5628 1468 5690 laterum
1488 5631 1658 5709 aequalitate
1671 5645 1802 5707 eemun-
