3796 6022
522 261 832 326 6666111661.
851 299 888 309 -
905 262 985 326 ms.
1002 263 1062 344 iv,

1578 262 1648 328 „718

76 461 278 526 Quomodoad
301 462 393 516 Deum
416 462 551 528 redeant,
576 463 748 534 compuncti,
767 483 796 543 Α
812 477 878 516 6661
893 463 1005 517 Thema
1021 463 1118 517 locum
1133 461 1286 517 inveniunt
1300 463 1331 516 in
1345 461 1520 516 vulneribus
1535 463 1564 516 61
1574 462 1648 522 llxu-‚

64 552 199 620 mendici,
216 552 317 605 devoti
333 557 362 605 et
376 551 608 622 contemplativi.

64 640 212 708 ficatores,
226 641 326 693 redite
336 641 373 694 acl
382 639 535 710 cortl’sal.
547 640 754 712 muntenn-

64 729 162 797 tndici,
174 729 271 783 devoti
281 729 498 797 contemplativi
507 733 660 784 vocantur.
670 731 755 783 Cern-

64 818 229 873 ¹oeumbunt
244 818 280 870 ad
296 818 387 887 pedes
397 819 528 888 rigantes
538 834 590 873 eos
601 819 754 888 lacrymis,

64 909 188 961 66116616
198 908 373 960 clamantes:
392 906 458 960 Tibi
466 906 566 978 solpec
576 924 609 961 ca
622 907 649 960 vi
659 907 755 977 (Psal.

64 995 128 1049 'tius
140 1001 204 1049 esto
217 995 292 1046 mibi
302 995 544 1064 praemollibus
557 997 618 1065 vn).
632 996 680 1064 lli,
691 1012 757 1050 eum

64 1088 125 1138 stra
143 1083 315 1155 llagdaleue
332 1085 758 1152 61616666116166116161666

64 1173 167 1229 >veluti
176 1173 311 1226 audiunt:
325 1173 759 1245 11111116666661661166666616

64 1262 124 1331 rid.)
141 1263 195 1315 His
217 1262 333 1315 redimit
363 1262 483 1315 humilis
508 1263 671 1316 satisfactio
692 1278 758 1333 quae

64 1367 68 1405 ι
84 1351 212 1422 66661116
224 1352 439 1421 transgressio,
453 1355 480 1405 et
495 1353 759 1422 experitursuper-

64 1439 148 1493 611616
158 1441 352 1494 clementiam.
366 1441 573 1494 Damnoniuma
585 1443 759 1510 compuncto

64 1529 252 1600 1161666161,
267 1528 761 1600 iuquit,diabolusantepcdcsejus

64 1621 114 1689 ui).
133 1617 170 1671 ut
180 1619 214 1671 ad
224 1619 316 1687 pedes
332 1620 401 1671 liant
417 1619 760 1688 616116111166166,616-

64 1706 175 1762 eeredes
192 1708 301 1760 terreni
319 1708 467 1761 coelestes.
492 1709 537 1762 Ad
553 1723 759 1761 6166666666-

65 1797 153 1866 ndici,
178 1797 238 1866 qui,
262 1796 329 1849 licct
354 1796 390 1849 (16
414 1799 544 1866 66666116
565 1799 681 1850 1661661
700 1797 760 1849 61111

810 551 854 604 116
869 552 1031 607 clavorum.
1044 552 1155 606 Divites
1167 552 1250 606 lluxu
1263 551 1421 622 sanguinis
1432 549 1601 606 laborantes
1612 551 1649 605 ad

810 640 956 694 fimbriam
980 641 1115 695 sanitatis
1130 639 1265 711 gratiam.
1282 639 1332 693 Sic
1346 638 1484 692 Christus
1499 638 1588 694 homo
1603 638 1649 692 la-

810 732 876 782 ctus
892 744 944 798 616
956 729 1044 783 nobis
1054 732 1111 782 stat
1121 729 1151 780 in
1163 727 1258 781 medie
1266 725 1420 795 Ecclesiae,
1428 730 1550 795 paratus
1561 727 1651 781 omni-

810 815 868 870 bus
885 815 1056 870 subvenire.
1066 816 1251 869 Accedamus
1267 830 1340 886 ergo
1357 814 1470 867 adeum
1484 830 1522 868 ne
1537 815 1651 870 dicatur

811 905 912 960 nobis:
925 905 1046 959 titedius
1060 910 1188 959 vestrum
1199 909 1259 959 stat
1271 920 1354 975 quem
1365 903 1648 974 vosnescitisttoan.

812 996 847 1061 1).
862 994 958 1048 ludaei
981 1009 1049 1047 eum
1071 994 1207 1047 viderunt
1221 994 1251 1047 in
1272 1008 1359 1064 quem
1374 1008 1434 1046 non
1450 992 1649 1048 erediderunt.

813 1084 876 1138 Nos
892 1083 990 1153 ipsum
1001 1083 1058 1136 lide
1074 1087 1213 1152 operante
1223 1098 1277 1152 per
1287 1082 1475 1137 dilectionem
1484 1082 1649 1152 videamus,

813 1188 850 1226 ne
867 1174 1019 1226 sedentem
1034 1171 1192 1242 aliquando
1207 1173 1372 1225 timeamus.
1385 1171 1500 1226 Sedens
1515 1171 1651 1243 animin-

814 1262 933 1315 dieabit.
952 1261 1036 1315 Unde
1054 1263 1154 1314 tlrroni
1161 1260 1253 1331 positi
1269 1265 1338 1313 sunt
1354 1266 1383 1314 et
1396 1260 1471 1314 libri
1490 1261 1605 1331 aperti:
1622 1266 1651 1314 et

814 1351 964 1422 Antiquus
979 1350 1194 1405 dierumsertit.
1204 1349 1571 1420 Pr·acoccupeinuse1·gein
1585 1364 1652 1404 con-

815 1440 950 1494 t'essioce
959 1437 1169 1508 taciemtlbal.
1178 1438 1653 1507 xuiv),judicuturi,nosmetipsos

813 1526 994 1600 judicantes.
1013 1527 1049 1581 Si
1066 1528 1153 1592 enim,
1169 1525 1255 1596 juxta
1268 1527 1454 1596 Apostolum,
1473 1525 1655 1597 6661611166-

820 1600 961 1683 verumne,
980 1632 1037 1671 nou
1054 1616 1363 1686 utiquejurticabirunr
1378 1617 1402 1686 tl
1412 1615 1542 1686 Gelani).

819 1706 880 1760 Tru.
891 1706 1020 1759 11111116
1029 1705 1127 1759 6111616
1134 1706 1243 1775 Moysi,
1252 1705 1283 1758 id
1293 1711 1338 1759 cst
1346 1705 1545 1776 legistatoris·
1553 1704 1656 1759 Aaron

855 1797 948 1850 idest
973 1795 1151 1864 sacerdotis,
1169 1800 1198 1848 et
1221 1794 1379 1864 Sarrastis,
1395 1795 1428 1848 td
1444 1801 1490 1848 est
1500 1794 1656 1866 6166116166

64 1887 176 1940 enliunt
186 1890 284 1938 tamen
300 1901 332 1938 se
351 1887 528 1954 impotentes
552 1887 589 1938 ad
605 1885 759 1939 continen-
776 1856 801 1916 Β
853 1885 1030 1956 applicando
1044 1885 1205 1937 urouuebis.

64 1990 125 2029 1666
137 1975 329 2043 operandum,
343 1978 371 2028 et
381 1975 447 2028 ideo
458 1979 561 2044 petunt
571 1981 599 2029 et
614 1976 762 2044 accipiunt

75 2063 150 2117 llcce
176 2063 305 2116 ostendit
320 2064 367 2116 cui
392 2080 408 2117 a
433 2080 504 2135 rege
520 2065 652 2135 benigno
672 2080 761 2117 aurea

64 2155 187 2206 manns
203 2152 721 2224 61“6166(11161(11’611161·.6111166116
734 2160 762 2206 tu

66 2259 129 2296 uam
146 2248 175 2296 ct
201 2243 306 2312 imples
329 2242 763 2297 61666661616111666111611666

64 2344 142 2400 miv).
160 2332 244 2385 Circa
268 2335 373 2400 pectus
389 2338 546 2385 versantur·
564 2337 592 2386 cl
616 2333 763 2386 assistunt

64 2422 87 2474 li
102 2426 172 2475 sunt
188 2421 423 2491 quiinnoeenter
438 2421 586 2490 vixerunt,
603 2421 650 2475 vel
667 2422 762 2492 paeni-

64 2510 151 2564 im'ina
167 2514 324 2578 terserunt,
342 2526 397 2564 nec
408 2511 444 2563 ad
460 2511 552 2579 pedes
567 2513 762 2581 procumbere

64 2601 150 2672 ,quia
164 2599 379 2670 Ι1616166611611,
392 2616 447 2654 nee
457 2601 765 2673 adcaputpertingunt

64 2690 138 2744 ((1661
155 2690 372 2758 contemplativi
388 2694 467 2759 sunt,
485 2689 514 2743 in
526 2691 652 2760 quedam
668 2692 765 2746 medio

77 2779 195 2850 pietatis
218 2779 359 2848 operibus
383 2784 532 2848 vacantes,
550 2784 578 2833 61
595 2782 766 2851 temporalia

64 2869 139 2922 ualia
151 2868 354 2939 indigentibus
371 2869 584 2922 ministrantes,
606 2871 765 2924 seientiam

64 2958 160 3012 :tionis
177 2963 204 3011 et
216 2958 341 3028 gratiam
357 2957 514 3011 ministerii
534 2957 625 3028 hujus
640 2974 699 3013 non
711 2959 765 3012 ha-

852 1975 977 2046 1166666
992 1980 1022 2027 61
1036 1974 1139 2026 Aaron
1151 1974 1181 2025 iu
1196 1972 1405 2027 sacerdotibus
1420 1973 1485 2043 ejus
1494 1977 1523 2026 et
1534 1972 1658 2028 Samuel

816 2064 965 2118 intereos
987 2063 1036 2135 qui
1059 2062 1199 2115 invocant
1222 2077 1327 2116 nomen
1351 2063 1415 2133 ojus
1429 2060 1524 2131 (Psal.
1540 2066 1653 2132 1161111).

816 2153 996 2208 Novar-imus
1009 2151 1155 2223 quoddam
1164 2151 1304 2221 templum
1313 2151 1503 2206 lteivivumsi
1512 2150 1655 2221 Apostolo

816 2242 869 2296 ltei
886 2243 921 2296 de
936 2257 972 2297 eo
988 2241 1131 2296 scribenti
1141 2241 1300 2295 eredimus.
1314 2240 1460 2311 Templum
1470 2240 1536 2307 ltei,
1549 2240 1655 2328 inquit,

815 2338 950 2386 sanetum
966 2339 1012 2386 661
1028 2332 1103 2403 quod
1118 2332 1194 2384 estis
1208 2346 1258 2385 vos
1270 2331 1297 2401 tl
1312 2330 1379 2385 Cor.
1396 2333 1449 2400 ιιι).
1462 2330 1656 2401 Nequaquam
1691 2344 1693 2349 ·

817 2421 998 2475 credendum
1013 2426 1059 2475 est
1074 2419 1131 2475 hoe
1142 2423 1282 2489 temptum
1297 2420 1350 2474 ltei
1365 2421 1429 2474 sine
1448 2419 1655 2474 sacerdotibus

817 2511 988 2580 velabsque
999 2510 1036 2563 iis
1046 2510 1096 2581 qui
1111 2510 1249 2563 invocant
1265 2508 1317 2562 ltei
1332 2524 1440 2564 nornen
1450 2509 1559 2564 debere
1574 2523 1654 2578 esse,

817 2602 872 2654 sed
889 2604 920 2652 ut
936 2600 1057 2669 bleyses
1072 2605 1101 2653 61
1116 2601 1215 2652 Aaron
1229 2599 1260 2652 in
1272 2599 1478 2652 sacerdotibus
1490 2597 1659 2669 61666186-

819 2689 897 2744 muel
911 2690 1050 2743 intereos
1064 2689 1115 2760 qui
1129 2688 1269 2741 invocant
1277 2703 1384 2741 nomen
1395 2689 1474 2759 ejus.
1484 2687 1659 2753 Quaeramus

819 2778 1283 2850 (661666116111116666661116166
1296 2777 1462 2832 ctb'amuel.
1472 2777 1659 2848 Perblovsen

820 2870 869 2924 lex
889 2869 955 2921 dala
969 2872 1035 2937 est,
1058 2883 1111 2937 per
1131 2869 1232 2920 Aaron
1255 2867 1455 2922 sacerdotium
1477 2866 1659 2940 institutumj

821 2957 951 3013 samueli
979 2957 1089 3010 donum
1116 2956 1279 3025 prophetiae
1308 2972 1497 3011 eoncessum.
1523 2955 1660 3011 Ollicium

64 3047 163 3117 616616,
179 3048 233 3101 sed
255 3047 291 3100 ab
314 3047 379 3116 ipso
396 3047 558 3100 fontevivo
583 3047 731 3117 hauriunt,
749 3066 765 3102 a
823 3048 914 3119 igitur
929 3046 1025 3117 Moysi
1040 3045 1173 3100 iacienda
1193 3045 1366 3115 praecipere,
1384 3045 1542 3100 omittenda
1557 3045 1659 3114 probi-

64 3136 177 3190 scilieet
192 3137 266 3189 lesu
285 3137 335 3206 qui
349 3141 400 3191 ,661
425 3137 577 3205 spirituale
602 3116 805 3192 sacrariumC
824 3138 905 3191 bere.
934 3136 1072 3190 011161616
1096 3138 1204 3202 Aaron,
1220 3134 1258 3188 ad
1275 3149 1309 3187 ea
1325 3149 1391 3204 quae
1409 3134 1528 3205 lleyses
1543 3134 1662 3188 mandat

74 3227 191 3279 armarii
203 3228 233 3278 iu
244 3242 298 3298 quo
309 3232 376 3278 sunt
392 3241 493 3279 ouurcs
505 3227 639 3280 tlresuuri
652 3229 767 3298 sapien·

64 3315 540 3384 1166111661166661111111161666611.
558 3315 644 3369 Tales
660 3317 767 3370 debent

64 3404 122 3459 alati
134 3405 312 3458 assistentes
322 3405 461 3474 praetorio
469 3405 551 3474 1666,
561 3405 588 3457 id
596 3405 768 3469 estleetioni

64 3494 207 3564 11161616,
225 3495 255 3547 16
270 3510 328 3564 quo
338 3495 427 3548 sedes
439 3498 485 3548 est
494 3495 657 3564 sapientiae,
668 3497 768 3549 susei-

65 3587 93 3637 et
108 3590 253 3655 sugentes
269 3600 372 3654 pacem
387 3585 423 3637 (16
438 3585 635 3654 61611111111611,
650 3585 768 3654 6666116

64 3674 221 3743 (661161611,
232 3674 272 3726 ibi
281 3674 452 3728 haurientes
461 3674 769 3744 adexemplumloau-

64 3777 139 3817 >sam
149 3763 312 3816 ubertatem
324 3764 466 3817 doctrinae
478 3765 651 3834 66111166116,
665 3765 769 3834 61616-

64 3851 117 3906 z'usi
135 3853 251 3921 possint
274 3851 424 3906 effundere
444 3853 600 3908 stillicidia
623 3854 769 3907 stillantia

64 3957 160 4009 uram,
180 3942 348 3995 6111616166
365 3942 451 3996 (16616
466 3943 678 4013 benignitatem
694 3947 770 3997 terra

64 4032 108 4099 let,
126 4034 154 4082 et
168 4030 295 4083 lructum
306 4047 394 4085 suum
405 4031 507 4085 reddat
520 4032 551 4084 in
562 4035 692 4102 16616616
702 4046 768 4086 666.

75 4123 104 4172 61
117 4120 274 4189 propinare
293 4125 416 4191 oportet.
429 4120 512 4184 Quod
528 4136 587 4174 non
605 4123 637 4174 111
652 4121 769 4176 (116661-

64 4208 228 4278 6661611161,
247 4211 300 4263 sed
313 4211 518 4263 conservande
530 4210 731 4280 spiritualiter,
742 4217 771 4266 et

64 4297 99 4351 do
122 4297 280 4369 diligenter
304 4300 442 4369 quoniam
467 4314 525 4352 non
551 4300 695 4354 eructabit
719 4304 769 4372 qui

65 4388 212 4441 nducavit.
239 4388 327 4441 Aliud
350 4393 395 4441 cst
420 4390 547 4442 oscitare
572 4390 608 4443 de
628 4390 767 4445 inanitate

824 3226 941 3281 Domini
949 3224 1106 3295 implorare
1117 3225 1269 3293 auxilium,
1282 3229 1310 3277 61
1320 3224 1355 3277 (16
1366 3223 1660 3295 transgressionibus

825 3317 956 3370 61611666
971 3319 1001 3369 61
1014 3315 1161 3370 6111611666
1181 3314 1274 3369 Deum
1296 3329 1400 3367 verum
1424 3313 1548 3367 reddere
1562 3313 1661 3384 propi·

824 3406 905 3459 tium.
918 3404 1055 3459 Olticium
1074 3403 1220 3458 Samuelis
1241 3407 1287 3458 est
1304 3404 1467 3474 praedicare
1487 3404 1567 3475 quod
1585 3418 1661 3473 prae·

823 3496 913 3549 mium
929 3510 1051 3566 sperare
1073 3494 1188 3548 valeant
1210 3494 1286 3565 legis
1299 3500 1513 3564 exsecutores;
1530 3496 1660 3564 atquem

823 3600 941 3655 poenam
950 3588 1124 3656 exspectent
1134 3583 1211 3655 legis
1220 3585 1476 3654 praevaricatores.
1489 3583 1519 3638 Si
1535 3599 1607 3655 ergo
1617 3584 1661 3636 vi·

823 3676 904 3728 deris
915 3674 1043 3746 aliquem
1054 3689 1147 3744 nuper
1156 3676 1191 3728 de
1203 3675 1315 3728 saecule
1324 3675 1490 3729 venientem
1499 3673 1662 3728 aemedita-

822 3764 901 3818 tione
918 3769 1102 3834 occupatum,
1124 3766 1155 3816 61
1170 3763 1207 3816 de
1226 3763 1385 3832 praeteritis
1400 3763 1516 3816 delictis
1538 3763 1662 3817 satisfa-

823 3853 890 3923 ciat,
898 3853 1047 3908 defuturis
1059 3868 1092 3906 66
1104 3856 1221 3905 cautum
1230 3852 1386 3922 custodiat,
1399 3855 1523 3906 tractare
1535 3867 1660 3924 quomo-

823 3943 860 3997 do
872 3942 985 3997 vultum
995 3942 1141 3997 moderari
1153 3944 1295 4011 oporteat,
1303 3940 1533 4013 habitumqueae
1541 3945 1661 4014 gestum

823 4048 1011 4103 componere,
1029 4036 1058 4085 61
1071 4031 1194 4084 (16116116
1210 4030 1280 4100 quid
1301 4034 1330 4084 61
1344 4035 1485 4101 quantum
1504 4032 1661 4087 comeden-

824 4123 903 4192 dum,
920 4126 1061 4192 quantum
1075 4122 1115 4174 611
1129 4120 1322 4191 vigilandum,
1338 4126 1367 4174 61
1382 4122 1532 4192 quomodo
1541 4124 1661 4177 resistat

823 4212 885 4277 irae,
903 4209 1180 4281 contradicatgulre,
1194 4211 1348 4265 conculcet
1357 4211 1536 4282 superbiam,
1549 4213 1661 4267 exstin-

823 4306 894 4372 guat
909 4301 1065 4370 luxuriam,
1082 4316 1170 4370 quam
1184 4304 1339 4371 promptus
1351 4316 1421 4354 esse
1436 4301 1541 4355 debeat
1555 4302 1592 4355 ad
1608 4303 1660 4356 ob-

823 4390 994 4460 adiendum,
1011 4394 1039 4444 el
1049 4392 1163 4459 patiens
1172 4392 1209 4444 ad
1220 4392 1436 4457 sustinendum,
1445 4391 1525 4444 66166
1537 4391 1660 4462 Moysen

64 4480 158 4530 uetare
174 4478 209 4530 de
225 4477 414 4547 plenitudiue.
433 4480 458 4530 A
474 4479 582 4532 divinis
598 4495 671 4551 ergo
684 4480 766 4551 Jeju-
782 4498 809 4558 Ι)
823 4480 853 4532 16
868 4494 902 4532 66
917 4480 980 4550 (qui
1006 4480 1178 4551 hujusmodi
1197 4481 1286 4534 eorde
1312 4484 1369 4550 est)
1387 4480 1517 4533 surrexit
1531 4484 1560 4532 et
1575 4480 1659 4550 quasi

64 4566 233 4636 bsaporum
249 4567 441 4637 annuntiabit,
460 4568 513 4621 sed
529 4584 624 4640 neque
640 4574 768 4639 potesta

64 4671 142 4728 [6661
153 4657 769 4729 baberequianenpetesthomequidquam

64 4761 73 4798 1
89 4761 132 4815 66,
148 4747 207 4799 6161
224 4747 346 4799 16611161
361 4747 459 4799 (161661
471 4747 770 4816 (1666661.Α666(1661

64 4836 294 4904 {contemplativi
312 4836 358 4888 vel
370 4835 535 4905 justilieati.
551 4839 641 4906 ttaput
655 4837 771 4891 illinisti

66 4924 105 4978 sti
116 4925 166 4994 qui
182 4940 235 4992 per
250 4925 301 4977 1161
316 4927 441 4994 gratiam
461 4928 633 4979 meritorum
647 4927 769 4994 privile-

66 5028 140 5082 uper
155 5029 187 5066 66
200 5015 295 5066 levant
307 5029 374 5067 eum
388 5015 531 5087 Apostolo
548 5031 614 5085 quae
630 5015 770 5070 nonlicet

64 5103 132 5173 oqui
148 5104 321 5171 audientes(
326 5104 350 5155 ll
370 5104 437 5157 Cor.
450 5115 512 5174 xii).
526 5104 619 5174 lgitur
630 5121 770 5173 compun-

64 5193 159 5263 pedes,
192 5192 365 5246 delictorum
389 5193 522 5247 obtinent
544 5193 767 5264 indulgentium,

73 5281 110 5335 ad
126 5297 242 5350 166666,
259 5282 428 5335 continendi
444 5281 548 5335 6111616
563 5287 590 5334 61
600 5282 676 5336 bene
697 5299 769 5353 666-

64 5370 201 5439 leaeiam,
214 5371 311 5424 devoti
322 5372 479 5441 66666166,
492 5372 529 5424 ad
543 5372 769 5428 instructionem

64 5476 118 5516 *um
141 5460 284 5514 moralem
312 5461 476 5533 seientiam,
499 5463 716 5532 contemplativi
733 5466 770 5520 ad

64 5551 220 5607 1661161616
236 5551 271 5607 (16
288 5551 461 5610 caelestibus
475 5552 700 5627 indulgentiam.
719 5555 769 5612 Τ1-

64 5641 96 5703 11)
111 5644 235 5703 61161166
262 5646 478 5724 quodammodo
497 5648 653 5728 incrudeli,
674 5651 769 5712 venire

823 4575 978 4645 quamdam
994 4591 1101 4629 novam
1124 4576 1220 4648 legem
1250 4577 1388 4630 condere.
1406 4575 1437 4629 Si
1451 4575 1520 4628 item
1547 4575 1659 4628 videris

822 4678 889 4717 eum
904 4680 1013 4734 eorpus
1038 4665 1168 4719 nuditate
1192 4671 1220 4717 61
1244 4665 1355 4736 frigore
1380 4664 1660 4735 allligere,earne1u

821 4755 971 4808 attendere
986 4754 1086 4807 labore
1109 4759 1137 4806 61
1161 4754 1300 4824 16111616,
1330 4758 1456 4808 muctare
1481 4753 1660 4824 multiplices

821 4842 936 4896 hostius
951 4843 981 4897 16
1003 4859 1054 4896 616
1079 4842 1229 4912 exteriori,
1255 4848 1284 4897 61
1307 4844 1412 4897 1166616
1430 4843 1514 4914 61166
1528 4843 1599 4915 igne
1623 4844 1660 4898 ad

821 4933 916 5001 ipsam
931 4948 990 4986 nen
1006 4934 1071 4985 sine
1085 4933 1165 4986 vituli
1175 4933 1321 5003 sanguine
1333 4934 1363 4986 in
1374 4938 1477 4988 saneta
1488 4940 1660 4991 sanctorum

821 5022 942 5075 introire
970 5023 1155 5093 mactatoque
1183 5022 1333 5092 superbiae
1362 5024 1453 5078 vitulo
1482 5025 1565 5095 prius
1594 5041 1661 5079 eum

821 5111 1004 5165 multisaliis
1021 5111 1126 5165 bestiis
1156 5114 1289 5167 mactatis
1318 5115 1350 5167 16
1378 5114 1535 5185 exteriore,
1560 5116 1591 5170 in
1610 5133 1660 5169 aru

821 5200 955 5254 interiori
969 5202 1140 5255 consuescit
1160 5200 1266 5255 oll'erra
1283 5202 1344 5256 lleo
1360 5205 1499 5275 genuine,
1517 5206 1658 5275 suspiria,

820 5305 927 5361 616666
951 5293 980 5346 61
999 5291 1155 5360 lacrymas,
1181 5307 1240 5345 non
1261 5292 1378 5346 dubites
1394 5294 1424 5346 in
1439 5310 1474 5348 eo
1489 5297 1589 5349 Aaron
1604 5310 1659 5348 no-

822 5398 888 5435 vum
905 5381 1105 5436 sacerdotium
1123 5381 1273 5436 inchoare.
1290 5385 1349 5436 Ara
1372 5385 1491 5453 quidem
1516 5385 1656 5454 exterior,

822 5471 1076 5527 66666666166116
1092 5474 1155 5542 est,
1172 5486 1222 5525 616
1238 5471 1607 5552 16161616116161166166.
1624 5473 1658 5527 ln

821 5576 872 5618 ara
887 5576 961 5636 ergo
973 5561 1107 5618 interiori
1122 5563 1251 5636 gemitus
1261 5562 1435 5634 6116616666
1447 5560 1621 5633 6116166161,
1632 5568 1660 5620 61

821 5668 856 5714 66
866 5668 934 5733 quea
948 5655 1050 5715 nortis
1064 5652 1189 5713 affectus
1209 5655 1405 5727 commovent,
1418 5652 1594 5725 sioutiqara
1608 5668 1660 5714 ex·
