3796 6022
49 236 110 305 aaa
267 204 275 213 ’
510 235 592 304 nin.
616 238 672 302 ns
693 182 865 303 cincun
886 236 1060 303 ursrrcr
1084 236 1318 323 unanime,
1461 200 1471 209 ’
1721 244 1805 314 tes·

53 438 892 513 UndeitliisZobedasipetentibusutunussederetaddex·
905 421 935 483 Α
949 441 1102 509 spalatrum
1127 440 1158 494 in
1181 414 1253 513 repe
1275 441 1457 514 indueram,
1479 444 1619 516 ebaritas,
1640 456 1712 519 qen
1732 450 1785 504 est

51 525 892 584 terametaliusadsinistramdictumestPotestisbibere
948 528 1139 583 excellentior
1161 529 1219 598 via,
1244 546 1311 601 quae
1339 546 1429 603 reges
1452 537 1481 588 et
1504 534 1781 593 succrescentes.

54 616 177 672 calicem
189 633 272 689 quem
281 633 336 690 opo
345 617 498 673 bibiturus
507 616 718 685 sum?(Mattb.
728 615 892 688 xx.)Quesi
946 614 1036 670 Fides
1051 619 1148 670 eutem
1163 617 1306 672 illuminat
1321 620 1466 675 rationem
1477 637 1565 692 quam
1579 623 1720 696 superbie
1730 636 1784 680 et·

55 704 167 760 diceret
183 722 190 760 τ
206 706 293 760 Prius
309 706 513 777 compatiendo
524 709 554 760 et
568 705 789 760 commoriendo
805 719 892 774 opor·
947 704 1086 772 caecabat,
1099 708 1127 758 et
1138 706 1456 778 excluditsuperbiam.
1468 709 1545 781 Spes
1555 712 1783 771 sarsenates

53 797 96 848 tet
108 810 164 848 vos
180 795 248 849 exui
267 797 423 864 vetustate,
440 799 472 849 ut
486 796 589 865 postea
609 793 733 863 possitis
755 792 792 847 ed
816 793 892 847 dex·
946 807 1052 848 norum
1068 795 1339 865 concupiscentiam
1360 812 1448 868 quam
1463 799 1589 853 avaritia
1610 799 1781 872 inclinabat,

53 885 148 936 teram
172 898 267 937 meam
291 883 338 937 vel
361 883 397 937 sd
422 883 574 937 sinistram
604 881 720 950 sedere,
743 881 823 952 quad
847 883 894 935 est
946 870 1444 940 etexcluditarentiamcbarrtes
1459 889 1646 958 temperatet
1665 889 1784 946 ordinm

56 970 138 1024 indui
149 971 288 1026 novitate.
301 971 366 1026 Hoc
378 972 456 1026 enim
471 987 528 1026 nou
544 976 590 1025 est
605 985 700 1025 meum
712 969 785 1023 dare
800 969 893 1038 vebia,
947 969 1031 1040 iram,
1049 986 1136 1042 quam
1152 971 1261 1025 invidia
1278 975 1496 1046 corrumpebat,
1512 979 1540 1031 et
1553 976 1685 1032 exclusit
1702 976 1782 1033 invi-

56 1058 86 1112 id
101 1063 149 1113 est
162 1059 329 1129 veteribus,
355 1060 409 1116 sed
429 1059 535 1133 quibus
553 1061 690 1131 paratum
707 1062 753 1113 ost
768 1074 784 1112 a
799 1057 894 1112 Patre
947 1058 1034 1113 diam.
1051 1058 1100 1114 Sic
1122 1058 1212 1131 igitur
1225 1060 1333 1116 virtute
1350 1066 1461 1118 sanctie
1477 1066 1576 1120 crucis
1597 1067 1629 1120 et
1648 1064 1782 1122 aldeam

53 1148 503 1218 mcctibid.),idestinnovatis.
521 1145 895 1219 Proptereeotipsellomi-
948 1147 1086 1202 exuimur
1114 1152 1215 1202 nostre
1244 1152 1408 1220 vetustate,
1438 1154 1467 1206 et
1496 1152 1645 1209 induimur
1671 1153 1781 1211 Cbmsti

55 1236 306 1307 nusiesusprius
319 1238 437 1309 quidem
449 1238 543 1293 voluit
553 1234 741 1308 patiinligno
751 1234 894 1304 interiori,
950 1237 1089 1291 novitate.
1119 1236 1188 1291 ideo
1214 1237 1359 1294 Dominus
1390 1239 1482 1295 iesus
1514 1240 1640 1296 libenter
1664 1256 1783 1300 munem

58 1324 167 1380 deinde
197 1325 359 1397 glonucari
387 1327 417 1380 in
445 1326 527 1398 ligno
553 1325 711 1395 superiori.
733 1324 771 1379 Ut
800 1323 896 1378 silicet
947 1339 1033 1396 mam
1047 1324 1208 1396 bajulabat,
1224 1328 1563 1400 perquamdeprinoipe
1579 1328 1670 1402 bilitas
1680 1331 1783 1389 mundi

59 1415 503 1484 priusexueretucsvctustste,
517 1413 896 1469 deindcindueretnossua
949 1413 1157 1484 triumphabat,
1174 1430 1228 1484 per
1242 1430 1330 1486 quam
1352 1432 1478 1489 regnum
1500 1419 1649 1474 mortiset
1669 1420 1783 1491 peceati

56 1502 196 1556 nommte.
223 1503 311 1559 Prius
336 1503 415 1558 enim
440 1504 549 1574 legitur
580 1502 758 1572 crucifixus,
788 1502 894 1555 deinde
951 1501 1782 1576 destruebatataaEcclesiamgmuamatbanaucuaaan

55 1590 160 1645 titulus
174 1593 391 1662 superpositus.
408 1590 458 1646 Sic
474 1592 552 1647 enim
568 1592 791 1662 scriptumest:
808 1589 895 1660 Baju·
950 1590 1780 1668 transferebatUndeiacoblllioslosepbbenedictume,

56 1677 124 1732 lans
139 1679 201 1733 sibi
208 1696 326 1735 crucem
338 1681 434 1735 exirit
445 1682 476 1734 in
485 1696 550 1735 eum
562 1681 611 1753 qui
621 1680 735 1735 dieitur
744 1678 894 1734 Calcaria
953 1678 1299 1750 cummajomddextram
1307 1680 1785 1756 etjunioradsinistramessetpe·

57 1768 167 1839 locum,
194 1768 245 1823 ubi
265 1769 480 1825 crucifixerunt
503 1785 577 1824 cnm.
605 1768 736 1840 Scripsit
751 1773 847 1823 autem
863 1773 893 1822 ct
909 1792 935 1854 Β
952 1766 1785 1846 situs,lactacruoesnperminoremposuitdexteram,et

58 1857 175 1911 titulum
189 1857 308 1913 Pilatus
323 1864 352 1913 ct
364 1864 463 1930 posuit
475 1874 565 1930 super
580 1872 697 1913 urracam
711 1857 806 1927 (toan.
818 1857 891 1927 xix).
951 1856 1366 1929 supermajoremsinistram,
1377 1859 1588 1930 significansin
1597 1859 1710 1932 Spiritu
1717 1865 1785 1919 east

57 1945 111 2000 Est
125 1947 204 2000 euim
219 1946 403 2018 septiformis
417 1950 552 2002 vetustas
567 1949 688 2016 nostra3
703 1949 750 2001 est
764 1949 793 2001 et
803 1946 893 2016 septi·
950 1948 980 2000 to
990 1944 1117 2015 Spiritus
1130 1947 1359 2018 seuctrgratism
1373 1962 1427 2018 per
1436 1949 1573 2004 virtutem
1584 1953 1697 2007 sande
1713 1964 1783 2007 etu-

55 2032 162 2089 lormis
177 2035 273 2090 virtus
287 2042 400 2090 sanotae
416 2037 516 2091 crucis
531 2039 561 2090 et
575 2035 718 2090 efficacia.
730 2034 803 2090 Sunt
815 2033 893 2089 enirn
951 2035 995 2087 cis
1012 2034 1048 2088 ud
1063 2034 1228 2089 Ecclesiam
1250 2035 1452 2092 transituram.
1475 2037 1616 2094 Similiter
1637 2040 1667 2094 et
1680 2054 1784 2096 sam·

55 2126 183 2195 quatuor
207 2125 342 2194 corporis
363 2125 609 2196 abominationes,
634 2127 663 2179 et
695 2127 757 2179 tres
785 2124 892 2179 inentis
951 2126 1048 2178 mento
1062 2123 1164 2177 altaris
1180 2126 1339 2178 renovatur
1363 2124 1499 2180 Ecclesia
1521 2128 1551 2178 et
1570 2126 1783 2185 annuntientur.

56 2213 276 2283 corruptiones.
289 2213 373 2269 Unde
382 2214 542 2286 propheta:
557 2214 697 2285 Corrupit
707 2218 776 2267 sunt
787 2219 817 2266 et
827 2213 895 2267 abo
951 2211 1024 2267 Sunt
1039 2215 1136 2266 autern
1151 2215 1265 2283 septem
1276 2227 1343 2283 quac
1353 2213 1383 2267 in
1399 2217 1585 2270 sacramento
1595 2214 1696 2272 altam
1707 2216 1784 2273 utili·

55 2301 217 2356 mirabiles
228 2303 301 2356 tacti
309 2302 480 2374 sunttPsal.
490 2304 549 2369 xc).
559 2302 696 2372 Corrupti
705 2303 775 2356 sunt
785 2304 891 2372 meum,
950 2303 995 2355 ter
1011 2301 1209 2373 attenduntur,
1227 2301 1342 2357 seilicet
1352 2318 1419 2373 qun
1434 2303 1473 2357 sit
1486 2318 1577 2358 cause
1588 2305 1701 2376 misses,
1713 2318 1785 2378 ques

55 2392 84 2444 et
111 2390 328 2446 abominabiles
358 2391 426 2446 tacti
455 2407 591 2462 corpore.
622 2389 791 2445 Abutuntur
814 2390 893 2445 enim
948 2388 1386 2462 dillerentis,quisl1nie,quae
1406 2391 1512 2461 virtus,
1529 2392 1597 2463 quis
1617 2394 1702 2465 ordo,
1717 2408 1786 2466 qun

55 2481 183 2549 quatuor
197 2479 352 2534 elementis
368 2480 397 2534 in
414 2495 540 2551 corpore
556 2495 562 2535 :
580 2480 653 2551 lgna
668 2479 699 2533 iu
719 2479 816 2534 oculis
839 2495 894 2550 per
948 2479 1033 2549 ratio,
1060 2494 1128 2550 quae
1154 2479 1273 2533 utilitas.
1298 2479 1395 2534 Causa
1426 2480 1529 2535 missas
1557 2480 1701 2550 tripartita
1728 2485 1784 2555 est,

58 2568 271 2638 curiositatem,
284 2583 351 2623 aere
363 2569 393 2623 in
408 2567 509 2641 lingua
519 2583 573 2639 per
581 2569 802 2637 verbositatem,
815 2571 892 2622 terra
949 2568 1064 2622 scilicet
1078 2567 1175 2623 bonor
1185 2572 1364 2635 sanctorum,
1377 2569 1459 2624 salus
1468 2569 1615 2641 vivorum,
1626 2574 1655 2624 et
1664 2571 1785 2643 requies

56 2657 86 2711 iu
100 2657 240 2712 manibus
254 2670 308 2727 per
332 2657 524 2730 iniquitatem,
540 2657 658 2729 quanda
682 2672 783 2729 pugno
805 2657 893 2729 impie
948 2655 1164 2712 detunctorum.
1190 2657 1383 2713 Praemittitur
1405 2661 1503 2713 autem
1525 2659 1614 2730 quasi
1637 2658 1782 2733 prologus

55 2747 241 2818 percutimus
270 2747 400 2818 tratrem,
424 2762 500 2819 aqua
523 2748 553 2801 in
578 2748 656 2802 ttexu
686 2746 811 2801 seminis
840 2761 893 2817 per
948 2746 1041 2801 oratio
1056 2748 1085 2801 et
1098 2747 1245 2801 invocatio
1262 2747 1425 2802 Trinitatis.
1443 2748 1473 2802 in
1488 2763 1547 2819 quo
1569 2747 1742 2821 praelibetur
1755 2751 1786 2805 et

56 2836 220 2891 libidinem.
238 2836 309 2892 llaec
325 2840 394 2892 sunt
410 2853 477 2909 quaa
492 2838 528 2892 de
545 2837 675 2892 claustro
690 2835 814 2907 ejiciunt
829 2835 891 2890 lra-
948 2836 1189 2908 ostenditurque
1201 2836 1340 2891 sitcausa
1351 2836 1453 2891 missae
1469 2837 1623 2907 sequentis
1635 2853 1642 2893 ε
1656 2837 1783 2911 Suscipe

55 2929 141 2981 trem.
153 2925 237 2980 Unde
247 2924 890 2999 prophetaiuprediebaturutviderettl‘sal.
947 2929 1050 2979 sancta
1066 2924 1206 2979 Trinitas.
1224 2925 1267 2979 lbi
1283 2925 1362 2980 enirn
1384 2925 1786 3000 contineturutsanctispre·

55 3015 115 3087 xn),
132 3029 204 3069 ecoe
219 3015 398 3084 curiositas3
417 3015 494 3071 Vana
505 3014 681 3088 loquebatur
694 3014 803 3086 (ibid),
821 3030 891 3069 ecce
947 3011 1029 3067 liciat
1040 3013 1078 3069 ad
1087 3013 1242 3081 bonorem,
1260 3012 1347 3068 uobis
1358 3013 1544 3080 adsalutem,
1558 3016 1615 3070 eto.
1627 3014 1785 3087 'tripertita

54 3103 243 3173 verbositas,
267 3120 319 3158 cnr
338 3105 403 3176 ejus
418 3106 614 3176 conpreparit
628 3104 814 3177 iniquitatem
830 3103 892 3158 sibi
947 3105 994 3156 est
1007 3100 1181 3157 dillerentia.
1196 3101 1366 3157 &cundum
1387 3102 1465 3156 enim
1484 3100 1680 3160 differentiani
1693 3104 1784 3160 trien

54 3191 157 3264 (ibid.)
170 3207 242 3248 ecoe
269 3193 419 3264 iniquitas.
437 3193 664 3265 Eprediebatur
682 3193 765 3249 toras
779 3193 889 3265 (ibid),
947 3190 1073 3261 partium
1089 3190 1243 3261 Ecclesia,
1260 3195 1330 3246 sunt
1342 3193 1405 3246 tres
1421 3191 1581 3247 missarum
1596 3189 1782 3265 simmaea,

52 3295 107 3352 per
120 3281 286 3337 libidinem.
295 3281 519 3353 Corrumpimur
533 3283 621 3338 etiam
630 3283 661 3337 in
673 3285 770 3338 mente
780 3282 891 3352 triplici
947 3282 979 3334 ut
992 3279 1049 3334 alia
1065 3279 1180 3334 dicatur
1199 3279 1236 3333 de
1251 3280 1375 3350 sanctis,
1392 3280 1449 3334 alia
1470 3281 1507 3335 de
1529 3283 1672 3353 tempore,
1689 3282 1720 3337 id
1737 3285 1785 3339 est

55 3371 257 3441 corruptione.
273 3371 307 3425 ln
322 3371 435 3426 ratione
450 3371 584 3441 naturali,
596 3387 650 3442 per
665 3371 845 3442 superbiam3
861 3371 891 3426 in
946 3383 1001 3438 pro
1015 3369 1105 3439 vivis,
1121 3368 1177 3422 alie
1192 3384 1246 3439 pro
1261 3367 1400 3424 fidelibus
1412 3369 1570 3425 defunctis.
1580 3369 1786 3444 Suntquidflu

55 3460 309 3530 concupiscentia,
332 3475 386 3530 per
409 3460 578 3530 avaritiam3
603 3461 633 3514 in
657 3461 710 3531 ira,
736 3475 790 3530 per
813 3460 891 3515 invi·
947 3461 1009 3513 tres
1023 3461 1123 3528 partes
1138 3457 1293 3513 Ecclesiae.
1310 3458 1385 3513 Pars
1399 3460 1536 3530 quaedam
1550 3462 1600 3519 est
1610 3460 1641 3516 in
1649 3461 1784 3519 exsulta·

55 3549 144 3604 diam.
160 3549 235 3605 Sunt
249 3553 347 3604 autem
361 3550 391 3603 in
411 3565 499 3604 cruce
524 3553 652 3621 quatuor
676 3549 889 3620 dimensiones,
946 3547 1037 3618 tione,
1054 3563 1124 3618 pars
1139 3547 1169 3601 in
1183 3547 1432 3619 peregrinatione,
1445 3564 1515 3618 pars
1526 3549 1557 3605 in
1568 3552 1784 3624 expectatione,

56 3638 189 3709 latitudo,
216 3637 379 3711 longitudo,
404 3638 572 3693 sublimitas
598 3641 627 3693 et
648 3637 838 3709 protundum,
863 3643 893 3694 et
948 3636 980 3690 ln
989 3636 1186 3692 exsultatione
1195 3640 1264 3691 sunt
1274 3637 1380 3706 sancti,
1392 3638 1444 3709 qui
1454 3638 1565 3693 Christi
1574 3639 1703 3713 vestigia
1713 3645 1784 3698 sunt

55 3731 118 3783 tres
130 3727 255 3782 intitulc
266 3728 488 3783 distinctiones:
509 3728 598 3784 tosus
613 3728 805 3793 Nazarenua,
825 3728 893 3783 itan
949 3726 1055 3782 secuti.
1073 3726 1106 3780 ln
1119 3726 1358 3798 peregrinatione
1380 3729 1451 3780 sunt
1465 3727 1536 3796 vivi,
1552 3729 1604 3799 qui
1626 3726 1785 3801 subjacent

56 3817 228 3872 indecorum
243 3816 339 3885 (toan.
358 3819 432 3887 xix).
452 3817 587 3871 Latitudo
607 3817 821 3872 misericordiae
837 3816 892 3871 tuit
947 3815 1083 3886 tempori,
1100 3815 1128 3869 id
1143 3818 1190 3870 est
1204 3815 1334 3870 vanitati.
1348 3815 1432 3870 Unde
1443 3816 1605 3886 Apostolus
1621 3837 1630 3872 :
1651 3816 1784 3874 Vanitati

55 3906 85 3959 in
91 3905 204 3960 tibristi
210 3906 360 3976 passione.
374 3906 615 3978 inungitudovitaa
624 3904 889 3961 inresurrectione.
948 3904 1082 3976 subjecta
1090 3908 1229 3959 creatum
1238 3919 1294 3959 non
1308 3904 1417 3971 volans,
1430 3908 1487 3975 etc,
1498 3903 1594 3976 (Hom.
1603 3905 1679 3979 vin).
1689 3907 1722 3962 ln
1731 3920 1784 3964 ex·

55 3994 229 4050 Sublimitas
238 3994 573 4066 gloriaeinascensione.
583 3993 766 4050 Profundum
774 3995 891 4066 sapien·
948 3993 1129 4065 spectatione
1155 3997 1225 4048 sunt
1249 3994 1353 4049 lideles
1379 3993 1520 4064 defuncti,
1537 3995 1587 4066 qui
1610 3996 1786 4068 exspectant
1892 4024 1895 4029 ·

55 4084 104 4138 tiae
119 4083 151 4138 in
166 4084 280 4139 occulta
295 4087 450 4155 potestate,
467 4100 525 4156 qua
540 4085 606 4140 haec
621 4085 718 4139 omnia
737 4083 816 4156 lecit,
833 4100 891 4156 qua
948 4083 1092 4154 requiem.
1117 4081 1286 4136 &cundum
1308 4082 1412 4137 barum
1434 4083 1523 4138 trium
1544 4084 1672 4155 partium
1696 4084 1785 4143 diffe-

56 4176 84 4227 et
98 4175 129 4227 in
144 4172 309 4228 novissimo
317 4173 471 4246 judicabit.
490 4173 672 4229 Proluudum
681 4173 781 4229 crucis
792 4173 891 4229 occul·
949 4171 1075 4227 rentiam
1089 4173 1158 4226 sunt
1172 4175 1233 4226 tres
1244 4169 1418 4226 dillerentiae
1429 4173 1593 4228 missarum
1604 4176 1632 4230 et
1643 4174 1746 4232 linium
1756 4179 1786 4233 et

56 4268 118 4316 tum
134 4267 207 4333 erat,
225 4265 254 4317 et
268 4266 375 4317 caetera
389 4262 544 4318 manilesta
558 4262 706 4334 patebant.
722 4262 771 4317 Sic
786 4266 889 4333 potes-
948 4260 1125 4316 ciliciorum.
1142 4259 1245 4315 Finem
1260 4262 1339 4316 enim
1354 4261 1443 4316 alium
1455 4262 1644 4319 babetmisse
1654 4279 1708 4335 pro
1719 4278 1786 4321 sen·

57 4355 104 4405 tas
118 4350 216 4406 adhuc
233 4352 347 4407 occulta
362 4354 408 4407 est
429 4367 486 4423 qua
511 4351 653 4407 Dominus
676 4351 768 4407 iesus
791 4352 890 4407 omnia
905 4374 932 4435 D
948 4349 1015 4420 ctis,
1031 4350 1060 4403 id
1075 4353 1122 4404 est
1136 4349 1190 4420 lta,
1207 4351 1299 4405 missa
1315 4351 1476 4420 ast3alium
1490 4352 1582 4407 missa
1592 4352 1630 4408 de
1640 4355 1784 4425 tempore,

57 4440 201 4511 praedicta
215 4439 303 4509 lecit3
320 4440 373 4495 sed
388 4456 454 4495 cum
466 4441 495 4495 in
504 4439 723 4512 ltnojudieabit,
734 4439 890 4495 manifesta
947 4437 1032 4493 idest
1047 4439 1265 4494 Benedicamus
1279 4440 1412 4496 Domino.
1424 4441 1522 4495 Alium
1536 4442 1631 4496 misse
1643 4456 1698 4514 pro
1712 4441 1785 4497 ilde·

56 4528 415 4599 eritsicutscriptumest:
426 4529 890 4602 GopnosceturDominusjudioia
948 4527 1028 4582 libus
1043 4527 1203 4599 defunctis,
1219 4529 1249 4582 id
1264 4531 1311 4583 est
1322 4529 1522 4601 Requiesoant
1537 4531 1568 4583 in
1579 4544 1663 4603 pace.
1681 4529 1713 4585 ln
1724 4529 1783 4586 tine

57 4617 343 4689 tacienstPsal.1x).
356 4618 440 4673 Unde
452 4621 480 4672 et
489 4619 519 4672 in
530 4621 633 4689 quarto
645 4618 747 4673 ordine
762 4616 891 4673 Cenoma
949 4615 1051 4670 missae
1062 4632 1116 4686 pro
1127 4618 1250 4688 sanctis,
1264 4617 1403 4672 invitatur
1413 4618 1449 4672 ad
1460 4616 1540 4672 illam
1551 4617 1676 4691 gloriam
1687 4618 1717 4673 in
1726 4634 1785 4691 qua

57 4707 201 4762 memoria
210 4707 245 4762 de
254 4707 350 4762 tribus
358 4706 524 4761 manifestis
533 4708 728 4777 praemittitur.
737 4706 778 4762 De
787 4709 892 4778 quarto
944 4703 1009 4775 jam
1024 4705 1119 4758 sancti
1135 4706 1509 4776 requiescunt.1tc,missa
1524 4711 1579 4777 est,
1592 4707 1680 4779 quasi
1694 4708 1783 4780 dicat,

57 4798 166 4866 antem,
184 4796 214 4850 id
229 4798 276 4851 est
289 4796 436 4866 protunda
451 4796 519 4867 quia
533 4796 680 4851 occultum
700 4798 747 4850 est
767 4798 891 4851 tacetur.
948 4793 1055 4848 Hostia
1070 4809 1086 4847 a
1102 4793 1189 4848 Patre
1204 4794 1241 4848 ad
1256 4809 1312 4849 nos
1336 4794 1428 4849 missa
1453 4798 1508 4865 est,
1526 4795 1573 4850 vel
1596 4811 1612 4850 a
1636 4797 1725 4852 nobis
1747 4797 1785 4852 ad

57 4884 187 4950 Quartus
203 4885 275 4940 ordc
291 4887 355 4940 est:
377 4885 461 4941 Unde
476 4891 506 4940 ct
519 4901 674 4952 memores,
688 4885 821 4955 Domine,
834 4887 891 4940 etc.
948 4881 1065 4937 Patrem
1075 4883 1203 4937 remissa
1217 4887 1280 4952 eat;
1295 4882 1363 4937 ideo
1379 4883 1419 4938 lte
1434 4883 1463 4938 id
1479 4888 1526 4939 ast
1541 4884 1689 4958 festinate,
1706 4888 1786 4943 sieut

57 4974 130 5029 ltem
144 4973 176 5027 in
189 4973 332 5045 passione
354 4976 540 5044 contemptus
561 4976 679 5045 mundi,
700 4975 730 5029 in
754 4989 892 5030 resurre-
947 4970 1784 5051 dicitApostolustb'cstinemusinprcdiinillamrequiem

57 5061 428 5133 ctione,c0ntemptusll1it
442 5062 509 5134 sui,
535 5062 566 5118 in
588 5063 776 5134 ascensione,
807 5079 892 5118 amor
948 5059 1052 5131 (Heba.
1071 5067 1121 5131 rr).
1138 5060 1221 5115 Finis
1236 5076 1308 5117 vero
1320 5060 1423 5117 missae
1444 5062 1480 5118 de
1502 5066 1636 5135 tempore
1651 5064 1787 5122 hortetur

56 5151 120 5208 Ilei:
137 5152 169 5206 in
183 5152 299 5207 occulta
309 5154 463 5224 potestate,
480 5152 577 5208 timor.
589 5152 779 5225 Contemptus
794 5157 892 5208 antem
947 5165 1014 5220 nos,
1026 5150 1076 5222 qui
1085 5164 1190 5205 summ
1202 5151 1382 5223 intempore,
1394 5154 1426 5206 ut
1435 5152 1648 5210 benedicamus
1659 5154 1785 5213 Domine

56 5242 105 5297 sui
112 5240 246 5297 excludit
253 5240 474 5311 verbositatem,
484 5244 670 5312 contemptus
678 5242 893 5313 mundi,eurio·
947 5238 978 5294 in
994 5238 1172 5295 adversitate
1187 5241 1216 5294 et
1225 5240 1432 5312 prosperitate,
1450 5241 1540 5297 idest
1558 5243 1589 5298 in
1609 5244 1689 5300 omni
1708 5247 1786 5300 tenr-

56 5331 193 5400 sitatem3
206 5344 290 5384 amor
304 5329 367 5400 Dei,
388 5330 703 5402 iniquitatem31imor,
727 5331 890 5386 libidinem.
947 5344 1029 5399 pore.
1047 5327 1132 5383 Unde
1153 5328 1245 5383 David
1264 5344 1271 5384 :
1294 5329 1476 5385 benedicam
1499 5331 1646 5387 domiuum
1659 5333 1692 5388 in
1707 5332 1788 5388 omui

58 5419 459 5476 Detribusdistinetionibus
474 5419 549 5475 tituli
561 5433 568 5476 :
578 5420 608 5474 in
618 5421 691 5476 lesu
703 5420 777 5475 tides
788 5419 892 5475 intelli·
950 5416 1182 5490 temporetPsal.
1195 5419 1280 5485 xxm)
1296 5422 1347 5487 ;et
1376 5419 1465 5476 alibi:
1487 5421 1537 5476 Ad
1554 5421 1786 5477 annuntiandam

58 5510 149 5584 gitur,
165 5509 234 5566 sine
247 5522 305 5582 qus
319 5522 406 5565 nemo
420 5508 571 5581 salvatur3
586 5511 618 5564 in
632 5509 785 5567 Nazareno
800 5524 889 5583 spes,
947 5520 1034 5563 mene
1044 5507 1284 5564 misericerdiam
1297 5513 1383 5576 tuam,
1396 5514 1425 5564 at
1438 5509 1596 5566 veritatem
1603 5525 1663 5582 per
1672 5513 1787 5568 boetem

56 5598 206 5658 Nazareth
230 5597 309 5656 emm
329 5596 388 5656 llos
408 5596 624 5672 iubrpmtntur,
640 5598 679 5657 de
701 5613 761 5675 quo
775 5595 890 5659 mons
947 5594 1046 5669 (Part.
1066 5597 1120 5671 ax).
1136 5595 1170 5655 ln
1184 5611 1270 5656 meno
1285 5598 1480 5673 prosperitas,
1498 5612 1685 5673 maeones
1698 5598 1789 5659 meri·

219 5715 349 5777 Pernen.
367 5712 542 5778 axxvn.
1555 5713 1598 5775 *ts
