3796 6022
49 235 104 303 105
422 238 477 308 oe
501 237 662 308 sescus
684 225 737 307 er
756 240 868 309 nens
891 237 1032 312 senus
1057 244 1213 311 unser
1233 239 1398 315 sertus,
1709 251 1769 316 106

80 439 185 495 Ustule
208 441 320 496 vermis
345 445 391 497 est
413 445 511 514 porci,
536 445 681 516 appellata
703 446 781 517 quod
805 447 877 517 urit,
893 436 923 496 A
939 443 1068 498 dentium
1085 447 1113 498 et
1127 461 1260 517 aeguum
1271 445 1448 500 immanitate
1458 448 1615 517 armatum,
1631 449 1768 521 tantaque

48 544 111 583 nem
125 529 178 583 ubi
194 531 394 602 momorderit,
410 532 483 586 adeo
499 535 556 587 urit
567 538 597 589 ut
608 535 706 589 stetim
717 536 827 591 vesicae
837 536 879 591 ibi
938 532 1014 586 cutis
1026 532 1131 586 duritie
1143 537 1173 587 ut
1183 533 1209 586 si
1221 533 1341 587 fortium
1353 534 1414 587 ictu
1424 533 1553 603 lepidum
1563 539 1647 608 terge
1658 551 1765 607 pereu-
1814 607 1816 612 Ι

48 617 124 671 fient.
937 620 1034 689 tiatur,
1047 621 1157 675 illinon
1168 624 1281 675 noceat.
1298 621 1391 676 Nocte
1407 623 1437 675 in
1451 623 1552 693 equis,
1569 623 1616 678 die
1630 625 1662 678 in
1677 626 1767 682 hume

79 705 185 761 Cimex
200 708 312 761 vermis
327 707 436 762 fetidus
448 709 478 763 in
487 710 650 779 parietibus
662 715 691 767 et
700 712 816 768 lecticis
832 728 882 766 na·
937 709 1073 779 quiescit,
1087 724 1142 762 ova
1153 709 1183 762 in
1193 713 1270 763 terre
1286 709 1375 778 fovet,
1391 710 1543 765 masculus
1558 716 1587 765 ct
1597 712 1705 767 semina
1720 713 1768 768 in·

48 810 146 864 scens,
161 795 199 848 ob
211 795 883 872 similitudinemeimaehe1=bae,cujusietorem
938 797 1065 851 cubandi
1080 797 1162 850 vices
1178 802 1307 853 servant.
1331 798 1417 852 Hunc
1432 813 1516 853 serra
1530 804 1664 856 ventrem
1677 802 1768 859 dese·

48 882 149 951 habet,
168 889 301 938 vocetur.
320 884 441 954 Proprie
456 889 553 939 autem
564 888 674 942 vermis
686 889 715 943 in
733 905 820 944 cerne
834 906 885 959 pu·
939 902 1010 940 cans
1026 885 1175 941 interimit.

48 971 121 1024 trida
138 972 285 1040 nascitur,
301 971 379 1025 tinea
390 972 420 1026 in
430 974 626 1043 vestimentis,
643 991 731 1030 eruca
746 978 776 1031 in
791 978 882 1048 olere,
974 975 1089 1044 Lupum
1104 974 1228 1028 avidites
1243 975 1401 1045 appellavit
1415 975 1528 1045 piscem
1538 976 1728 1048 ingeniosum
1738 980 1769 1034 in

48 1059 149 1114 teredo
166 1060 197 1113 in
211 1059 304 1131 ligno,
317 1063 429 1114 tarmus
440 1061 470 1114 in
481 1061 574 1116 lerdo.
586 1062 703 1118 Vermis
714 1080 772 1120 non
783 1070 814 1121 ut
824 1082 885 1120 ser
939 1067 1068 1132 captura.
1092 1062 1224 1134 Denique
1250 1062 1449 1117 circumdatus
1470 1064 1525 1118 reti
1549 1063 1642 1120 fertur
1661 1082 1768 1122 arenae

48 1163 120 1217 pens
130 1149 247 1218 apertis
258 1149 411 1219 passibus,
423 1150 470 1202 vel
482 1165 702 1220 squammarum
711 1154 827 1209 nisibus
838 1170 884 1209 re·
939 1167 1023 1206 erare
1039 1151 1142 1220 cauda,
1159 1155 1246 1222 atque
1261 1151 1301 1204 ite
1315 1151 1508 1205 absconditus
1522 1154 1649 1208 transire
1664 1159 1736 1211 rete.

48 1237 96 1306 pit,
112 1237 260 1306 quianon
276 1240 323 1290 est
337 1236 378 1290 illi
395 1238 488 1307 spinee
500 1239 582 1310 rigor
596 1243 628 1294 ut
643 1241 768 1312 colubri,
785 1242 885 1299 sedin
975 1239 1084 1294 Mullus
1098 1243 1222 1294 vocetus
1243 1255 1278 1294 eo
1301 1239 1381 1310 quod
1402 1240 1440 1293 sit
1462 1240 1559 1294 mollis
1573 1245 1660 1313 atque
1674 1247 1768 1314 tener,

50 1326 195 1378 directum
205 1325 378 1395 corpusculi
388 1326 435 1379 sui
443 1329 542 1395 partes
551 1328 696 1399 gradatim
703 1330 884 1403 porrigendo
941 1328 1029 1399 cujus
1048 1328 1115 1382 cibo
1140 1327 1430 1383 tradunt‘libidinem
1451 1328 1594 1400 inhiberi,
1618 1331 1771 1386 oculorum

51 1416 219 1467 contrectes
235 1417 262 1467 et
278 1414 477 1482 contrahendo
492 1421 660 1486 porrectas,
676 1422 773 1474 motus
789 1419 885 1490 expli·
940 1419 1034 1471 aciem
1049 1416 1192 1470 hebeteri.
1208 1416 1351 1471 Homines
1371 1431 1452 1486 vero,
1470 1417 1582 1488 quibis
1600 1433 1679 1489 soepe
1694 1419 1772 1489 pesti

52 1505 105 1571 cat,
122 1502 231 1572 sicque
246 1502 374 1573 agitatus
391 1502 560 1572 perlabitur.
941 1509 1020 1575 sunt,
1032 1504 1146 1575 piscem
1161 1505 1249 1559 olent.
1264 1505 1373 1559 Mullus
1390 1505 1419 1559 in
1434 1504 1503 1559 vino
1518 1508 1651 1577 nocetne,
1668 1507 1706 1562 iis
1721 1507 1773 1578 qui

119 1590 193 1644 Cer.
210 1590 271 1645 LV.
288 1590 333 1645 De
343 1591 471 1662 piscium
486 1592 675 1648 diversorum
691 1597 817 1651 ceteris.
940 1596 1009 1650 inde
1024 1594 1162 1664 biberint,
1179 1597 1229 1648 aut
1243 1594 1340 1665 ipsum
1362 1594 1556 1665 comederint,
1577 1595 1698 1650 taedium
1711 1595 1774 1652 vini

87 1679 194 1734 Pisces
210 1679 291 1750 dicti,
307 1679 385 1734 unde
401 1683 570 1750 etpeeus,e
585 1683 734 1751 pascendo
749 1684 883 1741 scillicet.
942 1686 1074 1756 generat.

57 1769 193 1838 lleptilie,
210 1768 278 1823 ideo
294 1768 432 1822 dicuntur
450 1769 514 1823 haec
537 1785 603 1840 ques
625 1774 737 1842 natam,
757 1790 792 1829 eo
807 1735 927 1846 qnodB
963 1761 1100 1844 'Mugilis
1120 1787 1227 1826 nomen
1247 1771 1349 1841 habet,
1372 1772 1451 1843 quod
1470 1772 1509 1826 sit
1527 1772 1650 1828 multum
1663 1773 1774 1846 egilie;

56 1857 190 1927 reptandi
201 1857 310 1910 habent
321 1857 451 1926 speciem
463 1861 645 1929 cincturam,
658 1863 793 1930 quamvis
809 1880 842 1918 se
857 1866 888 1919 in
944 1878 1027 1931 nam,
1049 1865 1081 1914 ut
1100 1860 1261 1930 dispositas
1281 1861 1410 1915 senserit
1429 1860 1610 1931 piscatorum
1629 1862 1773 1934 insidias,

56 1945 236 2016 protundum
246 1949 391 2017 mergent,
403 1947 795 2020 tameninnatendorepunt.
807 1952 889 2009 Unde
944 1950 1101 2006 confestim
1121 1954 1284 2003 retrorsum
1306 1949 1424 2004 rediens
1448 1950 1488 2004 ita
1509 1951 1637 2006 transilit
1654 1954 1727 2022 rete,
1742 1953 1775 2006 ut

57 2039 82 2088 et
92 2034 187 2088 David
198 2034 255 2089 ait:
268 2034 330 2088 Hoc
344 2051 427 2088 mere
437 2051 572 2106 ntegrum
589 2043 618 2091 et
632 2040 792 2109 spetiosum
802 2043 894 2096 mani·
943 2040 1043 2094 volare
1059 2038 1173 2107 piscem
1189 2038 1304 2092 credes.

57 2123 890 2201 bus,illicrcptiliequernmnoeestnutrierusffselcm).
980 2129 1136 2182 Innumero
1159 2126 1250 2197 igitur
1272 2141 1383 2198 genera
1406 2127 1550 2198 piscium,
1577 2130 1606 2182 et
1628 2127 1776 2183 innumeri

90 2210 252 2281 Amphibie
273 2213 342 2265 suut
364 2213 499 2282 quedam
518 2229 629 2285 genera
651 2215 779 2286 piscium
798 2219 891 2291 dicta,
944 2232 1019 2271 usus
1035 2231 1147 2270 eorum.
1164 2215 1223 2268 dlii
1237 2230 1292 2268 ove
1308 2218 1464 2286 generant,
1480 2219 1511 2270 ut
1530 2217 1606 2270 varii
1626 2216 1774 2288 majores,

58 2301 133 2372 quod
150 2302 181 2354 in
199 2302 278 2354 terra
299 2303 328 2353 et
350 2301 379 2353 in
402 2301 487 2370 equis
512 2302 655 2373 viventia,
678 2305 847 2361 ambulandi
862 2308 892 2361 in
946 2321 1022 2378 quos
1037 2307 1144 2359 vocant
1158 2306 1280 2373 tructaS,
1297 2307 1325 2358 et
1335 2306 1421 2374 aquis
1432 2304 1559 2358 fovenda
1575 2305 1775 2375 committunt;

61 2394 136 2444 terre
152 2404 254 2458 usum,
270 2391 299 2442 et
313 2389 432 2442 natandi
452 2389 482 2442 in
503 2391 589 2460 aquis
609 2391 739 2447 osticium
755 2394 891 2449 habeant.
944 2410 1020 2465 aqua
1035 2409 1106 2448 vero
1122 2394 1245 2465 generet
1259 2396 1288 2445 et
1299 2396 1388 2463 creet,
1402 2396 1430 2447 et
1440 2393 1537 2448 adhuc
1552 2393 1681 2449 mandati
1694 2394 1775 2449 illius

60 2478 165 2549 Amphi
177 2475 269 2550 [ἀμφι]
280 2477 358 2531 enim
368 2477 481 2547 Graece,
494 2482 650 2551 utrumque
662 2481 770 2537 dicitur
780 2483 892 2556 Latine,
945 2484 1022 2556 legis
1038 2486 1188 2553 perpetue
1203 2496 1311 2536 munus
1322 2483 1505 2553 exsequitur,
1517 2485 1656 2553 tanquam
1669 2481 1777 2538 blenda

60 2567 143 2622 idest
154 2583 224 2638 quae
235 2568 265 2620 in
277 2566 365 2621 terris
376 2569 404 2620 et
417 2567 503 2637 equis
519 2568 631 2639 vivunt,
649 2575 680 2624 ut
694 2571 809 2643 ploce,
827 2590 895 2629 cro·
945 2576 1038 2626 meter
1053 2571 1254 2625 animantium.

60 2656 157 2727 coditi,
175 2655 387 2727 hippopotami,
404 2655 433 2709 id
448 2659 496 2710 est
510 2659 577 2728 equi
594 2658 758 2716 fluctuates.
980 2661 1039 2715 Alii
1053 2662 1139 2714 vivos
1155 2660 1233 2715 letus
1250 2660 1340 2714 edunt
1354 2659 1390 2714 de
1401 2675 1457 2714 suo
1469 2675 1604 2732 corpore,
1622 2663 1653 2715 ut
1664 2662 1727 2717 cete
1738 2660 1779 2717 in·

93 2746 136 2802 De
152 2746 260 2816 espido
280 2745 404 2799 chelone
424 2744 535 2799 dictum
555 2751 601 2801 est
616 2747 696 2804 libro
710 2767 745 2820 11,
762 2766 823 2822 cap.
840 2753 893 2807 36.
946 2750 1054 2823 gentia,
1071 2749 1226 2819 delphines
1242 2753 1271 2803 et
1285 2748 1399 2819 phocae,
1416 2749 1531 2821 aliaque
1548 2754 1654 2805 caetera
1668 2750 1779 2823 hujus·

93 2833 895 2908 Ballenaeauternsuntimmeusaemagnitudinisbestiee
947 2839 1040 2909 modi,
1065 2853 1131 2909 quae
1154 2852 1221 2892 cum
1237 2837 1327 2891 edunt
1340 2842 1458 2909 pertus,
1476 2839 1503 2892 si
1519 2839 1589 2910 quid
1603 2839 1780 2896 insidiarum

60 2924 94 2980 ab
105 2923 267 2978 emittendo
277 2921 463 2977 attundendo
472 2939 565 2994 aquas
574 2924 669 2980 dietae.
683 2925 807 2983 (laeteris
818 2929 896 2985 enirn
948 2928 1033 2997 torte,
1049 2928 1232 2997 terrorisque
1246 2927 1462 2996 praesenserint
1482 2929 1561 2981 circa
1576 2928 1689 2983 catulos
1705 2944 1779 2985 suos

60 3013 166 3068 bestiis
179 3013 272 3066 meris
282 3011 378 3083 magis
388 3012 480 3065 vomit
496 3013 600 3068 undae.
617 3015 715 3079 βάλλειν
726 3017 804 3071 enim
814 3019 896 3074 Grm-
947 3032 1077 3089 unquam
1088 3016 1194 3086 moliri,
1206 3030 1265 3086 quo
1279 3019 1416 3069 tueantur
1431 3030 1494 3086 eos,
1506 3016 1553 3070 vel
1564 3020 1673 3072 tenerae
1683 3017 1779 3092 petetis

61 3118 92 3157 ce
103 3103 240 3156 emittere
251 3099 414 3172 ctjeculeri
424 3100 541 3154 dicitur.
552 3101 704 3159 Masculus
713 3105 839 3162 hellene
850 3111 896 3162 est
910 3075 936 3137 C
949 3111 1080 3160 materno
1094 3103 1201 3159 affectu
1214 3119 1354 3174 pavorem
1374 3104 1581 3174 comprimant,
1597 3104 1713 3174 aperire
1728 3119 1779 3158 ore

61 3191 231 3260 musculus,
254 3189 321 3261 ejus
341 3189 419 3244 enim
439 3189 519 3243 coitu
539 3190 695 3261 concipere
716 3193 781 3249 haec
797 3195 896 3251 bellue
949 3196 1106 3264 exteriore,
1123 3197 1151 3247 et
1165 3197 1266 3264 partus
1282 3208 1354 3248 suos
1371 3192 1509 3247 dentibus
1523 3192 1718 3263 suspendere,
1735 3192 1779 3248 in-

60 3281 178 3336 dicitur.
196 3279 250 3334 Est
261 3279 347 3333 etiam
359 3277 457 3332 bellue
468 3278 498 3332 in
510 3279 593 3350 mari,
606 3296 672 3350 quae
684 3282 791 3338 dicitur
801 3300 895 3357 serre,
949 3288 1092 3354 ternoque
1107 3283 1239 3352 recipere
1251 3297 1386 3352 corpore,
1398 3285 1426 3336 et
1436 3281 1558 3353 genitali
1568 3281 1703 3336 teruntur
1712 3282 1780 3337 alvo

61 3372 94 3425 de
111 3368 244 3441 quelib-
263 3385 298 3437 11,
314 3383 377 3438 cap.
394 3366 448 3421 22.
949 3372 1144 3427 abscondere.
1160 3371 1233 3436 Quis
1249 3370 1395 3425 humanus
1413 3371 1536 3425 allectus
1552 3371 1628 3424 hene
1643 3370 1781 3441 pietatem

97 3458 263 3529 Delphines
281 3461 393 3511 certum
409 3455 518 3511 hebent
529 3473 634 3515 nomen
646 3459 693 3514 vel
709 3462 896 3535 vocabulum,
949 3461 1076 3532 piscium
1085 3461 1181 3531 poscit
1189 3460 1318 3513 imitari?
1328 3459 1436 3514 Oscula
1445 3474 1547 3513 eorum
1558 3460 1646 3514 nobis
1655 3459 1782 3515 satietati

61 3550 138 3620 quod
154 3563 250 3603 senos
266 3546 418 3601 hominum
428 3550 600 3617 sequantur,
613 3549 660 3602 vel
671 3550 750 3618 quod
766 3551 802 3604 ed
819 3568 898 3622 sym·
950 3555 1029 3619 sunt,
1042 3550 1102 3603 illis
1112 3565 1172 3604 non
1183 3549 1256 3603 satis
1268 3552 1314 3604 est
1320 3549 1434 3618 aperire
1445 3549 1572 3618 viscere,
1584 3551 1729 3621 natosque
1739 3563 1784 3603 re·

61 3639 202 3709 phoniam
214 3636 361 3709 gregatim
372 3636 558 3689 convenient.
571 3635 650 3690 Nihil
662 3638 749 3692 estin
760 3641 833 3692 meri
849 3657 899 3695 ve·
951 3641 1059 3710 cipere,
1072 3643 1101 3693 et
1110 3653 1251 3692 revocare
1262 3638 1406 3708 integros,
1418 3640 1505 3708 etque
1520 3637 1626 3691 iterum
1636 3637 1715 3692 tetus
1726 3652 1783 3692 sue

63 3728 158 3782 locius
167 3725 328 3780 istis.Nem
336 3725 509 3794 plerumque
518 3725 758 3780 nevessalientes
766 3731 898 3784 transvo·
953 3729 1049 3784 calore
1065 3728 1205 3797 animare,
1222 3730 1250 3782 et
1264 3727 1369 3795 spiritu
1383 3727 1502 3780 adolere
1518 3741 1583 3796 suo,
1602 3727 1736 3797 duosque
1751 3726 1783 3780 in

63 3817 131 3871 lant.
144 3815 268 3880 Quando
279 3817 376 3868 autem
387 3814 554 3883 praeludunt
564 3814 593 3866 in
604 3815 753 3884 tluctibus,
767 3819 795 3870 et
806 3819 899 3872 unde-‘
953 3833 1062 3887 corpus
1079 3832 1168 3870 unum
1182 3815 1348 3883 immittere,
1365 3814 1459 3868 donec
1479 3818 1528 3868 aut
1541 3814 1577 3868 ad
1593 3816 1783 3869 securitatem

62 3923 127 3961 rum
139 3922 175 3959 se
186 3904 316 3958 motibus
331 3903 475 3972 praecipiti
490 3903 567 3956 saltu
583 3902 689 3974 serunt,
707 3909 897 3976 tempestates
953 3907 1095 3975 delerant,
1112 3909 1161 3959 eut
1172 3904 1306 3974 eorporis
1317 3904 1365 3958 sui
1376 3902 1494 3973 objectu
1505 3907 1590 3957 natos
1601 3918 1675 3957 suos
1686 3902 1785 3958 deien-

63 3994 236 4066 significare
242 3991 692 4060 videntur.Hipropriesimones
698 3995 896 4050 nominantur.
953 3996 1024 4049 dant
1036 4011 1053 4047 e
1067 3993 1219 4065 periculis,
1235 3993 1308 4058 Quis
1319 3992 1383 4046 haec
1394 3992 1499 4047 videns
1511 4007 1570 4047 non
1579 3996 1668 4047 tentae
1683 3993 1785 4062 pietati

64 4084 117 4138 Est
130 4087 160 4137 et
175 4081 348 4152 delphinum
359 4077 455 4151 genus
467 4080 497 4133 in
508 4081 575 4134 Nilo
591 4081 710 4136 flumine
726 4083 816 4139 dorse
831 4101 898 4139 ser·
954 4085 1080 4154 piscium
1097 4083 1204 4137 cedat?
1220 4081 1287 4152 quis
1303 4095 1361 4136 non
1374 4081 1496 4135 miretur
1506 4084 1535 4135 et
1549 4084 1665 4150 stupeat
1679 4084 1711 4136 ut
1725 4095 1787 4136 ser·

64 4178 136 4242 rato,
154 4172 207 4243 qui
223 4169 390 4224 crocodilos
401 4171 501 4222 tenera
512 4171 658 4223 ventrium
668 4171 845 4228 desecantes
855 4174 899 4228 in·
954 4177 1003 4227 vet
1018 4177 1121 4226 natura
1135 4172 1165 4225 in
1179 4171 1315 4240 piscibus
1330 4170 1409 4241 quod
1424 4185 1483 4224 non
1497 4174 1597 4224 servet
1611 4172 1642 4225 in
1658 4169 1786 4226 homini·

65 4262 215 4317 terimnnt.
955 4262 1035 4315 bus?
1051 4260 1204 4330 Pleraeque
1219 4259 1391 4329 suspicione
1402 4259 1570 4315 novercalis
1581 4260 1641 4314 odii
1650 4259 1786 4330 eppetitae

100 4350 189 4406 Porci
200 4348 315 4417 marini,
327 4346 378 4418 qui
386 4347 477 4419 vulgo
485 4350 628 4402 vocentur
637 4348 726 4419 suilli,
738 4350 816 4420 quie,
830 4351 899 4406 dum
914 4366 942 4429 D
956 4365 1029 4404 suos
1044 4349 1216 4403 occiderunt
1234 4347 1312 4402 lilios
1325 4363 1333 4418 3
1355 4347 1420 4402 alies
1443 4349 1473 4403 in
1492 4347 1578 4417 ieme,
1594 4352 1626 4402 ut
1640 4348 1786 4419 legimus,

66 4456 166 4495 escam
175 4440 322 4509 quaerunt,
333 4451 414 4490 more
423 4436 488 4489 suis
497 4437 605 4490 terram
614 4437 764 4508 subaquis
773 4438 899 4496 fodiunt.
955 4442 1058 4509 partus
1068 4437 1204 4507 proprios
1216 4437 1416 4506 comederunt,
1426 4440 1454 4491 et
1462 4436 1599 4491 humanis
1610 4435 1787 4507 pignoribus

65 4528 150 4582 Circa
166 4531 269 4599 guttur
282 4526 361 4580 enim
376 4524 485 4579 hahent
499 4526 561 4579 oris
578 4524 718 4596 oiilcium,
736 4531 765 4581 et
778 4529 838 4582 nisi
853 4546 900 4584 ro·
956 4531 1049 4582 mater
1059 4526 1228 4597 sepulcrum
1241 4525 1316 4579 fecta
1327 4529 1382 4580 est.
1396 4526 1526 4579 Piscium
1537 4528 1634 4579 autem
1645 4522 1789 4592 proliute

68 4622 162 4672 strum
177 4616 277 4670 arenis
292 4615 478 4686 immergant,
495 4616 611 4683 pastum
626 4630 685 4668 non
700 4615 852 4689 colligunt.
956 4633 1008 4671 rus
1018 4615 1150 4686 parentis
1158 4616 1236 4668 sicut
1245 4613 1442 4684 murus,vello
1452 4612 1579 4684 quodam
1589 4616 1790 4668 maternorum

101 4705 226 4761 Gladius
246 4704 354 4758 dicitur
376 4703 413 4757 ob
431 4703 501 4773 hoc,
519 4702 598 4772 quod
613 4706 710 4758 rostro
731 4710 901 4761 mucronato
956 4700 1790 4775 viscerumpignorainoffensaconservetliiverseigitur

68 4796 116 4865 sit,
131 4792 348 4865 propterquod
363 4807 455 4845 naves
471 4791 625 4860 perios'ses
643 4795 759 4865 mergit.
957 4794 1085 4863 piscium
1094 4808 1204 4864 genere
1214 4789 1561 4845 diversosusushuhent.
1572 4790 1790 4863 hliiovagene·

102 4884 193 4939 Serre
208 4883 385 4951 nuncupate,
404 4880 482 4951 quod
492 4884 635 4934 serratam
651 4881 758 4937 hebeat
771 4884 902 4956 cristam,
959 4886 1041 4952 rant3
1056 4882 1105 4935 elii
1121 4882 1207 4934 vivos
1223 4883 1251 4933 et
1264 4879 1407 4933 formatos
1422 4882 1567 4950 generent
1581 4879 1659 4935 tetus
1668 4921 1676 4950 ,
1697 4882 1726 4934 et
1741 4878 1793 4951 qui

68 4977 95 5029 et
110 4973 322 5027 subternatans
338 4983 431 5023 neves
446 4972 537 5023 secat.
960 4987 1016 5026 ova
1030 4971 1184 5042 generant,
1203 4983 1261 5022 non
1285 4968 1371 5022 nidos
1395 4971 1497 5023 texunt
1520 4970 1551 5022 ut
1564 4984 1648 5038 aves,
1663 4983 1724 5024 non
1737 4982 1792 5039 per

103 5061 250 5130 Scorpius
264 5059 377 5126 dictus,
400 5057 468 5127 quie
491 5057 572 5112 laedit
593 5074 659 5112 cum
682 5076 769 5115 menn
784 5060 904 5119 tollitur.
961 5057 1649 5128 diuturnumletuslaboremiuduunt,noncum
1657 5057 1794 5112 molestia

70 5151 203 5206 Tradunt
221 5147 301 5202 enim
323 5145 442 5217 quidam
464 5145 568 5200 decem
590 5150 708 5202 cancris
727 5165 794 5203 cum
812 5153 907 5221 ozymi
963 5150 1010 5204 sui
1019 5150 1160 5204 nutriunt.
1173 5147 1287 5201 Decidit
1297 5162 1395 5216 ovum,
1408 5147 1487 5218 quod
1497 5163 1574 5217 aque
1585 5148 1713 5218 quodam
1723 5160 1795 5219 gre·

71 5237 221 5310 manipulo
237 5234 420 5305 adalligatis,
442 5249 545 5290 omnes
565 5237 616 5306 qui
631 5236 672 5290 ibi
687 5241 756 5292 sunt
770 5239 907 5310 scorpios
963 5241 1022 5295 mio
1041 5253 1105 5292 sure
1127 5240 1239 5292 neturoe
1261 5236 1348 5307 quasi
1371 5236 1472 5289 nutrix
1491 5235 1599 5289 blenda
1614 5235 1750 5307 suscipit,
1766 5236 1795 5290 et

72 5330 108 5384 ad
122 5343 192 5383 eum
205 5325 305 5380 locum
320 5323 509 5394 congregati·
964 5329 1071 5385 enimet
1087 5326 1187 5381 coeleri
1203 5326 1266 5381 totu
1280 5325 1385 5380 reddit.
1403 5325 1548 5379 Continuo
1564 5325 1642 5379 enim
1657 5328 1737 5380 tectu
1750 5337 1799 5393 pe·

105 5414 296 5485 Crocodilus,
313 5429 331 5468 a
350 5427 456 5468 croceo
479 5413 578 5469 colore
598 5414 710 5486 dietus,
731 5416 865 5489 gignitur
879 5419 910 5476 in
966 5420 1059 5477 rentis
1074 5417 1234 5472 animatum
1249 5431 1337 5472 ovum
1347 5415 1426 5489 quod
1437 5414 1555 5482 decidit,
1571 5417 1601 5468 et
1616 5413 1710 5486 piscis
1725 5410 1796 5468 exit.

73 5508 140 5568 Nilo
150 5503 285 5575 humine,
297 5501 405 5560 animal
418 5501 598 5575 quadrupes,
610 5503 641 5560 in
655 5505 735 5562 terra
745 5510 774 5562 et
783 5506 814 5565 in
824 5511 911 5582 equis
1002 5506 1115 5568 Deinde
1131 5521 1218 5582 quam
1232 5521 1307 5580 pure
1317 5508 1346 5564 et
1355 5504 1495 5562 inviolata
1505 5504 1674 5574 successio,
1689 5501 1721 5557 ut
1734 5497 1800 5555 nul·

72 5599 192 5673 vivens,
213 5592 400 5670 longitudine
422 5591 588 5669 plerunque
607 5594 713 5673 viginti
730 5597 911 5680 cubitorum,
966 5613 1015 5675 tus
1023 5604 1117 5683 elteri,
1130 5607 1184 5664 sed
1193 5605 1297 5680 generi
1306 5618 1361 5663 suo
1369 5600 1563 5672 misceretur3
1575 5593 1713 5652 nescient
1722 5588 1802 5650 enim

220 5713 330 5778 Peren.
360 5713 534 5784 ccxxvii.
1665 5738 1692 5813 i,
