3816 6030
60 263 121 331 353

53 469 304 539 superhumerale
316 470 393 540 quod
406 470 544 525 hebraice
565 471 672 525 dicitur
687 471 793 541 ephod,
808 470 898 543 justi-

53 559 136 626 tiam,
173 559 525 629 ltationalequodt‘bacei
554 559 637 625 idme
674 560 900 630 appellant,sa-

52 648 197 717 pientiam
213 648 360 720 designat,
376 649 531 719 utriusque
550 652 652 719 typum
670 650 796 703 amictus
812 651 902 703 eonti-

54 743 103 790 net
119 736 215 790 :irride
231 739 259 790 et
276 736 416 790 humeros
432 737 558 808 protegit
569 741 719 807 etpeetus.
737 738 817 791 Stolo
833 754 899 808 qliae

54 826 114 879 alio
131 827 250 879 nornine
266 827 395 879 orarimn
410 826 526 893 dieitur,
545 827 573 879 in
589 827 743 896 prosperis
764 828 902 880 etadver·

56 915 102 966 sis
118 914 319 968 fortitudinem
336 914 494 985 significat,
506 915 636 985 sinequu
648 919 766 968 caeterae
775 915 900 969 virtutes

56 1008 277 1073 expugnantur,
303 1006 331 1056 et
361 1003 479 1056 minium
509 1007 697 1057 coarmantur.
732 1004 899 1075 longitude

56 1092 144 1144 stelae
161 1095 227 1146 nota
238 1092 500 1161 perseverantiam,
515 1093 592 1145 idem
605 1093 681 1162 qriod
701 1093 797 1146 tunica
807 1093 899 1146 iubar

58 1181 139 1250 qued
158 1182 222 1249 ipsa
237 1181 339 1233 tutaris
359 1184 414 1245 est,
429 1181 483 1233 hoe
507 1182 598 1234 estin
622 1182 760 1250 patientia
784 1182 899 1235 tandem

57 1271 174 1323 aniuras
190 1269 349 1345 possideri,
367 1270 443 1339 quod
473 1270 508 1322 ad
540 1269 737 1323 tortitudinem
763 1271 897 1340 pertinet,

56 1358 144 1421 Quod
155 1359 231 1412 stota
248 1362 344 1411 autem
361 1375 427 1412 cum
448 1374 519 1411 zona
534 1358 692 1428 colligitur,
712 1358 805 1411 innuit
820 1359 898 1428 qued

56 1448 185 1500 virtutes
194 1447 533 1500 virtutibusadunantur.
543 1448 596 1500 llis
606 1448 785 1516 supradictis
798 1448 899 1500 casula

59 1535 233 1605 apponitur:
251 1551 317 1605 qua>
333 1535 390 1588 alio
406 1537 523 1589 nomine
538 1537 653 1605 planeta
669 1536 714 1589 rel
728 1535 899 1589 inlutadici·

61 1629 119 1678 tur.
133 1625 205 1677 llaec
222 1624 393 1677 charitatem
410 1626 556 1694 exprimit,
573 1641 639 1694 quac
655 1625 720 1678 loco
736 1625 898 1695 prudentiae

61 1713 192 1783 ponitur,
210 1713 277 1783 qiua
293 1713 442 1782 plenitudo
453 1713 530 1784 legis
547 1717 591 1766 cst
607 1714 734 1767 ditectio.
752 1713 898 1784 llauipula

701 261 933 334 SPECULUM
957 270 1174 335 ECCLESIAE

1732 282 1792 346 354

957 472 1030 525 tbini
1046 476 1090 526 est
1102 473 1221 543 coloris,
1233 474 1300 545 quia
1318 475 1394 529 sicut
1404 475 1480 546 lapis
1494 477 1543 532 ille
1560 482 1649 533 mutat
1664 482 1793 539 colorem

958 577 1113 625 cumaeae,
1129 563 1287 621 (inserena
1301 564 1377 617 enim
1394 580 1462 618 acre
1478 581 1604 621 serenus
1620 573 1676 637 cst,
1708 574 1736 625 et
1761 573 1792 627 in

958 649 1232 719 obseuroputlidust
1253 653 1297 706 sic.
1326 653 1518 722 spiritualiter
1533 659 1561 709 et
1576 659 1694 728 proprie
1709 659 1794 716 decet

957 738 1130 808 episcopum
1148 740 1277 809 goirdcre
1292 756 1359 795 cum
1374 742 1571 811 gaudmitibus
1595 750 1622 798 et
1639 748 1709 801 tlcrc
1725 765 1793 805 cum

958 828 1107 880 dentibus.
1119 828 1202 880 blitra
1211 830 1359 897 ponttticis
1372 831 1560 899 corniculata,
1574 833 1795 904 duopraateadit

956 916 1153 983 Testamenta,
1171 917 1279 987 quibus
1300 919 1365 986 ipse
1382 934 1552 989 expugnare
1573 921 1659 976 debet
1688 923 1792 982 hostes

957 1005 1110 1058 Ecclesiae.
1127 1006 1263 1058 Sandalia
1280 1007 1387 1076 quilius
1403 1011 1523 1061 utuntur
1538 1009 1669 1081 episcopi
1686 1016 1713 1066 et
1724 1029 1792 1069 car-

956 1094 1080 1157 dinales,
1095 1095 1208 1162 integra
1224 1098 1293 1147 sunt
1304 1094 1438 1162 inseriae,
1459 1097 1525 1165 qnia
1546 1113 1604 1151 non
1619 1099 1726 1155 debent
1744 1103 1792 1157 in-

955 1183 1036 1236 hiare
1051 1184 1188 1250 terreuis,
1200 1186 1227 1236 et
1244 1183 1373 1252 desuper
1383 1188 1452 1236 sunt
1467 1184 1569 1250 sciata,
1595 1188 1662 1257 quia
1687 1192 1791 1247 oculos

956 1271 1063 1324 incutis
1079 1272 1185 1325 ‹leticnt
1202 1273 1316 1341 aperire
1325 1272 1360 1324 ad
1368 1286 1401 1325 ea
1411 1288 1476 1342 quae
1486 1289 1606 1328 sursum
1617 1281 1695 1332 sunt.
1705 1278 1790 1343 Quod

955 1364 1051 1413 autem
1068 1360 1096 1412 in
1108 1361 1286 1430 quibasdam
1301 1359 1376 1413 locis
1392 1364 1491 1430 aperta
1507 1366 1535 1415 ct
1555 1362 1583 1415 in
1612 1365 1790 1433 quibusdam

954 1452 1023 1501 scint
1041 1449 1164 1519 integra,
1182 1452 1361 1502 monstratur
1383 1453 1482 1518 aperte
1498 1451 1576 1520 quod
1601 1453 1792 1510 caelestiasa·

955 1542 1102 1591 eramenta
1114 1536 1292 1607 quibusdam
1307 1541 1376 1591 sunt
1392 1538 1559 1606 revelanda,
1570 1543 1598 1593 et
1613 1541 1791 1611 quibusdam

954 1626 1089 1696 tegenda.
1103 1626 1186 1679 l'ade
1199 1626 1342 1679 Dominus
1352 1626 1381 1678 in
1396 1625 1571 1698 Evangelio:
1597 1629 1791 1688 l'alusdatum

954 1721 1000 1767 est
1012 1730 1098 1768 nasse
1108 1715 1282 1784 rapstcrium
1292 1714 1588 1782 trei,cea·i·1‘saarcin
1600 1718 1630 1770 in
1637 1720 1793 1789 parabolis

60 1817 129 1871 quiae
146 1802 174 1853 in
191 1801 313 1854 sinistra
329 1802 447 1871 ponitur
461 1804 527 1854 aute
543 1806 658 1871 tergum
674 1801 787 1869 oculos,
801 1802 897 1872 signi·
914 1824 940 1885 Β
954 1808 962 1862 t
969 1803 1035 1856 lure.
1053 1817 1125 1870 v’uir,
1143 1802 1255 1855 lterum
1267 1802 1530 1857 calceamentorum
1539 1808 1679 1875 mysteria
1692 1811 1791 1865 consi·

60 1892 129 1943 licat
146 1890 328 1960 vigilantium
344 1905 397 1959 pcr
412 1906 498 1960 apuam
515 1891 608 1942 acidia
625 1906 703 1960 aqum
718 1906 799 1960 saepe
814 1907 897 1944 urcu-

59 1979 141 2032 tibus
157 1978 273 2046 accidit,
300 1982 327 2031 et
343 1983 410 2047 post
428 1980 613 2047 supradictas
626 1981 749 2033 virtutes
765 1980 899 2050 subrepit

60 2067 898 2139 saeperemevendaestctabstergendaabeculisrationis

59 2159 125 2211 sive
147 2157 262 2210 aninra‘.
282 2156 440 2210 Dalmatica
464 2157 550 2210 etiarn
566 2172 622 2227 (pua
652 2160 772 2211 utuntur
791 2157 897 2228 levitae,

59 2246 212 2300 latitudssne
229 2246 274 2299 sui
294 2246 370 2299 idem
387 2245 537 2316 signiticat
566 2247 643 2316 quod
671 2247 780 2314 casula,
808 2246 899 2301 idest

59 2336 242 2389 charitatem.
256 2335 400 2389 Perilaus
418 2334 511 2388 lineas
529 2336 696 2404 coccineas,
713 2335 823 2405 quibus
834 2337 897 2405 ipsa

58 2429 126 2478 ante
144 2428 171 2479 et
190 2428 267 2478 retro
283 2440 298 2476 a
316 2440 432 2477 suanno
453 2440 548 2495 usspie
564 2425 704 2477 ‹teor-sum
729 2424 895 2494 decoratur

58 2515 216 2584 utriusque
236 2513 416 2567 Testamenti
441 2513 611 2583 praedicatio
636 2513 688 2566 Dei
713 2516 741 2567 et
769 2514 898 2583 preximi

58 2602 899 2674 ditectiotiguratur,Duoileeimdmbriaelinearumutrin·

57 2709 118 2764 que
134 2692 289 2746 duodecim
314 2691 464 2745 charitatis
488 2707 587 2746 ramos
610 2692 789 2763 exprimunt,
816 2707 893 2763 (piros

59 2781 223 2852 ¹apostolus
235 2784 396 2849 enumerat,
409 2781 512 2835 dicens
530 2797 535 2835 :
556 2781 696 2835 Charitas
704 2781 824 2853 paticus
840 2786 896 2849 est,

58 2872 191 2943 lienique
201 2877 255 2937 cst,
269 2871 473 2925 Glraritasnon
485 2870 649 2935 cernuntur,
662 2887 717 2924 nco
726 2871 898 2942 apitpcrpc·

58 2977 135 3025 rana,
155 2977 211 3014 rien
223 2959 409 3013 irrllaturuea
422 2967 466 3013 cst
479 2960 644 3020 arrrliitiosa.
655 2976 710 3013 riou
720 2960 826 3031 praeerit
836 2976 898 3031 pua)

58 3067 112 3104 sua
122 3056 199 3113 suut,
214 3065 270 3103 nou
282 3049 433 3117 irritatur,
445 3066 500 3101 riou
513 3049 622 3119 capital
632 3048 747 3115 uiatiua,
761 3065 817 3103 nen
828 3065 898 3119 pau-

955 1892 1132 1962 deravit,qui
1144 1891 1183 1944 ait
1200 1892 1309 1954 :Qiirrm
1321 1891 1544 1962 pretiosipeclcs
1554 1897 1791 1955 urrriuutiantiuar

951 1980 1147 2052 paceintlsui.
1164 1979 1224 2050 rm).
1236 1979 1346 2050 tlaligaa
1361 1983 1509 2049 pontilicis
1528 1982 1697 2053 significant
1710 2003 1790 2057 prae-

954 2085 1058 2139 parare
1075 2067 1131 2121 iter
1145 2070 1173 2122 ct
1187 2067 1328 2122 festinare
1346 2067 1381 2120 ad
1397 2068 1627 2137 praedicandum.
1653 2073 1789 2132 Anaulus

955 2161 1051 2211 autem
1067 2157 1200 2227 episcopi
1215 2161 1260 2210 est
1276 2157 1344 2210 fidei
1353 2158 1549 2229 signaculum,
1560 2162 1628 2230 quia
1646 2163 1722 2218 sicut
1739 2181 1791 2221 an·

954 2246 1078 2317 tiquitus
1098 2246 1127 2299 in
1152 2245 1253 2316 sigillo
1281 2245 1381 2298 annuli
1402 2262 1512 2300 nomen
1535 2250 1617 2320 regis
1647 2254 1675 2305 et
1689 2252 1788 2326 imago

956 2335 1184 2404 exprimebatur,
1199 2335 1236 2388 ita
1256 2336 1285 2388 in
1297 2335 1353 2388 tide
1370 2335 1714 2414 catholicaaomenregis
1732 2359 1791 2399 cce·

955 2423 1565 2496 testisetimagedeclaratur,verbigratia‚
1583 2443 1691 2484 nomen
1704 2430 1790 2504 ejus-

955 2513 1021 2566 dem
1032 2512 1324 2566 denienstraturcum
1335 2512 1450 2567 dicitur:
1460 2513 1602 2569 Dominus
1617 2517 1721 2589 Pater,
1737 2520 1793 2578 Dc-

953 2599 1794 2675 urinasFilius,llcminusSpiritussanctus,qniaDemiaus

954 2706 1058 2744 acmen
1070 2697 1115 2744 est
1127 2689 1181 2755 illi,
1197 2690 1296 2760 [urago
1308 2694 1405 2744 autern
1417 2689 1483 2761 ejus
1496 2694 1670 2765 ostenditur,
1681 2696 1737 2752 hoe
1746 2703 1793 2757 est

954 2779 1051 2850 qualis
1068 2780 1131 2849 ipse
1143 2779 1191 2848 sit,
1204 2795 1254 2832 nin
1264 2778 1373 2832 dicitur
1391 2781 1582 2852 Omnipotens
1599 2786 1627 2836 et
1638 2785 1789 2845 AEternus

954 2869 1038 2922 ethis
1055 2867 1248 2936 similia,licet
1262 2869 1425 2923 secuudum
1433 2872 1641 2940 proprietatem
1652 2873 1792 2947 loquendi

955 2957 1034 3011 nulia
1051 2957 1177 3027 qualitas
1195 2957 1239 3010 vel
1255 2957 1413 3012 diversitas
1430 2960 1459 3012 in
1475 2976 1509 3013 eo
1521 2962 1694 3030 reperiatur.
1711 2966 1793 3024 Gerit

952 3047 1051 3117 itaque
1075 3046 1235 3116 episeopus
1251 3047 1392 3100 annulum
1407 3064 1460 3117 pro
1473 3048 1616 3119 Ecclesia,
1632 3067 1719 3122 quam
1735 3054 1805 3111 tide·

58 3137 646 3210 detsuperiaiquitatecroiipaudctautem
657 3137 897 3192 recitationum
914 3139 938 3201 C
953 3151 1057 3188 ornare
1083 3136 1179 3203 debet,
1205 3138 1233 3188 et
1261 3135 1372 3188 caelesti
1397 3152 1509 3205 sponso
1522 3142 1634 3193 castam
1649 3142 1791 3199 exhibere

57 3227 177 3297 sullert,
192 3227 287 3282 anania
302 3226 408 3288 credit,
427 3226 523 3280 cauria
538 3231 640 3297 sperat
652 3226 894 3281 enrniasastiucr.

59 3317 205 3370 Clraritas
220 3331 364 3387 irunpuam
376 3314 525 3384 ereidittl
539 3316 606 3370 Cur.
623 3318 697 3373 xrut.
711 3315 808 3369 Tertia
820 3315 897 3369 linea

57 3404 296 3477 qiraeinterduas
310 3408 355 3458 est
376 3407 405 3458 et
421 3404 514 3457 tribus
535 3404 660 3457 sirribriis
676 3408 742 3457 ante
767 3407 796 3458 ct
819 3408 897 3458 retro

58 3493 231 3565 insignitur,
245 3493 425 3561 charitatem,
437 3494 493 3546 tide
502 3493 652 3546 Trinitatis
661 3493 896 3562 condecoratam,

59 3584 254 3637 demonstrat.
274 3582 329 3635 l‘er
344 3582 477 3635 timia-ias
492 3583 519 3634 in
533 3583 655 3636 sinistro
672 3582 771 3650 latere,
788 3583 898 3636 sellici-

59 3672 132 3726 tudo
149 3672 216 3726 vitae
226 3672 331 3725 activae
342 3672 419 3724 circu
430 3671 554 3741 plurima
562 3671 735 3741 intelligitur
746 3687 752 3740 ς
762 3687 816 3740 per
824 3672 898 3725 ‹lex-

63 3767 143 3815 trum
154 3760 241 3828 letus,
259 3761 336 3831 qiied
351 3765 429 3813 caret
441 3760 576 3826 timia-iis,
594 3760 799 3829 contemplatio
811 3759 899 3814 coelc·

60 3853 153 3903 stium
168 3851 233 3903 sine
244 3850 428 3903 multitudine
438 3849 699 3919 pcrturluitionum.
711 3850 793 3913 Quod
802 3853 899 3903 autem

59 3940 218 4010 pontitices
235 3941 354 3992 citantur
369 3939 484 3992 illicibus
499 3939 608 3991 tunicis
625 3944 732 4007 preter
747 3939 898 4008 poderem,

63 4045 123 4099 qua
141 4029 239 4081 caeteri
252 4029 447 4081 communiter
461 4031 732 4080 utunturmonstrat
743 4028 821 4097 qued
833 4044 899 4097 prc-

62 4118 161 4187 prium
176 4121 222 4170 cst
237 4117 368 4186 ipsorum
385 4117 655 4170 scientiamhubere
665 4116 900 4170 duorumTestu-

64 4209 241 4274 mentorum,
252 4208 280 4258 ut
296 4205 389 4258 sciant
407 4206 441 4258 de
456 4205 597 4259 thesauro
613 4221 668 4258 suo
683 4205 899 4274 proterrenova

64 4299 93 4349 et
108 4298 218 4348 veteru.
237 4294 359 4364 Propter
373 4295 429 4348 hoc
445 4295 531 4348 ctiam
548 4311 732 4365 unaqmaque
749 4310 785 4348 ex
801 4295 897 4348 tribus

60 4384 171 4437 tunicis
186 4388 285 4454 typum
302 4384 378 4454 gerit
396 4385 557 4453 proprium.
576 4384 787 4437 l’udcris'enim
803 4383 832 4436 in
843 4383 898 4437 hec

60 4473 141 4544 quod
156 4473 278 4543 byssina
296 4478 341 4527 est
357 4473 402 4526 vel
414 4473 500 4540 liuca,
512 4474 681 4526 munditiam
692 4474 810 4527 indicat.
826 4472 899 4537 Quia
914 4453 939 4512 D

60 4563 139 4615 sicut
154 4562 247 4632 bysso
263 4563 308 4615 vel
324 4562 383 4615 lino
403 4563 523 4631 candor,
540 4563 589 4632 qai
612 4578 671 4615 non
690 4579 743 4632 per
767 4566 900 4616 naturam

60 4654 118 4716 est,
129 4652 273 4722 contingit
289 4667 342 4721 per
360 4652 534 4705 exercitium
549 4651 698 4720 abluendi,
727 4652 766 4704 ita
782 4652 901 4705 mundi-

60 4742 130 4794 tiam
145 4756 233 4811 quam
250 4745 353 4794 natum
373 4757 431 4794 non
447 4740 641 4809 administrat,
672 4741 765 4795 sancti
787 4757 840 4811 per
858 4742 901 4794 in-

61 4831 215 4896 dustriam,
231 4829 352 4899 juvante
368 4831 496 4899 Spiritus
508 4831 602 4883 sancti
613 4832 715 4901 gratia,
727 4830 894 4900 acquirunt,

59 4922 134 4975 (lum
151 4935 204 4990 per
219 4920 545 4973 exer-citiambonerum
557 4935 678 4989 operum
690 4936 798 4990 corpus
811 4936 905 4974 niaec-

61 5012 164 5064 rantet
181 5008 384 5063 munditleant.

97 5099 240 5153 Secunda
250 5101 346 5151 autem
359 5099 456 5151 tunica
467 5098 650 5169 sericaque
662 5098 902 5169 origincmhahet

61 5192 90 5244 et
106 5188 233 5242 traducit
246 5202 283 5241 ex
298 5187 451 5240 vermibus
463 5188 588 5258 quisine
605 5188 682 5242 coitu
698 5192 900 5259 procreantur,

60 5284 89 5333 et
101 5277 183 5348 parvi
195 5279 274 5347 sunt,
284 5276 446 5331 castitatem
458 5277 638 5332 demonstrat
647 5281 675 5331 et
698 5277 901 5334 bumilitatem.

60 5367 173 5422 Tunica
184 5381 255 5420 vere
272 5367 356 5420 tertia
372 5366 449 5420 sicut
464 5366 533 5420 olim
548 5371 610 5421 crat
632 5367 819 5437 hyacinthina
836 5373 903 5446 est3

59 5461 90 5512 et
105 5455 276 5527 colorejuS,
293 5455 400 5510 similis
412 5455 501 5526 lapidi
518 5456 686 5527 hyacintho,
715 5458 765 5529 qui
781 5459 902 5515 aetheris

60 5545 253 5602 serenitatem
267 5544 406 5616 imitatur,
422 5549 545 5601 sanctos
561 5547 710 5619 significat
736 5548 902 5620 cogitantes

61 5638 93 5697 et
107 5635 256 5694 imitentes
272 5634 413 5695 calestia.
425 5633 462 5693 Et
471 5635 575 5693 merite
590 5635 658 5694 haec
672 5637 772 5695 tunica
786 5636 904 5715 hyacin-

958 3224 1078 3278 Christo
1096 3224 1137 3294 >Il
1146 3225 1213 3278 Gor.
1231 3234 1281 3279 xit.
1296 3224 1329 3277 Et
1346 3227 1376 3278 ut
1401 3241 1511 3295 sponsa
1540 3230 1657 3283 eantare
1674 3233 1790 3301 possit:

952 3313 1796 3384 AriuulosuosulmrrharitmeIlcrnr‘nusrricirsdescrsClrri.
1811 3320 1818 3328 ’

953 3409 1027 3456 stus
1046 3403 1132 3468 Quod
1148 3402 1288 3456 annirlum
1300 3403 1460 3474 episcopus
1476 3406 1694 3480 geritinmanu,
1707 3410 1794 3468 docet

954 3492 1035 3561 (pred
1048 3490 1135 3545 tidem
1148 3494 1277 3561 inopere
1294 3498 1458 3548 monstrare
1474 3496 1589 3566 lrabeat,
1608 3498 1665 3552 Per
1692 3500 1793 3556 chire-

955 3581 1056 3634 tbccas
1071 3582 1100 3633 in
1119 3581 1267 3650 munibus,
1278 3583 1413 3652 exeuipta
1425 3587 1606 3656 sanatorum,
1619 3589 1796 3662 quaeinepe·

956 3670 1041 3738 ribus
1059 3670 1192 3724 tuiliendu
1214 3676 1292 3741 sunt,
1324 3673 1538 3744 intelliguntur,
1565 3680 1592 3729 ct
1610 3679 1688 3747 quod
1705 3694 1794 3750 opera

958 3759 995 3811 ab
1011 3760 1091 3812 omni
1108 3760 1328 3830 inquinamento
1349 3764 1505 3816 munienda
1526 3770 1594 3818 sunt
1617 3770 1739 3834 naturae,
1756 3786 1793 3826 ne

955 3848 1098 3902 medicum
1108 3850 1286 3903 fermentum
1298 3857 1386 3904 totam
1395 3856 1794 3928 riiassaarcorrumpatt'ICer

955 3954 995 4008 vi.
1014 3937 1142 3991 baculus
1157 3939 1315 4007 pastoralis
1331 3942 1504 3995 rectitudine
1520 3944 1567 3997 sui
1583 3948 1695 4000 rectum
1710 3947 1792 4018 regi-

955 4028 1191 4098 mensiguiticat.
1209 4027 1291 4092 Quod
1307 4033 1405 4084 autern
1421 4047 1478 4084 una
1494 4049 1563 4102 pars
1580 4050 1670 4089 crrrva
1685 4039 1731 4091 est
1747 4036 1792 4090 al-

955 4118 1120 4185 teraaeuta,
1134 4123 1277 4171 monstrat
1287 4134 1419 4188 praeesse
1437 4108 1583 4192 subjectis
1599 4127 1626 4178 et
1641 4125 1791 4183 debellare

954 4205 1095 4259 rebelles.
1116 4206 1198 4259 Unde
1215 4207 1407 4263 dictumest:

992 4331 1090 4385 Curva
1108 4332 1200 4385 tradit
1216 4333 1313 4400 mites
1322 4351 1397 4406 pars
1404 4337 1509 4409 puripit
1521 4342 1605 4392 accita
1621 4338 1763 4396 rebelles.

992 4456 1026 4510 Et
1041 4457 1145 4510 iteruin
1162 4473 1168 4512 :

994 4599 1092 4655 Curva
1105 4602 1198 4655 trahit
1210 4619 1280 4674 quos
1295 4603 1474 4676 rirparepit,
1482 4622 1556 4676 pars
1565 4605 1787 4682 ultirnapuapr't.

994 4726 1028 4779 tlt
1043 4727 1167 4782 iterum:

992 4852 1122 4906 rtttralie
1128 4868 1184 4922 per
1193 4868 1324 4922 curvam,
1337 4851 1523 4927 mediercpc,
1530 4874 1692 4930 punpeper
1702 4860 1790 4916 imam

958 4961 993 5015 Et
1013 4961 1101 5014 item:
1119 4959 1182 5013 I’cr
1202 4959 1335 5014 haculum
1360 4968 1474 5016 rectum
1496 4964 1612 5036 decena,
1643 4969 1788 5042 episcope,

958 5074 1041 5122 recte
1060 5067 1173 5135 rivere,
1183 5083 1240 5138 per
1255 5066 1335 5121 ferri
1346 5067 1443 5123 tleras
1450 5087 1597 5142 properes
1611 5075 1763 5132 misereri.

992 5175 1117 5229 l'atlium
1128 5177 1204 5246 quod
1214 5177 1469 5247 superapponitur
1483 5180 1727 5254 archiepiscopis
1736 5186 1794 5240 tor·

957 5281 1045 5338 quem
1061 5269 1089 5318 ct
1103 5265 1238 5319 bravium
1254 5267 1402 5338 signiticat
1418 5269 1632 5340 quodtegitime
1644 5276 1791 5329 certantes

958 5355 1108 5424 accepturi
1124 5356 1203 5423 sunt,
1219 5358 1248 5409 ct
1263 5355 1451 5426 disciplinam
1465 5359 1601 5429 exprimit
1616 5375 1674 5432 qua
1685 5374 1718 5416 se
1736 5362 1791 5418 de-

959 5460 1051 5514 super
1074 5443 1197 5499 induere
1212 5447 1240 5498 et
1251 5446 1457 5518 constringere
1472 5446 1508 5500 ad
1522 5449 1689 5518 exemplum
1716 5451 1792 5506 sub·

959 5536 1086 5590 ditorum
1106 5533 1224 5590 debeat.
1254 5536 1400 5592 ttoccinaa
1422 5551 1493 5592 vero
1517 5537 1642 5610 planeta,
1668 5553 1726 5610 qua
1748 5539 1793 5596 ia·

962 5625 1061 5683 dcitur
1069 5625 1264 5703 apostolicus·
1281 5642 1457 5705 quoeunque
1468 5628 1669 5703 proficiscitur
1680 5630 1792 5709 predi*
