3796 6022
63 235 123 324 “841

676 260 987 334 MiSCELLANEA.
1005 308 1042 319 -
1054 270 1134 338 LIB.
1153 272 1207 337 VI.

1726 242 1789 356 'ste

65 459 139 523 vivut.
152 458 184 514 Si
198 475 257 514 non
269 459 304 514 dc
317 460 439 532 veniali,
453 462 556 517 saltem
574 463 609 519 de
622 464 776 522 criminali.
796 467 898 524 Fidem
914 451 942 512 Α
957 474 1026 525 ante
1043 472 1178 527 thronum
1191 472 1247 528 Dei
1262 474 1366 546 (Apoe.
1383 477 1455 548 x'rv).
1468 477 1607 536 Nondum
1616 482 1713 539 tamen
1725 487 1790 543 sine

66 565 184 620 quoquc
198 565 257 604 non
269 550 374 620 liciam,
387 554 418 605 ut
436 554 532 622 quintis
542 555 680 624 praelatus
696 557 726 610 in
737 573 897 612 converso-

66 640 155 707 tione,
173 639 240 692 tulis
259 639 296 692 sit
308 639 337 692 in
353 640 467 694 occultu
480 642 672 713 cogitatione,
686 661 744 699 non
757 645 830 700 ioris
842 648 899 701 bu-

65 728 156 796 milis,
173 728 365 795 intusclatuS,
379 729 414 783 dc
426 746 481 783 sua
492 732 598 785 virtute
609 733 655 786 vel
667 735 809 803 snpientia
826 752 899 790 con-

67 816 173 888 lidens,
189 833 256 887 qum
268 820 313 870 est
324 818 384 870 ficti
400 818 485 873 fides.
497 819 551 872 His
564 822 776 877 convenienter
785 827 901 893 aptatur

65 906 142 960 trina
155 905 232 959 Petri
244 906 451 977 iuterrogatio:
469 909 561 962 struas
572 912 727 964 metamus
738 911 805 965 me?
820 928 901 966 auras

64 997 132 1049 me?
143 994 220 1065 quod
232 995 396 1065 estdicerc,
409 1012 490 1050 umas
509 1012 554 1051 mc
572 999 609 1052 de
625 998 715 1054 corde
727 1016 811 1071 puro,
830 1016 900 1055 con·

64 1085 193 1139 scientie
208 1083 294 1153 bono,
313 1091 341 1138 et
356 1085 415 1139 lule
431 1102 487 1140 non
502 1085 579 1141 licta.

185 1173 247 1226 T1r.
267 1174 326 1227 LV.
349 1173 393 1227 De
409 1175 584 1246 quintuplici
598 1175 779 1232 obedientia.

101 1260 344 1331 Quinquepertita
360 1262 446 1317 debet
462 1279 530 1318 esse
542 1265 728 1321 obedientia:
754 1268 845 1336 recta,
871 1269 902 1320 ut

64 1366 124 1404 non
140 1351 178 1404 sit
188 1355 289 1405 contra
301 1351 402 1420 Deum,
415 1352 590 1422 voluntaria,
604 1355 672 1424 quia
684 1355 764 1409 Deus
776 1371 835 1409 non
847 1371 901 1424 ap·

63 1439 170 1509 probat
187 1442 287 1493 coacta
303 1440 438 1509 servitia,
454 1457 537 1511 pura,
550 1444 617 1512 quia
629 1443 716 1497 ‹lclvet
727 1458 796 1497 esse
809 1444 901 1497 inten-

64 1528 104 1581 tio
116 1527 249 1581 sincera:
261 1527 296 1581 Si
302 1528 380 1581 enim
391 1529 590 1584 ocnlnsluerit
598 1531 733 1603 simplex,
744 1537 832 1586 totum
841 1548 903 1585 eor·

62 1633 119 1688 pus
133 1616 261 1669 lucidum
271 1617 329 1670 erit
341 1617 421 1685 (line.
436 1621 495 1689 xv);
512 1619 651 1689 discreto,
669 1636 704 1674 nc
720 1621 790 1692 quid
800 1621 899 1676 nimis:

66 1705 117 1776 qui
133 1706 212 1759 enim
234 1709 314 1760 recte
338 1705 422 1760 ollert
437 1708 464 1761 si
480 1725 539 1762 non
554 1713 633 1763 recte
649 1710 762 1779 dividit,
780 1713 900 1780 pcccat;

955 575 1041 629 ruga.
1055 560 1135 614 Adeo
1146 561 1223 614 enim
1236 563 1313 634 riget
1324 565 1352 618 in
1364 566 1409 619 cis
1420 565 1601 625 desiderium
1613 571 1721 629 domus
1736 574 1790 630 Dei

955 647 984 700 in
996 663 1052 717 qua
1065 649 1228 704 vestiantur
1240 651 1418 722 duplicibus,
1431 658 1462 709 ut
1478 658 1604 713 necdum
1615 660 1733 717 illorum
1747 678 1791 720 re-

955 738 999 787 ctu
1016 736 1136 789 intentio
1160 738 1259 791 tendat
1284 739 1313 793 iu
1337 741 1445 812 Deum,
1462 745 1515 799 sed
1532 747 1717 819 quodamcdo
1739 767 1789 807 re·

954 821 1085 876 trahatur
1110 827 1138 877 et
1163 842 1267 896 rugam
1294 826 1380 882 faciut
1405 847 1472 886 cum
1487 833 1636 891 desiderio
1656 838 1789 896 inclinati

955 910 1089 965 clament:
1100 911 1232 983 Vindice,
1242 915 1376 987 ltorninc,
1387 921 1560 991 sanquinem
1568 939 1724 982 sorvorum
1733 933 1791 986 tuo·

953 1015 1019 1053 rum
1031 1001 1081 1071 qui
1098 999 1210 1056 ellusus
1221 1009 1268 1057 est
1278 1005 1380 1076 (Apoe.
1394 1009 1466 1078 xix).
1488 1009 1554 1065 Nou
1569 1015 1707 1085 tunquam
1721 1017 1789 1073 vin-

956 1087 1042 1141 dicito
1059 1089 1168 1159 cupidi,
1185 1091 1238 1144 sed
1255 1091 1403 1149 desiderio
1414 1100 1591 1169 resurgendi
1604 1117 1610 1156 :
1623 1104 1791 1175 quoddiffe-

957 1176 1081 1231 rendum
1102 1180 1258 1249 estusque
1279 1181 1315 1234 ad
1334 1181 1410 1236 diem
1428 1182 1543 1254 judicii.
1560 1187 1593 1242 In
1608 1191 1702 1247 tertiis
1716 1209 1789 1252 vero

959 1264 1401 1324 cxlvibctDominusEcclcsium
1411 1273 1477 1328 sinc
1487 1276 1707 1336 inaculaetsine
1715 1299 1789 1356 rupa

956 1353 1079 1424 (Epires.
1090 1356 1131 1424 v).
1139 1356 1366 1412 lntnbcrnaculo
1379 1359 1639 1433 babitutjustitiam
1650 1382 1789 1442 operens;

956 1442 985 1495 in
993 1443 1066 1496 atrio
1074 1443 1138 1498 sine
1146 1445 1258 1499 macula
1270 1447 1452 1518 ingrediens.
1462 1449 1793 1530 UndePropbetaequae·

957 1532 1031 1585 renti
1044 1547 1050 1586 :
1064 1533 1197 1604 Domine,
1208 1535 1273 1605 puis
1283 1535 1469 1592 liebitubitin
1478 1538 1793 1617 tabernaculotuo,aot

958 1621 1023 1691 quis
1032 1623 1239 1693 requiescetin
1249 1629 1348 1678 rnonte
1363 1632 1466 1681 sancto
1477 1628 1545 1682 tuo?
1553 1629 1647 1699 (Psul.
1659 1632 1733 1705 x1x).
1745 1651 1793 1693 re·

958 1709 1134 1777 spondetur:
1148 1709 1205 1774 Qm'
1214 1712 1388 1782 inpreditur
1398 1714 1464 1770 sine
1475 1717 1597 1788 mocula,
1609 1726 1638 1774 et
1649 1729 1792 1792 operatur

66 1795 161 1863 ttrma,
187 1798 218 1848 ut
241 1810 300 1848 non
317 1795 463 1852 desistat:
485 1797 540 1862 Qui
555 1798 632 1852 enim
649 1800 901 1870 perseveraverit
918 1771 1306 1869 Bp'ustitiamtilrid).Quasi
1314 1800 1471 1857 dicutzllic
1479 1805 1647 1876 requiescet
1655 1808 1684 1864 in
1694 1815 1794 1871 monte

67 1883 237 1938 salvabitur
250 1884 368 1954 (llattlr.
386 1886 478 1956 xxiv).

103 1973 166 2028 Tm.
184 1973 257 2028 bvi.
279 1974 323 2029 Dc
341 1975 454 2047 triplici
469 1975 544 2031 bono
561 1975 636 2049 qnod
652 1975 739 2031 nobis
753 1975 867 2031 indicat

402 2063 564 2136 l‘roplrotu.

102 2150 224 2222 Triplex
240 2154 285 2206 cst
300 2152 410 2207 bonum
426 2154 504 2224 quod
516 2154 612 2208 omnis
621 2153 763 2225 propheta
774 2153 901 2210 indicat:

68 2240 168 2296 lucere
182 2240 326 2312 judicium
342 2245 369 2295 et
382 2240 538 2312 justitiam,
563 2245 591 2296 ct
615 2242 766 2297 ambulare
791 2246 904 2297 rcctum

69 2345 136 2384 cum
150 2329 283 2384 Domino.
296 2330 406 2384 Facere
424 2329 569 2401 justitiam
579 2331 729 2386 reddendo
744 2332 904 2403 unicuique

69 2419 149 2490 quod
166 2435 262 2488 suum,
281 2423 335 2487 est,
351 2419 502 2488 prioribus
516 2420 723 2490 obedientiam,
736 2420 902 2475 minoribus

71 2507 245 2575 doctrinam,
259 2508 361 2561 amicis
373 2508 513 2578 lentitiam,
527 2509 655 2563 inimicis
666 2509 849 2579 patientiam,
861 2508 904 2563 ia·

71 2612 139 2652 cere
148 2597 236 2651 ctiam
245 2595 399 2667 judicium,
411 2596 490 2651 uliud
499 2597 529 2652 in
539 2613 582 2668 se,
595 2598 674 2652 aliud
687 2598 715 2651 in
725 2595 903 2668 proximum,

72 2686 152 2740 aliud
168 2685 199 2738 in
211 2686 312 2739 Deum.
333 2686 364 2739 ln
376 2701 409 2740 sc
426 2686 512 2740 debet
523 2702 592 2741 csse
610 2702 759 2741 severum.
777 2686 812 2740 Si
826 2686 905 2741 enim

73 2790 129 2829 nos
139 2773 382 2845 dijudicaremus
403 2790 458 2827 non
471 2776 569 2846 utique
574 2774 783 2846 judicaremur
793 2774 819 2846 (l
836 2774 904 2829 Cor.

72 2865 114 2933 x).
127 2862 211 2917 Pium
223 2863 252 2915 in
267 2863 443 2932 proximum,
456 2865 486 2917 ut
497 2862 561 2917 sive
572 2863 806 2918 misericorditer
818 2863 906 2918 obse·

73 2966 153 3018 crcS,
175 2951 238 3004 sive
255 2951 317 3005 nelo
332 2951 479 3020 increpes,
496 2954 653 3023 utrumque
676 2951 770 3007 iacias
791 2952 821 3007 in
847 2951 906 3023 spi·

961 1887 1063 1940 sancto
1074 1889 1124 1940 tuo
1141 1887 1190 1957 qui
1202 1889 1502 1963 operaturJ'ustitium,
1516 1896 1544 1948 et
1561 1895 1611 1966 qui
1627 1896 1794 1971 ingreditur

960 1974 1024 2027 sine
1037 1974 1159 2029 macula.
1172 1974 1205 2029 In
1224 1975 1392 2032 habitaculo
1403 1979 1495 2051 igitur
1505 1997 1624 2054 semper
1634 1987 1713 2044 inest
1732 2004 1793 2045 ma·

960 2062 1024 2116 cula
1039 2062 1136 2134 aliqua
1147 2064 1302 2119 vetustatis
1317 2068 1345 2120 et
1361 2082 1435 2139 ruga
1449 2068 1578 2140 alicujus
1590 2075 1792 2135 necessitatis.

960 2149 993 2204 ln
1016 2151 1090 2206 atrio
1114 2156 1283 2208 removetur
1296 2157 1410 2224 peccati
1424 2159 1549 2229 macula,
1566 2167 1745 2236 remanente,
1761 2169 1796 2224 ut

960 2239 1132 2304 dictumest,
1141 2239 1237 2312 aliqua
1248 2243 1560 2318 constrictionisruga,
1570 2240 1796 2325 dumaeeipiunt

960 2331 1071 2382 tantum
1088 2328 1224 2400 singulas
1239 2330 1344 2401 stolae,
1360 2333 1483 2388 sednon
1494 2337 1795 2413 vestiunturduplici·

960 2415 1017 2470 bus
1033 2416 1127 2472 donec
1142 2416 1284 2489 recipiunt
1300 2435 1424 2490 corpora
1440 2424 1469 2476 et
1481 2422 1636 2494 impleatur
1650 2443 1794 2488 numerus

961 2504 1094 2572 fratrum,
1111 2505 1187 2560 donc
1202 2508 1365 2563 vestiamur
1380 2512 1409 2563 et
1432 2526 1488 2566 nos
1511 2512 1637 2586 puriter,
1664 2514 1743 2575 sicut
1756 2516 1795 2575 de

960 2593 1136 2663 patriarchis
1148 2595 1188 2649 ait
1198 2597 1351 2665 apostolus
1362 2612 1369 2668 ;
1381 2597 1444 2654 Deo
1455 2613 1512 2671 pro
1522 2601 1723 2662 nobismelius
1733 2605 1792 2663 eli·

962 2683 1032 2754 puitl
1042 2683 1217 2754 disponente
1228 2683 1315 2757 (Hoc.
1323 2687 1375 2757 xi),
1386 2690 1417 2743 ut
1426 2691 1557 2745 nonsine
1566 2692 1797 2752 uobisconsam·

962 2771 1422 2830 murentur.1ndom0uulertur
1448 2778 1566 2847 penitus
1586 2782 1615 2835 et
1633 2782 1747 2839 macula
1768 2787 1799 2842 et

962 2874 1047 2931 ruga,
1060 2860 1178 2931 quando
1190 2862 1358 2917 extenditur
1369 2863 1475 2919 costum
1486 2866 1659 2939 sicutpellis
1676 2875 1705 2927 et
1719 2871 1796 2930 dila·

962 2948 1143 3018 tnturtPsal.
1157 2950 1227 3018 cur).
1240 2953 1270 3004 ut
1279 2951 1459 3007 necminima
1470 2954 1500 3008 in
1509 2956 1553 3010 eis
1562 2956 1730 3015 invenietur
1740 2976 1798 3017 ma·

71 3041 131 3095 ritu
141 3039 280 3094 lenitatis.
294 3040 326 3094 ln
336 3040 429 3094 Deum
447 3041 485 3094 sit
500 3057 606 3110 purum
624 3044 652 3095 et
668 3057 782 3096 verum.
799 3041 906 3096 Consi·
926 3036 1031 3120 ceula
1042 3038 1091 3090 aut
1101 3053 1185 3108 ruga.
1196 3038 1470 3108 Triplicitereutem
1480 3043 1647 3100 serviemus
1661 3046 1738 3118 Deo,
1749 3048 1799 3106 vi-

73 3129 182 3184 derans
207 3129 285 3183 enim
301 3129 443 3199 scipsum,
459 3128 572 3200 judicia
587 3129 639 3185 Dei
654 3131 804 3185 attendero
820 3130 907 3185 debet

72 3219 103 3272 in
120 3218 305 3288 simplicitate
322 3218 420 3272 cordis
435 3222 463 3272 et
478 3219 612 3288 puritate,
630 3218 774 3273 dicensin
791 3219 908 3274 contes-

74 3308 159 3362 sione
170 3322 176 3362 ε
189 3307 292 3362 Omnia
307 3323 396 3377 opera
412 3308 466 3362 Dei
482 3309 558 3361 bona
568 3307 664 3361 valde.
677 3307 720 3361 Sit
732 3323 803 3378 ergo
819 3308 907 3363 bomo

73 3397 104 3451 in
115 3412 149 3451 se
160 3396 312 3451 districtus
322 3395 425 3466 judex,
438 3411 491 3465 per
501 3396 680 3451 intellectum
688 3396 830 3466 veritatis,
840 3396 909 3466 pius

74 3486 104 3540 in
113 3486 279 3556 proximum
292 3501 344 3555 per
354 3482 489 3539 allectum
502 3485 652 3539 churitutis
662 3500 668 3553 3
677 3499 769 3554 purus
780 3485 809 3538 in
818 3485 909 3539 Deum

74 3590 128 3646 per
143 3589 325 3628 consensum
339 3573 509 3627 voluntatis.
528 3573 689 3644 Postquam
711 3588 782 3628 vcro
807 3572 910 3628 secent

76 3661 320 3733 bomojudicium
337 3661 529 3733 etjustitinm,
547 3662 720 3717 necessaria
737 3665 783 3716 est
794 3662 820 3716 ei
831 3661 910 3733 vigi·

75 3752 176 3822 lantiu,
187 3766 223 3806 ne
237 3751 352 3805 laxetur
362 3766 415 3821 per
425 3755 584 3821 torporem,
596 3750 643 3805 vel
660 3752 778 3804 corruat
789 3765 842 3820 per
852 3749 911 3804 cla·

73 3840 196 3908 tionem,
218 3841 248 3892 ut
263 3839 409 3894 sollicitus
424 3838 553 3894 ambulet
569 3854 636 3892 cum
651 3838 713 3892 Deo
729 3853 785 3893 suo
805 3837 911 3893 subdi·

72 3932 123 3986 tus
139 3927 176 3994 ei,
193 3931 222 3983 ct
237 3943 326 3983 orans
341 3943 417 3983 cum.

181 4017 243 4071 Tm.
259 4016 351 4071 LVll.
369 4016 412 4071 De
429 4014 544 4088 triplici
557 4015 720 4071 nnirnurum
731 4017 820 4072 statu.

108 4105 230 4176 Triplex
246 4109 292 4160 est
308 4108 402 4160 status
414 4109 583 4160 sanctarum
598 4105 774 4160 animarum.
792 4105 910 4161 Primus

73 4198 121 4251 est
132 4196 163 4249 in
176 4210 300 4265 corpore
313 4194 505 4264 corruptibili,
520 4195 672 4249 secundus
690 4197 756 4249 sine
775 4209 908 4264 corpore,

73 4284 181 4339 tertius
201 4283 230 4336 in
243 4298 367 4354 corpore
376 4283 437 4355 jam
458 4283 633 4354 glorificato.
647 4283 765 4337 Primus
785 4283 815 4337 in
830 4282 908 4336 mili-

965 3126 1069 3180 dentes
1080 3139 1147 3179 eum
1162 3125 1193 3179 in
1207 3126 1344 3181 omnibus
1357 3129 1512 3200 creaturis,
1525 3130 1668 3188 babentes
1680 3149 1749 3193 eum
1766 3134 1799 3195 in

965 3213 1140 3283 nobisipsis,
1154 3217 1372 3286 cognoscentes
1387 3230 1453 3271 eum
1469 3216 1670 3291 insemetipso
1687 3223 1800 3281 trinum

965 3305 993 3356 et
1009 3318 1108 3372 uuum,
1125 3305 1153 3358 et
1177 3303 1302 3375 gloriam
1317 3304 1382 3359 sine
1401 3303 1558 3377 aenigmate
1579 3311 1681 3366 mundi
1698 3309 1798 3370 cordis

966 3390 1051 3446 oculo
1061 3392 1218 3447 intuentes
1232 3391 1315 3448 Unde
1327 3409 1496 3449 mensurum
1503 3395 1622 3468 plenam
1637 3403 1667 3454 et
1677 3400 1800 3457 center·

967 3485 1024 3534 tam
1037 3485 1065 3534 et
1084 3480 1348 3552 supereffluentem
1369 3482 1481 3538 dubunt
1499 3484 1531 3538 iu
1552 3486 1651 3541 sinum
1664 3488 1799 3547 resteterit

966 3568 1049 3636 (Luc.
1066 3570 1117 3637 vr),
1135 3569 1254 3624 Plenam
1265 3569 1296 3624 in
1307 3569 1499 3626 universitate
1509 3577 1720 3648 creaturarum,
1733 3586 1804 3635 cett·

967 3657 1072 3712 fertum
1087 3658 1118 3711 in
1134 3658 1276 3728 interiori,
1302 3659 1562 3729 supereffluentem
1582 3663 1611 3718 in
1634 3663 1700 3736 ipsa
1725 3665 1799 3727 Dee.

967 3745 1118 3811 Quomodo
1133 3746 1279 3801 videndus
1296 3747 1327 3802 nt
1342 3734 1374 3801 iu¹
1383 3749 1537 3820 creaturis,
1556 3753 1584 3804 et
1599 3751 1754 3809 habendus
1769 3754 1801 3813 in

967 3835 1064 3904 nobis,
1080 3850 1242 3905 possumus
1257 3835 1304 3889 vel
1323 3850 1361 3889 ex
1375 3839 1457 3906 purte
1472 3853 1668 3910 cognoscere.
1684 3838 1797 3917 Gognb

966 3923 1006 3978 tio
1021 3923 1100 3978 enim
1116 3920 1163 3977 iliu
1179 3923 1323 3979 mirabilis
1341 3924 1503 3982 confortata
1519 3930 1564 3983 est
1580 3926 1672 4002 lecta,
1686 3932 1715 3986 et
1737 3944 1798 3988 ιιοιι

966 4027 1129 4083 possumus
1144 4011 1180 4065 ad
1195 4027 1269 4067 eum.

1001 4100 1063 4154 Tm.
1076 4099 1178 4154 LVIII.
1191 4100 1235 4156 De
1247 4100 1360 4175 triptici
1371 4098 1504 4159 celestis
1517 4102 1605 4161 verbi
1614 4098 1763 4165 auditore.

1003 4188 1801 4269 troslegimuscoetestisverbiauditorespigrosncti·

966 4291 1032 4347 vos,
1044 4278 1298 4348 contemplativos.
1316 4280 1528 4352 Pigrieudiunt
1539 4285 1568 4337 ct
1586 4283 1684 4339 auditu
1704 4287 1803 4342 conte·

74 4375 125 4442 tin,
140 4372 291 4427 secundus
303 4372 333 4425 in
351 4372 463 4443 requie,
476 4373 580 4426 tertius
598 4373 624 4426 ie
639 4371 829 4426 beatitudine.
844 4370 953 4445 Pri-D
968 4369 1079 4421 mnunt.
1105 4367 1201 4420 Activi
1224 4367 1345 4422 audiunt
1367 4371 1396 4422 et
1419 4369 1526 4424 auditis
1548 4371 1699 4427 obediunt.
1720 4372 1800 4429 Gon·

74 4477 142 4516 mus
160 4460 188 4514 in
207 4460 417 4530 tabernaculis
437 4461 588 4515 secundus
600 4461 629 4514 in
644 4458 739 4529 atriiS,
756 4459 859 4514 tertius
881 4459 911 4515 in

75 4550 163 4605 domo
184 4549 246 4604 Dei.
267 4549 356 4615 Quam
375 4549 484 4604 dilecte
502 4548 691 4604 tabernaculo
709 4555 771 4617 tua,
788 4548 913 4604 Domine

78 4639 243 4693 virtutum!
253 4638 349 4705 (Psoi.
363 4638 497 4706 cxxxvii).
509 4637 600 4691 Multo
611 4639 708 4709 magis
719 4637 792 4691 atria
804 4653 912 4691 concu-

79 4727 241 4800 piscibilia,
254 4726 338 4798 juxta
354 4725 425 4780 illud
436 4742 442 4780 :
453 4725 564 4780 Melior
572 4731 617 4779 est
629 4723 696 4780 dies
714 4743 768 4780 rina
780 4726 811 4779 in
823 4727 913 4780 atriis

78 4818 140 4872 tuis
148 4831 239 4887 super
249 4814 342 4868 millia
354 4814 453 4885 (inid.)
466 4814 652 4886 Concupiscit
663 4820 693 4868 et
704 4812 805 4868 delicit
815 4815 912 4868 anima

75 4921 141 4960 mea
156 4905 188 4959 in
212 4904 290 4958 utria
307 4903 426 4958 l'tonn'ni
441 4902 539 4973 (ibid.)
554 4903 612 4957 Sed
628 4902 765 4972 quoniam
786 4902 815 4956 in
836 4901 911 4971 ipsis

75 4994 161 5048 utriis
186 4992 294 5063 uliquis
315 4991 449 5046 delectus
467 4995 513 5045 est
533 5005 539 5046 :
562 4991 649 5045 ilenti
670 4990 719 5062 qui
729 4989 865 5044 dubitent
880 4991 912 5043 in

76 5083 161 5137 dorric
174 5088 230 5147 tun,
253 5080 386 5149 Domine,
399 5080 430 5133 in
441 5079 547 5134 secute
559 5079 732 5134 soeculorum
751 5079 912 5134 laudabunt

76 5177 105 5227 tc
117 5169 215 5240 (ibid).
229 5169 359 5225 Lectulus
370 5185 443 5236 sum,
463 5168 557 5240 inquit
565 5169 645 5239 alibi,
657 5170 688 5222 in
697 5168 746 5222 tn's
757 5185 819 5241 quoe
832 5168 912 5223 dictu

74 5264 145 5315 sunt
155 5258 247 5322 milri;
260 5258 293 5312 ln
303 5258 408 5313 domun
421 5257 539 5312 Domini
550 5257 866 5327 ibimus(l’sul.cxx1).
880 5256 912 5312 In

74 5347 181 5420 primis
193 5349 239 5401 est
250 5346 386 5401 Ecclesia
396 5361 455 5401 non
465 5346 651 5401 sinemacula
662 5348 691 5401 et
699 5346 824 5418 rugasi
834 5347 912 5402 enim

76 5437 247 5494 dixerimus
268 5435 343 5509 pttod
356 5442 511 5507 peccatum
537 5450 593 5490 non
615 5434 768 5503 babemus,
787 5435 847 5508 ipsi
860 5452 914 5493 nos

76 5524 296 5591 seducimus,·et
311 5524 463 5581 veritasin
476 5523 628 5580 nobisnen
637 5528 683 5579 est
694 5521 733 5597 (ll
741 5523 824 5580 loun.
836 5524 867 5595 ι).
880 5523 914 5582 ln

76 5613 349 5680 secundissumo
360 5612 485 5674 macula.
498 5611 572 5668 Sine
582 5609 694 5671 mocula
709 5617 788 5690 eunt,
805 5612 910 5695 inqult,

327 5701 456 5769 Parnon.
476 5699 648 5766 uuxxvtt.

968 4454 1296 4525 templativiaudiuntet
1307 4456 1483 4526 inamplexu
1500 4457 1699 4514 obdormiunt.
1717 4458 1800 4532 Piget

969 4546 1093 4614 torpent,
1110 4543 1198 4597 activi
1217 4542 1359 4614 laborant,
1385 4545 1603 4615 contemplativi
1628 4547 1798 4617 quiescunt.

968 4632 1010 4686 De
1029 4633 1115 4703 pigro
1131 4631 1348 4701 scriptumest:
1365 4631 1531 4687 Abscondit
1546 4649 1731 4689 manussuas
1743 4633 1800 4691 sub

969 4720 1059 4775 urillu
1074 4720 1178 4788 (Prot.
1191 4720 1269 4788 xix);
1282 4719 1317 4773 do
1327 4720 1423 4774 activo
1437 4719 1801 4779 :Looorosmanuumtun

968 4825 1032 4862 rum
1051 4809 1117 4881 quia
1135 4807 1339 4863 manducabis:
1355 4807 1462 4862 beatus
1476 4824 1509 4862 es
1525 4815 1554 4863 et
1567 4809 1645 4865 bene
1662 4810 1720 4866 tibi
1740 4812 1802 4868 erit

968 4896 1062 4966 (Psoi.
1085 4895 1207 4966 cxxvii),
1227 4896 1262 4951 de
1283 4896 1508 4966 contemplativo
1521 4913 1527 4952 :
1542 4897 1614 4964 Quis
1628 4899 1712 4954 debit
1726 4896 1802 4957 milri

964 4985 1349 5057 pennnssieuteolumbtetet
1361 4984 1799 5062 volaboetrepuiescumiffsal.

968 5076 1036 5144 mv).
1051 5074 1131 5146 Pigri
1147 5078 1216 5128 suut
1230 5073 1353 5140 debiles,
1366 5074 1454 5128 activi
1465 5075 1569 5147 fortes,
1582 5077 1802 5148 contemplativi

967 5165 1117 5217 vacantes.
1128 5162 1182 5216 Est
1192 5162 1405 5232 autemtriplex
1413 5163 1566 5236 pigrorum
1576 5166 1802 5238 debilites:quia

969 5254 1038 5306 sunt
1048 5251 1179 5305 inoculis
1191 5250 1273 5320 caeci,
1283 5251 1313 5304 in
1324 5251 1460 5306 nianibus
1472 5255 1623 5323 contracti,
1635 5255 1800 5326 inpegibus

969 5341 1075 5396 claudi.
1085 5339 1174 5409 Greci,
1187 5339 1256 5411 quia
1269 5339 1369 5394 vident
1379 5343 1407 5395 et
1417 5357 1476 5396 non
1488 5343 1669 5414 intelligunt3
1682 5345 1801 5397 contrad

970 5431 1018 5500 cti,
1029 5429 1098 5501 quin
1109 5431 1294 5502 congregant
1302 5432 1329 5484 et
1340 5445 1400 5485 non
1410 5430 1605 5499 distribuunt;
1617 5422 1802 5502 claudi‚quia

969 5520 1006 5577 od
1019 5519 1150 5575 intimam
1169 5518 1281 5576 erroris
1303 5518 1456 5574 lasciviam
1470 5517 1662 5588 declinantes,
1689 5521 1802 5578 rectem

969 5608 1048 5670 riam
1063 5608 1168 5670 salutis
1179 5624 1239 5671 nan
1255 5607 1408 5687 arripiant.
1427 5606 1509 5685 Pigri
1519 5606 1636 5680 torpent
1653 5605 1724 5685 Deo,
1740 5616 1801 5678 naa

1607 5692 1655 5777 at
