3816 6030
1753 70 1906 176 aeo'

85 110 148 178 349
710 104 945 173 SPECULUM
971 103 1192 172 EGGLESIAE

85 297 117 351 iu
126 296 331 353 testimonium
341 295 425 367 pacis
436 295 622 351 auditumest
632 294 750 367 quaudo
762 294 876 349 veritas
887 291 924 346 de
938 287 970 354 A
983 293 1315 365 exorcista,aeotythus,
1326 293 1540 367 subdiaconus,
1551 294 1706 365 diaconus,
1716 310 1815 351 aucer-

88 382 924 457 terraortaestJnstitiadecaeloprospeait(Psalmxxxiv)
983 381 1048 437 dos.
1061 382 1179 439 Primus
1194 400 1266 457 argo
1281 384 1394 458 gradus
1409 388 1456 440 ast
1471 386 1670 455 ostiariorum,
1687 401 1814 459 quorum

87 475 123 529 Et
139 476 211 546 quia
225 491 311 546 poena
327 475 356 528 in
373 491 460 546 quam
480 475 567 529 homo
591 474 696 528 cecidit
720 489 773 543 per
797 472 922 542 eirlpam,
982 477 1027 525 est
1043 473 1214 528 discernere
1230 491 1305 544 quos
1321 476 1357 528 ab
1373 475 1502 530 ecclesia
1514 475 1596 545 juste
1612 475 1765 546 repellant,
1786 478 1815 530 et

87 566 124 618 ad
145 566 319 619 memoriam
344 580 396 634 per
420 564 588 633 Scripturas
612 563 773 632 reducitur,
799 560 924 615 Alleluia
982 577 1058 632 quos
1074 562 1109 616 ad
1125 578 1189 617 eam
1205 563 1294 635 digne
1308 565 1460 634 recipient.
1471 566 1516 619 Ad
1532 566 1608 620 istos
1624 566 1711 619 ctiam
1725 563 1815 635 perti·

88 657 197 709 cantus
215 655 321 709 laetitiae
338 658 460 709 tacetur.
473 654 655 708 Abadventu
671 668 768 723 usque
782 653 818 706 ad
833 651 924 704 Nuta—
982 653 1031 704 nct
1045 668 1095 705 res
1111 652 1248 707 ecclcsiae
1273 654 1398 708 lideliter
1422 655 1592 722 custodire,
1615 654 1692 708 unde
1713 654 1814 708 claves

89 742 150 797 lem
160 744 286 812 Domini,
299 760 315 797 a
327 744 428 814 Moyse
439 759 535 814 usque
546 743 582 796 ad
593 742 744 797 Christum
754 744 870 811 tempus
880 742 925 793 est
982 740 1118 795 ecclesis}
1133 743 1179 796 eis
1190 743 1353 812 truduntur,
1362 760 1427 798 cum
1438 744 1619 798 ordinantur.
1628 743 1734 798 Postea
1747 759 1813 813 pro·

90 833 120 885 in
136 836 356 903 quopeecatum
370 833 516 904 regnavit,
525 849 583 887 non
600 832 925 903 propterigncruntiam
982 834 1138 885 moventur
1161 832 1197 885 ad
1222 832 1351 886 cilicium
1367 832 1527 899 lectorum,
1543 833 1579 887 ad
1597 849 1673 904 qnos
1688 834 1815 903 pertinet

90 924 122 975 ut
137 938 219 975 mors
234 922 328 991 price,
345 922 398 975 sed
413 925 534 992 propter
553 921 752 975 infirmitatem
768 920 876 975 carnia.
894 920 925 973 ln
981 921 1081 991 legere
1095 921 1123 975 in
1135 922 1264 976 ecclesia
1274 922 1445 992 prophetias
1456 922 1814 993 etapostelicasSeriptu·

90 1010 149 1064 hoc
165 1011 290 1064 Alleluia
305 1011 429 1078 canitur,
446 1011 515 1081 quia
530 1013 629 1080 patres
645 1011 702 1065 sub
718 1010 783 1081 lege
796 1010 923 1078 luerunt,
982 1025 1041 1062 rus,
1053 1009 1132 1079 istis,
1142 1012 1400 1079 cumordincntur,
1410 1012 1534 1065 traditur
1544 1011 1638 1065 codex
1650 1010 1815 1064 divinarum

90 1100 146 1152 sed
160 1099 261 1154 Gloria
272 1099 303 1153 in
312 1099 444 1154 excelsis
454 1100 515 1154 Deo
524 1101 637 1167 siletur,
655 1099 733 1171 quod
749 1102 795 1153 est
805 1099 925 1169 signum
981 1099 1150 1168 lectionum,
1161 1103 1189 1154 et
1200 1100 1359 1155 dicitureis
1369 1117 1374 1154 :
1384 1101 1660 1171 Accipiteetcstote
1669 1097 1815 1154 vcrlriDei

90 1190 176 1259 pacis
193 1188 364 1261 etjustitiae,
377 1205 464 1259 quam
476 1190 524 1244 lex
533 1190 602 1244 dure
614 1205 673 1244 aon
683 1189 786 1260 potuit.
796 1189 926 1258 Tempus
982 1188 1139 1249 relatores.
1149 1187 1818 1260 habitin·i,sibcncimplercritisoldeiumpar·

91 1294 107 1332 a
124 1279 220 1348 primo
231 1279 358 1333 adventu
370 1280 509 1350 usquead
520 1278 834 1349 secundum,estintar
848 1278 926 1332 Pca-
982 1277 1811 1349 tumcurtriispuiddelitcrministi-aver·uatDeiuino.Unde

91 1370 228 1422 teeosten
238 1367 440 1422 etAdventum
448 1368 679 1423 Domini.lnhoc
689 1371 785 1422 cantat
793 1367 928 1421 Ecclesia
983 1367 1032 1437 qui
1050 1368 1176 1421 adhunc
1197 1368 1321 1439 gradum
1329 1368 1511 1439 provehitur,
1520 1362 1814 1423 litterarumseientia

92 1457 221 1510 Alleluia
237 1456 266 1510 in
283 1472 336 1527 spe
348 1458 588 1526 resurrectionis
601 1460 629 1511 et
642 1457 743 1512 Gloria
754 1457 785 1510 in
799 1455 930 1511 cri-alsia
983 1455 1068 1510 debet
1078 1456 1277 1526 resplendere.
1288 1457 1386 1511 Tertio
1398 1457 1463 1512 loco
1473 1457 1726 1527 promoventurad
1737 1454 1815 1511 ordi·

93 1545 167 1612 Deo,
185 1561 238 1616 pro
251 1545 365 1616 justitia
381 1546 504 1615 reddita,
528 1547 663 1610 Quotidie
687 1547 763 1601 cauit
786 1545 925 1609 Alleluia,
983 1561 1050 1599 nem
1062 1545 1287 1615 exorcistarum,
1299 1547 1466 1601 uthalreant
1480 1547 1634 1617 imperium
1651 1561 1742 1616 super
1756 1545 1815 1599 daa-

93 1638 164 1709 quia
180 1653 251 1708 spes
262 1636 329 1707 ejus
340 1638 480 1691 firmatur.
493 1637 594 1692 Gloria
606 1638 637 1691 in
648 1637 856 1706 arcelsr'slleo,
868 1653 927 1692 non
943 1601 970 1666 Β
985 1649 1089 1688 mones
1098 1634 1273 1705 ejiciendos.
1288 1637 1350 1691 llos
1367 1637 1451 1691 dccet
1461 1636 1601 1690 mundum
1610 1636 1746 1706 spiritum
1762 1634 1810 1688 ha·

90 1727 224 1798 quotidie
233 1729 284 1781 sed
295 1731 405 1781 tantum
417 1728 447 1780 in
456 1727 553 1796 iestis,
564 1728 632 1798 quia
648 1727 778 1797 quotidie
793 1726 923 1781 clleudit.
985 1725 1056 1780 bere
1073 1727 1121 1796 qui
1139 1726 1246 1780 debent
1260 1725 1419 1780 immundis
1434 1726 1589 1795 imperare.
1600 1725 1648 1793 Hi,
1659 1741 1725 1780 cum
1737 1725 1818 1780 ordi·

88 1816 148 1870 Scd
161 1817 191 1869 in
206 1816 263 1869 fide
279 1819 384 1881 tamen,
396 1815 423 1869 id
436 1815 520 1870 estin
531 1816 578 1870 dio
589 1832 676 1887 quam
687 1815 756 1869 iacit
770 1816 924 1885 Dominus,
984 1818 1091 1870 uantur
1105 1816 1253 1885 accipiunt
1268 1816 1374 1870 librum
1391 1815 1638 1887 exorcismorum,
1656 1819 1685 1869 et
1708 1815 1816 1869 dicitur

90 1921 213 1976 semper
223 1905 465 1976 tenetjustitiam,
479 1905 545 1976 quie
562 1920 681 1974 sempor
694 1905 723 1958 in
739 1905 805 1973 tide,
823 1908 852 1959 et
866 1921 925 1958 non
983 1904 1815 1977 eis:Accipiteetlrabetepctestatcmimponendimanum

90 2010 212 2064 semper
224 1996 253 2048 in
261 1995 402 2065 operibus
413 1995 519 2049 laudat.
528 1994 791 2064 Quartunitempus
799 1994 927 2047 estiatcr
983 2011 1304 2067 supercuerpumeues.
1314 1994 1386 2048 Cum
1397 1998 1494 2049 autem
1506 1994 1678 2049 ordinantur
1686 1992 1815 2062 acolythi

93 2083 209 2137 Pascha
225 2088 253 2137 ct
269 2084 465 2138 Pentecosten
486 2088 514 2139 et
529 2087 636 2138 statum
648 2086 767 2137 aeternae
777 2082 925 2137 felicitatis
983 2087 1130 2156 accipiunt
1138 2086 1345 2140 candelabrum
1353 2088 1560 2152 eumcereo,ut
1576 2084 1721 2138 scientae
1737 2099 1815 2136 man·

90 2173 252 2244 significat,
265 2172 294 2227 in
303 2189 362 2244 quo
375 2174 476 2228 Gloria
487 2174 518 2227 in
528 2173 658 2228 excelsis
673 2172 801 2243 quotidie
813 2173 924 2226 canitur
983 2180 1096 2247 ripales
1107 2177 1142 2231 ud
1154 2175 1393 2230 succendendum
1405 2173 1632 2229 etdelerendum
1647 2171 1812 2226 luminaria.

90 2274 120 2325 et
135 2271 245 2341 duplex
262 2271 385 2326 Alleluia
402 2286 409 2338 ς
424 2269 532 2340 januas
544 2261 688 2324 Ecclesiae
704 2270 791 2323 etiam
806 2269 923 2338 publice
984 2267 1128 2334 Accipunt
1150 2267 1237 2321 etiam
1261 2265 1413 2319 urceolum
1428 2245 1464 2317 a‘d
1480 2262 1692 2318 infundendum
1708 2276 1814 2331 aquam

89 2361 303 2432 paenitentibus
318 2361 478 2430 aperimus,
491 2376 587 2432 genua
599 2376 657 2414 non
669 2359 813 2414 flectimus
825 2359 878 2413 sed
890 2357 926 2412 ad
983 2356 1012 2409 in
1025 2357 1156 2425 calicem,
1167 2357 1196 2409 ia
1207 2354 1506 2427 quoccnsaerandum
1519 2356 1564 2407 est
1575 2367 1684 2422 corpus
1693 2351 1813 2405 Christi.

90 2451 163 2521 quid
181 2451 237 2505 hoc
253 2451 403 2505 cernimus
420 2451 445 2504 si
457 2451 629 2521 mysterium
642 2449 927 2520 nonintelligimus‘?
983 2449 1089 2514 Quinto
1105 2450 1170 2504 leco
1187 2449 1359 2503 ordinantur
1374 2447 1559 2514 subdiaconi,
1580 2445 1631 2515 qui
1648 2443 1814 2497 ministerio

93 2540 577 2608 Glcriaincrcelsistunccauitur,
590 2540 657 2610 quia
667 2539 695 2593 in
708 2538 926 2593 resurrectione
982 2540 1084 2594 altaris
1100 2541 1321 2609 approximant,
1338 2539 1518 2610 quorumest
1533 2540 1649 2607 portare
1664 2550 1736 2588 vasa
1752 2547 1817 2586 cor·

88 2629 217 2700 justitia,
235 2630 325 2684 idest
349 2630 478 2684 charitas
502 2630 681 2700 perficietur,
708 2632 736 2683 et
759 2644 817 2698 pax
841 2627 927 2697 plene
982 2631 1065 2701 poris
1081 2635 1108 2684 et
1124 2631 1280 2702 sanguinis
1300 2629 1420 2683 Christi.
1447 2628 1531 2682 Unde
1555 2628 1602 2681 lex
1628 2622 1815 2682 continentis

91 2719 220 2774 dabitur.
237 2720 351 2789 Duplex
366 2720 474 2773 dicitur
488 2719 623 2787 Alleluia,
644 2722 765 2789 propter
780 2717 927 2787 duplicem
984 2722 1144 2792 imponitur
1158 2720 1227 2787 illis,
1243 2720 1326 2791 juxta
1342 2719 1411 2773 illud
1431 2734 1437 2772 :
1463 2717 1649 2772 dlirndamini
1664 2716 1713 2787 qui
1728 2714 1819 2769 lertis

91 2809 200 2863 stolam
216 2809 245 2861 in
261 2809 356 2876 Albis,
373 2809 440 2881 quia
457 2809 550 2880 gloria
570 2808 800 2878 incorruptionis
815 2807 927 2861 erimus
987 2826 1057 2864 vasa
1072 2811 1191 2864 Domini
1199 2809 1269 2873 llsa.
1288 2810 1346 2875 rm).
1363 2809 1434 2863 Cum
1450 2810 1528 2863 enini
1544 2805 1819 2878 spiritualisradius

91 2898 203 2952 restiti.
214 2898 429 2953 Poenitentibus
442 2898 586 2953 Ecclesiae
600 2898 690 2969 janua
706 2898 845 2966 aperitur,
858 2895 926 2966 quin
944 2915 971 2980 0
986 2900 1105 2954 luminis
1131 2900 1250 2953 castitas
1273 2899 1311 2951 sit
1333 2900 1363 2952 in
1380 2898 1507 2967 clericis,
1524 2901 1680 2953 esttamen
1695 2895 1818 2950 castitas

91 2986 204 3041 nullius
221 2988 333 3057 peccati
348 2987 557 3057 improperium
578 2991 650 3041 tunc
671 2987 736 3052 erit,
752 2986 821 3057 quia
835 2988 926 3039 totum

90 3076 266 3146 absorptum
281 3078 336 3132 erit
350 3093 366 3130 a
382 3077 486 3148 gloria.
502 3077 620 3132 Stantes
636 3092 766 3144 oramus,
777 3075 845 3146 quia
856 3078 926 3128 tunc

91 3181 153 3219 uon
163 3165 219 3218 erit
229 3182 283 3236 pro
298 3183 357 3238 quo
372 3167 528 3221 flectantur
542 3182 648 3239 genua,
674 3166 727 3219 sed
750 3166 856 3219 domus
874 3162 927 3216 Dei

91 3253 256 3324 replebitur
280 3255 385 3326 gloria.
406 3255 465 3311 Sed
480 3256 549 3327 quid
565 3255 703 3325 estquod
720 3269 777 3308 non
793 3253 926 3307 canimus

91 3344 123 3397 in
138 3344 372 3412 privatisleriis,
391 3344 492 3400 Gloria
509 3345 540 3398 in
565 3344 695 3400 excelsis
711 3345 782 3410 Deo,
797 3358 852 3397 nee
869 3342 927 3396 duo

92 3432 220 3486 Alleluia
232 3434 290 3487 uisi
299 3434 377 3504 quod
385 3434 665 3511 nondumhabemus
673 3431 927 3504 periectamjusti·

91 3524 164 3575 tram
175 3537 229 3576 nec
240 3522 364 3593 gloriam
380 3540 467 3595 quam
484 3525 714 3594 exspectamus‘.t
728 3523 838 3576 Tamen
852 3522 927 3574 sim-

92 3610 164 3679 plex
180 3611 304 3665 Alleluia
315 3613 439 3680 canitur,
450 3628 507 3684 qua
518 3612 653 3667 Ecclesia
662 3611 723 3683 jam
739 3612 863 3681 primum
879 3625 927 3663 re-

94 3701 312 3755 surrectionem
327 3702 424 3756 habet.
442 3702 527 3756 Unde
538 3717 657 3772 semper
675 3701 798 3755 Alleluia
814 3700 929 3753 canitur

93 3792 218 3860 excepta
235 3791 470 3863 Septuagesima.
487 3790 560 3856 Quia
576 3792 667 3862 igitur
687 3790 744 3844 hoc
759 3793 876 3858 tempus
892 3787 928 3841 ll-

93 3893 170 3948 gura
193 3882 239 3932 est
262 3879 331 3933 tanti
357 3881 467 3951 gaudii,
493 3881 522 3934 in
547 3879 709 3934 Dominicis
726 3883 754 3933 et
768 3878 854 3933 festis
872 3876 928 3930 hoc

94 3970 193 4020 eanmt
208 3966 353 4023 Ecclesia.
370 3969 428 4024 Sed
444 3969 512 4040 quia
528 3970 657 4023 nondum
674 3983 779 4022 sumus
795 3967 824 4020 in
839 3965 928 4020 illoin

93 4056 219 4124 privatis
244 4055 328 4111 scriis
350 4060 435 4112 tacet.
462 4058 542 4130 Ergo
564 4073 617 4128 par
638 4058 770 4123 Quatiior
784 4056 929 4124 Tempora

93 4144 226 4199 variatur
247 4149 341 4199 status
365 4146 518 4202 Ecclesiae.
544 4147 673 4201 Primum
691 4147 805 4216 culpam
821 4145 927 4212 intulit,

986 2989 1196 3059 quasipropria
1207 2990 1302 3043 virtus
1314 3004 1426 3055 eorum,
1437 2988 1487 3058 qui
1498 2987 1642 3041 accedunt
1651 2986 1686 3039 ud
1694 2985 1818 3039 hostros

986 3094 1120 3132 summos
1133 3078 1263 3147 ordines,
1277 3079 1327 3149 qui
1337 3094 1390 3147 per
1400 3075 1643 3143 antonomasiam,
1660 3073 1689 3128 id
1704 3076 1751 3129 est
1765 3090 1819 3143 per

986 3166 1354 3235 excellentiam,jamsacri
1362 3165 1482 3221 ordinas
1490 3164 1682 3235 appellantur.
1691 3163 1819 3218 Subdiu-

988 3257 1054 3311 coni
1065 3261 1161 3311 autem
1173 3257 1340 3310 ministrant
1353 3255 1461 3310 ciliciis
1473 3254 1639 3309 levitarum.
1652 3253 1697 3308 Ad
1712 3253 1817 3307 horum

987 3341 1818 3416 olllciumpertinetcorporaliaetsuhstratoriulevaravel

987 3434 1095 3489 lavare.
1105 3435 1159 3501 Illi,
1168 3451 1233 3489 cum
1242 3435 1423 3499 ordinantur,
1436 3433 1583 3503 accipiunt
1593 3435 1820 3503 patenametca·

986 3522 1073 3578 licem
1085 3525 1121 3579 de
1132 3540 1220 3579 manu
1231 3524 1378 3594 episcopi,
1393 3524 1430 3578 de
1441 3540 1529 3577 mauu
1540 3520 1818 3577 veroarchidiaconi

988 3613 1139 3668 urceolum
1156 3616 1183 3667 et
1198 3630 1304 3685 aquam
1319 3613 1349 3666 ia
1365 3612 1478 3681 eodem,
1496 3616 1524 3666 et
1540 3610 1756 3682 manutergium
1769 3624 1819 3662 ae·

988 3702 1108 3770 cipiunt,
1126 3702 1235 3772 ‹pribus
1252 3701 1394 3756 sacerdos
1410 3703 1439 3754 et
1451 3700 1538 3754 levita
1555 3700 1697 3754 mundare
1712 3712 1818 3752 manus

988 3790 1096 3845 dehent
1112 3791 1260 3845 tractaturi
1279 3791 1429 3845 Dominiea
1444 3792 1638 3845 sacramenta.

1023 3882 1113 3934 Sexto
1128 3879 1194 3934 loco
1210 3880 1373 3934 succedunt
1387 3880 1504 3934 iliaconi
1519 3892 1578 3933 noa
1594 3878 1658 3932 sine
1678 3876 1820 3946 mysterio
1898 3900 1902 3907 ·

988 3969 1108 4037 senarii,
1126 3968 1175 4039 qui
1192 3984 1333 4023 numerus
1348 3968 1559 4038 perlectionem
1580 3966 1737 4038 signiticat.
1764 3965 1820 4019 Hic

988 4059 1060 4113 ordo
1076 4058 1105 4111 in
1121 4058 1219 4113 Veteri
1235 4058 1422 4112 Testamenta
1451 4074 1467 4110 a
1496 4057 1576 4111 tribu
1596 4055 1666 4110 Levi
1691 4053 1818 4124 sumpsit

988 4147 1153 4216 exordium,
1170 4151 1198 4203 at
1207 4149 1236 4202 iu
1248 4148 1333 4202 Novo
1344 4146 1531 4201 Testamenta
1543 4146 1579 4199 ab
1591 4142 1735 4214 apostolis
1746 4158 1818 4197 con-

95 4234 260 4289 secuadum
269 4235 514 4303 detexit‚tertium
524 4252 588 4291 eam
600 4237 708 4291 delevit
718 4251 770 4306 per
783 4234 929 4306 justitiam
944 4232 974 4295 D
988 4237 1131 4305 firmatus,
1144 4232 1819 4309 quandoapostoliseptenvirosSpiritusancto

95 4322 149 4375 scd
160 4325 323 4378 reservavit
332 4324 930 4395 pmnan1,‹p1nrtumpcrllcietjustitiamct

94 4412 269 4467 absorbebit
293 4429 419 4483 poennm.
447 4414 576 4468 Primum
600 4414 654 4468 luit
668 4414 762 4483 culpae
778 4417 806 4468 ct
821 4429 926 4483 picum,

96 4502 261 4556 secundum
271 4519 366 4573 pmnae
377 4507 406 4558 ct
415 4503 588 4573 prophetiae,
598 4503 716 4557 tertium
725 4519 820 4572 poenaa
830 4507 856 4557 et
866 4520 930 4574 gra-

97 4591 156 4657 tiae,
172 4594 307 4662 quartum
324 4592 427 4663 gratim
443 4595 469 4645 et
487 4592 601 4663 gloriae.
614 4592 927 4659 Posterusordoanni,

97 4680 126 4733 in
148 4679 365 4751 signiticationc
387 4682 521 4749 mysticat
538 4681 566 4735 in
582 4682 801 4736 resurrectione
816 4684 929 4751 primos

96 4768 298 4837 novissimos3
313 4769 449 4822 similitor
471 4771 501 4823 in
523 4769 701 4840 ‹pribusdam
726 4787 792 4842 qua·
808 4771 837 4824 in
853 4771 929 4826 laste

95 4860 169 4912 liunt
184 4858 432 4912 circumcisionis.
452 4859 531 4913 Inter
545 4859 610 4914 haec
624 4862 721 4913 autem
737 4861 837 4925 multa,
863 4877 930 4932 quae

96 4947 166 5001 licet
181 4946 299 5000 minima
314 4947 478 5011 videantur,
496 4963 603 5019 magno
619 4951 716 5002 umen
731 4949 804 5003 fiunt
819 4954 930 5020 myste-

96 5037 154 5101 rio,
170 5036 430 5106 pretermittimus,
448 5037 515 5107 qnia
530 5037 566 5090 ad
577 5037 632 5090 ulia
642 5053 708 5108 quae
719 5039 930 5109 proposuimus

95 5125 284 5178 festinamus.

236 5213 306 5266 ilar.
322 5213 355 5268 V.
370 5212 412 5267 Dc
428 5213 585 5268 culicibus
600 5214 786 5270 clericorum.

131 5301 272 5373 Sequitur
284 5305 315 5356 ut
328 5301 482 5356 videamus
499 5304 536 5358 de
551 5307 665 5373 septem
676 5305 832 5360 ordinibus
844 5305 930 5360 cleri-

96 5406 210 5459 corum,
227 5392 277 5461 qui
294 5394 363 5445 sunt
379 5396 491 5461 septem
508 5392 619 5463 gradus
635 5393 779 5448 Ecclesiae
790 5410 929 5466 perquos

97 5480 149 5552 qui
159 5479 286 5534 clericus
297 5484 342 5534 est
350 5480 517 5535 ascendens
529 5481 656 5536 elllcitur
667 5483 816 5551 ostiarius,
824 5485 927 5548 lector,

987 4314 1821 4396 plenosadhocolficiumelegerunt(Act.vr).Unilesun·

988 4418 1026 4471 cti
1042 4419 1246 4484 decreverunt,
1268 4419 1300 4470 ut
1316 4416 1345 4468 in
1366 4414 1444 4468 omni
1455 4416 1546 4466 matre
1559 4410 1693 4465 Ecclesia
1704 4412 1819 4480 septem
1888 4466 1891 4471 ,

988 4507 1102 4561 diaconi
1119 4507 1148 4560 in
1164 4505 1361 4561 celebratione
1377 4504 1454 4557 eirca
1470 4503 1560 4556 altera
1575 4501 1677 4555 missae
1691 4499 1819 4553 assiste-

987 4599 1062 4664 rent,
1091 4598 1211 4665 propter
1238 4597 1349 4664 septem
1375 4593 1452 4648 dona
1474 4592 1601 4662 Spiritus
1617 4590 1722 4646 sancti.
1736 4590 1772 4644 lli
1789 4589 1819 4643 iu

988 4684 1166 4754 Apocalypsi
1183 4684 1321 4738 dicuntur
1336 4686 1448 4752 septem
1463 4682 1561 4754 angeli
1576 4681 1646 4735 tuba
1666 4681 1817 4746 canentes,

988 4774 1054 4845 quia
1071 4774 1188 4827 illorum
1202 4775 1249 4827 est
1262 4773 1318 4826 alta
1337 4772 1476 4843 mysteria
1501 4771 1552 4825 Dei
1569 4769 1760 4840 inspiratione
1776 4771 1820 4823 in·

987 4866 1064 4918 tenta
1082 4862 1155 4917 ioris
1167 4877 1318 4916 resonare.
1332 4861 1634 4932 Hidicuntursaptcm
1643 4858 1820 4915 candelabra

988 4968 1087 5021 aurea,
1104 4952 1172 5023 quia
1188 4967 1290 5006 eorum
1306 4954 1352 5007 est
1365 4953 1462 5006 lucem
1477 4949 1630 5023 Evangelii
1642 4950 1709 5004 aliis
1724 4952 1820 5003 osten·

988 5042 1068 5096 darc.
1087 5042 1124 5095 tii
1138 5043 1208 5095 sunt
1222 5044 1336 5111 septem
1351 5042 1488 5110 tonitrua,
1505 5041 1573 5112 quia
1588 5039 1760 5093 tcmibiliter
1773 5040 1824 5108 tofi

988 5146 1059 5184 nure
1074 5130 1182 5185 ‹lelient
1199 5146 1205 5184 :
1224 5129 1327 5184 Omnis
1343 5130 1434 5185 arbor
1452 5146 1515 5202 qiam
1529 5144 1585 5184 non
1600 5127 1672 5182 lecit
1691 5126 1820 5181 fricatum

988 5218 1093 5272 borium
1101 5219 1266 5286 ercidetur,
1276 5221 1343 5274 etin
1350 5219 1448 5291 ipram
1456 5214 1716 5287 mitteturhllctth.
1727 5216 1820 5283 xxxi).

989 5307 1040 5362 lsti
1065 5309 1095 5361 in
1119 5308 1236 5362 modum
1259 5308 1408 5378 praeconis
1431 5307 1587 5362 manifeste
1608 5307 1766 5360 admonent
1784 5305 1820 5359 ad

987 5396 1131 5450 orandum
1144 5412 1151 5460 2
1167 5400 1195 5451 et
1206 5398 1242 5451 ad
1252 5413 1331 5470 genu
1343 5397 1528 5453 nectendum.
1543 5397 1594 5451 lsti
1605 5395 1818 5466 evangelizant,

987 5488 1014 5540 et
1026 5489 1210 5541 sacramenta
1222 5488 1357 5557 corporis
1366 5490 1393 5540 ct
1406 5487 1561 5557 sanguinis
1574 5485 1689 5540 Domini
1706 5485 1822 5541 diaden-
