3796 6022
119 244 179 323 263

496 238 717 349 nrhnunix
738 251 798 319 nn
821 239 1012 319 nunonis
1034 240 1180 318 ornan
1203 242 1471 319 nouuhrtcl.

1788 246 1849 321 264

120 459 232 516 storius
245 457 377 527 nomine,
386 456 554 529 eloquentia
565 455 702 511 soeeulari
717 455 869 527 praeditus,
880 470 950 510 con·
964 438 994 503 Α
1013 455 1173 527 Hispanias
1182 456 1263 525 abiit,
1274 459 1302 512 et
1315 457 1382 512 inde
1394 459 1495 512 contra
1504 472 1577 512 suos
1592 458 1628 511 ad
1640 457 1849 530 Carthaginem

119 553 163 604 tra
185 547 359 603 catholicam
380 546 587 618 dogmatizavit
611 544 708 608 tidem,
731 548 863 599 sanctam
886 543 949 598 Ma-

121 639 194 695 riam
210 653 269 692 non
283 651 352 690 esse
369 635 421 689 Dei
436 635 621 706 genitricem,
638 636 665 688 et
680 634 829 687 hominem
845 649 950 703 purum

120 728 329 795 decanatum,
348 723 400 779 sed
417 727 520 794 postea
535 723 645 778 homini
663 723 755 777 Deum
771 721 865 776 luisse
885 737 952 792 per·

115 812 250 872 mistum.
264 814 348 869 Unde
360 813 483 868 collecta
492 815 538 866 est
552 811 663 883 Ephesi
674 812 758 865 tertia
770 814 871 865 sancta
883 826 952 881 syn-

120 905 206 973 odus,
223 919 298 977 papa
312 900 615 972 Coelestinojubente.
627 899 835 954 Convenerunt
852 902 952 968 patres

121 994 249 1063 ducenti,
269 995 297 1046 et
317 992 356 1046 ibi
378 990 536 1045 Nestorius
548 988 770 1057 estdamnatus,
788 992 816 1042 et
829 987 952 1042 anathe-

120 1083 285 1152 matizatus,
304 1085 332 1135 et
353 1080 498 1134 firmatum
521 1081 551 1133 ut
567 1077 651 1131 beata
668 1076 758 1131 illaria
773 1077 951 1148 Theotoeos,

119 1171 252 1240 θεοτόιος,
278 1170 306 1223 id
331 1171 377 1224 est
397 1167 490 1222 Mater
509 1166 561 1221 Dei
582 1166 754 1237 appelletur.
774 1165 887 1220 Floruit
901 1181 955 1236 per

120 1262 198 1318 idem
209 1263 325 1329 tempus
340 1259 462 1311 sanetus
483 1255 643 1309 Mamertus
664 1255 878 1310 Viennensium
892 1254 953 1325 epi·

121 1365 243 1427 scopus,
256 1347 305 1418 qui
321 1350 382 1400 tres
397 1345 461 1399 dies
479 1345 677 1415 Rogatianum
691 1344 826 1398 instituit.
844 1343 953 1398 Verum

120 1436 309 1511 Theodosius
318 1433 731 1506 AugustusConstantinopoli
739 1437 785 1487 est
795 1432 953 1488 defunctus

120 1513 328 1596 annoimperii
343 1523 390 1578 sui
404 1522 632 1595 quadragesimo
649 1521 791 1578 secundm

120 1650 190 1707 Car.
212 1649 277 1704 xll.
295 1648 340 1702 De
354 1647 549 1772 Martianogt
569 1645 775 1702 Valentiniano
795 1647 952 1718 imperato·

487 1735 515 1771 rr
541 1734 583 1772 us.

157 1846 319 1901 Martianus
330 1843 430 1915 igitur,
447 1841 484 1895 ad
495 1841 649 1912 imperium
660 1844 842 1912 assumptus,
860 1842 953 1912 impe-

123 1935 198 1992 ravit
213 1950 279 1989 eum
288 1931 492 1986 Valentiniano
508 1931 594 1985 annis
607 1947 672 1986 sex.
685 1931 743 1985 lste
759 1947 825 1985 eum
837 1931 954 1985 Parthis

122 2029 151 2080 et
167 2022 308 2078 Vandalis
320 2022 484 2076 Romanum
494 2019 702 2075 infestantibus
714 2034 956 2092 regnum,pacem

124 2111 284 2170 constituit.
307 2110 420 2165 Horum
440 2124 558 2181 quoque
580 2109 800 2179 imperatorum,
816 2108 957 2162 Marciani

123 2202 238 2258 scilieet
260 2203 289 2254 et
309 2198 515 2268 Valentiniani,
539 2198 721 2268 temporibus
745 2197 891 2253 celebrata
912 2201 958 2252 est

101 2289 331 2355 ,chalcedoniae
360 2289 462 2359 quarta
487 2288 590 2341 sancta
614 2286 748 2358 synodus
777 2286 956 2340 universalis

123 2380 333 2441 sexcentorum
349 2375 469 2446 triginta
488 2376 720 2431 reverendorum
737 2376 955 2446 episcoporum,

123 2468 218 2525 sancti
228 2481 313 2538 papae
325 2465 435 2519 Leonis
447 2463 591 2518 industria
601 2467 791 2536 congregata.
806 2464 848 2517 lbi
861 2463 959 2518 Euthi-

124 2571 177 2613 ces
192 2554 352 2610 haereticus
365 2569 432 2607 curn
448 2551 592 2607 Dioscoro
608 2539 957 2624 Alexandrinoepiscopo

125 2645 278 2703 abdicatus
300 2644 355 2713 est,
381 2645 409 2696 et
425 2642 590 2696 damnatus.
606 2640 720 2695 Interea
734 2641 958 2697 Valentinianus

125 2734 286 2806 imperator
306 2732 432 2786 factione
449 2730 576 2785 Heraclii
592 2730 734 2801 spadonis
752 2732 893 2803 Agerium
909 2748 958 2802 pa-

124 2824 242 2880 tricium
264 2820 421 2876 interiecit.
441 2819 500 2875 Sed
520 2835 579 2875 non
600 2818 690 2874 multo
706 2822 782 2890 post,
808 2820 886 2875 idem
902 2820 959 2874 Va·

124 2911 303 2970 lentinianus
319 2928 334 2965 a
351 2909 527 2964 satellitibus
545 2909 647 2981 Agerii
661 2909 729 2964 doto
744 2909 894 2964 Maximini
910 2926 958 2965 co-

125 3003 206 3059 mitis
221 3000 320 3073 palatii
335 3002 381 3054 est
397 3000 527 3069 occisus,
549 3001 577 3052 et
598 3015 668 3053 mox
687 2998 765 3053 idem
778 2998 958 3055 Maximinus

1012 546 1138 600 transire
1154 546 1318 617 proposuit,
1335 547 1516 616 sedpenitus
1533 563 1586 615 spe
1602 563 1656 600 sua
1673 546 1845 615 frustratus,

1011 635 1047 688 ad
1064 633 1173 688 ltaliam
1190 637 1236 688 est
1249 650 1421 705 regressus,
1437 635 1487 688 ubi
1504 636 1589 689 tertio
1606 636 1789 705 principatus
1801 637 1848 690 sui

1011 739 1088 778 anno
1101 724 1151 776 vix
1162 723 1278 794 expleto
1291 724 1430 778 decessit.
1447 725 1529 778 Tunc
1541 725 1601 778 Leo
1617 725 1776 795 imperator
1791 727 1849 778 Ar-

1011 812 1153 867 themium
1176 811 1325 867 Caesarem
1349 812 1379 866 in
1400 813 1512 868 ltaliam
1534 813 1701 866 destinavit.
1727 813 1782 877 Qui
1799 813 1847 867 ubi

1012 901 1135 956 Romam
1157 901 1262 972 attigit,
1285 902 1470 956 Ricemerem
1487 916 1630 973 generum
1644 917 1732 955 sunm
1747 906 1849 956 contra

1013 987 1121 1043 Planos
1137 990 1254 1058 direxit,
1265 994 1293 1043 et
1308 1005 1361 1059 per
1375 1006 1442 1045 eum
1457 990 1675 1044 multitudinem
1691 990 1849 1044 Planorum

1012 1076 1135 1149 fugavit,
1151 1082 1180 1132 et
1190 1093 1292 1150 regem
1303 1094 1405 1132 eorum
1417 1078 1594 1149 Beorgicum
1609 1079 1703 1148 primo
1715 1079 1851 1132 certami-

1012 1166 1059 1220 nis
1075 1167 1184 1237 impetu
1195 1169 1366 1236 superatum
1375 1167 1531 1222 interemit.
1543 1166 1600 1221 Sed
1610 1183 1669 1221 non
1680 1167 1772 1221 multo
1783 1170 1851 1238 post

1012 1254 1090 1311 idem
1106 1256 1287 1325 Anthemius,
1302 1256 1397 1326 ipsius
1409 1256 1575 1311 llicemeris
1591 1255 1693 1310 fraude
1709 1257 1850 1311 interem-

1011 1346 1090 1415 ptus,
1107 1359 1233 1416 regnum
1253 1344 1372 1416 reliquit
1394 1343 1524 1415 Olybrio.
1545 1344 1684 1415 Olybrius
1703 1360 1850 1400 veronen

1011 1447 1115 1488 mense
1131 1437 1234 1489 octavo
1249 1435 1398 1487 transacto
1414 1433 1461 1487 sui
1476 1432 1659 1503 principatus
1679 1433 1768 1488 ilnem
1782 1435 1851 1487 vite

1012 1521 1101 1577 dedit.
1118 1519 1338 1591 Quodeluncto,
1350 1521 1505 1592 Glycerius
1515 1521 1581 1592 eius
1593 1522 1650 1576 sihi
1659 1523 1851 1592 praesumpsit

1012 1611 1177 1681 imperium.
1192 1610 1301 1665 Verum
1317 1625 1393 1665 anno
1409 1610 1460 1664 vix
1472 1610 1598 1680 expleto.
1616 1610 1718 1680 Nepos
1732 1610 1851 1682 quidam

1012 1700 1129 1755 nomine
1155 1715 1222 1754 eum
1243 1715 1259 1754 e
1278 1715 1372 1771 regno
1393 1698 1519 1771 ejiciens
1533 1700 1708 1770 episcopum
1723 1697 1852 1754 ordinari

969 1803 996 1865 B
1013 1788 1092 1858 iecit,
1109 1792 1138 1843 et
1153 1788 1211 1842 sibi
1226 1803 1351 1860 regnum
1368 1789 1472 1858 rapuit.
1490 1788 1598 1842 Tantas
1612 1789 1770 1843 varietates
1785 1805 1851 1842 mu-

1012 1878 1197 1949 tationesque
1214 1877 1415 1932 Romanorum
1430 1877 1596 1947 principum
1616 1893 1742 1931 cernens
1759 1876 1854 1932 Theo·

1013 1966 1144 2037 doricus,
1160 1965 1384 2037 visigothorum
1404 1983 1467 2034 rex,
1485 1968 1674 2021 Avernorum
1698 1965 1853 2035 occupavit

1014 2054 1172 2123 civitatem,
1190 2058 1292 2109 contra
1310 2071 1398 2125 quem
1410 2055 1510 2125 Nepos
1522 2053 1625 2109 Caesar
1634 2054 1671 2108 ab
1683 2054 1765 2108 ltalia
1780 2054 1854 2108 Ore-

1015 2148 1091 2199 stem
1103 2143 1213 2198 mllitire
1225 2160 1289 2199 suae
1300 2144 1475 2216 magistrum
1488 2143 1606 2213 prodire
1613 2143 1771 2198 mandavit.
1784 2142 1855 2197 Ore·

1016 2236 1080 2288 stes
1094 2237 1191 2287 autem
1207 2232 1257 2287 ubi
1273 2249 1339 2288 eum
1358 2233 1490 2287 exercitu
1510 2234 1680 2287 Ravennam
1691 2232 1780 2299 venit,
1796 2233 1855 2285 Au·

1016 2322 1169 2395 gustulum
1193 2322 1399 2392 imperatorem
1416 2321 1509 2376 hlium
1526 2337 1612 2377 suum
1634 2321 1754 2375 creavit.
1772 2319 1855 2385 Quod

1017 2411 1140 2468 audiens
1157 2411 1268 2481 Nepos,
1285 2410 1426 2482 praesidio
1444 2410 1543 2464 nudus
1557 2410 1594 2463 ad
1610 2409 1756 2464 Dalmatas
1768 2408 1854 2481 fugit,

1016 2499 1066 2555 ubi
1078 2502 1106 2553 et
1115 2499 1249 2571 privatus
1260 2499 1378 2554 deiecit.
1391 2499 1559 2570 Augustulo
1574 2515 1647 2554 vero
1663 2499 1693 2553 in
1716 2499 1855 2553 Ravenna

1017 2587 1154 2660 degente,
1170 2587 1303 2643 Odoacar
1314 2588 1529 2660 Totilingorum
1544 2603 1607 2656 rex,
1619 2587 1734 2643 habens
1749 2601 1852 2642 secum

1017 2677 1142 2732 Perulos
1166 2677 1412 2749 diversarumque
1434 2677 1607 2733 auxiliarios
1628 2677 1770 2749 gentium,
1798 2676 1855 2729 lta-

1018 2766 1087 2822 liam
1102 2768 1266 2838 oconpavit.
1282 2766 1337 2831 Qui
1355 2771 1384 2821 et
1398 2766 1533 2822 Orestem
1544 2766 1701 2835 interiecit,
1720 2768 1749 2820 et
1765 2765 1856 2819 tilium

1017 2856 1085 2929 ejus
1106 2856 1307 2929 Augustulum
1333 2856 1369 2910 de
1390 2871 1484 2927 regno
1507 2855 1627 2926 pulsum
1645 2855 1675 2908 in
1696 2854 1856 2909 Lucullano

1017 2944 1184 3015 Campaniae
1210 2945 1331 2999 rastello
1348 2944 1446 2999 exsilii
1465 2960 1552 3015 poena
1571 2943 1728 2998 damnavit.
1749 2942 1856 3013 Sicque

1017 3034 1196 3106 Hesperium
1212 3034 1353 3089 Romanae
1372 3034 1471 3105 gentis
1491 3049 1628 3105 regnum,
1649 3032 1728 3102 quod
1746 3031 1857 3102 septin-

124 3092 193 3166 ⁰j¹¹⁸
217 3093 327 3145 ΜΝ
351 3103 515 3158 numum*
538 3103 664 3158 qusque
679 3097 802 3142 mrem
825 3106 855 3143 ¹¹¹
871 3104 958 3144 suum
974 3112 1000 3176 C
1016 3124 1183 3198 gentesimo
1197 3138 1274 3177 nono
1290 3123 1375 3178 urbis
1393 3122 1517 3177 cenditae
1532 3137 1609 3176 anno
1625 3120 1740 3191 primus
1755 3122 1857 3191 Augu·

125 3179 299 3253 eonjugium
313 3177 439 3232 transire
460 3178 566 3249 coegit.
581 3176 690 3231 Verum
701 3177 755 3231 hac
772 3178 957 3233 incontinen-

124 3269 164 3325 tia
175 3284 234 3324 non
249 3271 295 3322 est
309 3267 359 3321 din
376 3268 510 3338 gavisus
521 3265 595 3320 Nam
611 3269 679 3336 post
687 3266 811 3322 alterum
826 3283 959 3322 mensem

123 3374 142 3413 a
157 3357 275 3413 lamulis
297 3356 378 3427 regis
396 3355 578 3409 membratim
594 3355 760 3421 dilaniatus,
781 3359 809 3410 et
830 3356 859 3411 in
873 3356 959 3412 Tibe-

127 3447 183 3503 rim
214 3448 259 3499 est
288 3443 451 3515 projectus.
477 3426 548 3498 l‘ost
571 3444 659 3516 eujus
687 3447 810 3499 mortem
835 3446 960 3501 Romani

129 3536 248 3591 Avitum
279 3534 429 3588 Caesarem
463 3536 646 3588 creaverunt.
677 3533 769 3589 Porro
797 3535 960 3590 Martianus

128 3628 215 3680 sexto
231 3623 344 3694 imperii
362 3622 408 3676 sni
425 3638 512 3691 anuo,
530 3625 658 3677 etsexta
674 3622 784 3693 pariter
797 3639 900 3678 mense
911 3625 961 3679 de·

127 3713 247 3769 nanctus
264 3716 319 3767 est.

311 3838 380 3892 Cir.
398 3835 478 3890 x111.
494 3836 538 3892 De
553 3837 651 3893 Leone
667 3854 781 3910 magno.

163 3964 224 4019 Leo
240 3963 366 4035 Magnus
376 3965 444 4033 post
454 3966 579 4016 mortem
595 3962 728 4016 Martiani
744 3966 901 4017 assecutus
913 3962 963 4017 im-

125 4053 252 4126 perium,
278 4051 432 4120 imperavit
455 4051 542 4103 annis
563 4050 725 4105 sexdecim.
750 4051 845 4123 OuJus
867 4051 960 4121 primo

126 4158 204 4197 anno
222 4139 432 4211 Hesperiarum
448 4140 607 4208 imperator
625 4140 740 4209 Avitus,
757 4140 833 4194 intra
849 4140 960 4195 Gallias

126 4230 164 4287 ab
180 4229 312 4284 exercitu
321 4244 376 4283 suo
386 4229 506 4298 spretus
517 4231 545 4282 et
556 4228 727 4300 derelictus,
739 4229 776 4283 ad
785 4215 897 4284 lta'liam
911 4246 960 4284 re·

126 4319 244 4387 meav't,
258 4320 286 4371 et
300 4321 367 4388 post
377 4333 489 4386 paucos
502 4317 577 4386 dies,
588 4318 700 4372 honore
712 4319 960 4391 dignitatisdepo·

127 4335 959 4479 sito,Maeoniinorumordinaturopiscopusnodemque

1017 3220 1132 3273 storum
1154 3212 1294 3268 Octavius
1316 3209 1516 3284 [Octavianus]
1540 3213 1694 3282 Augustus
1721 3208 1857 3265 obtinuit·

1017 3308 1047 3362 in
1063 3303 1119 3358 hoc
1131 3300 1299 3373 Augustulo
1316 3300 1467 3372 dignitatis
1483 3316 1547 3354 snae
1558 3298 1746 3370 privilegium
1759 3297 1856 3369 perdi·

1018 3394 1068 3462 dit,
1090 3394 1118 3445 et
1139 3391 1169 3444 in
1190 3406 1295 3444 manus
1317 3406 1422 3462 regum
1446 3394 1615 3444 exterarum
1638 3388 1770 3461 gentium
1794 3389 1857 3441 tan·

1019 3483 1084 3537 dem
1100 3480 1264 3550 collapsum
1285 3480 1405 3534 corruit.
1429 3479 1608 3533 Memoratus
1627 3477 1755 3547 denique
1776 3476 1858 3529 Visi-

1019 3570 1178 3644 gothorum
1200 3584 1254 3623 rex
1275 3567 1492 3636 Theodericus,
1523 3566 1671 3638 Illyricum
1700 3568 1729 3619 et
1747 3568 1859 3635 partem

1019 3674 1156 3730 magnam
1172 3656 1262 3710 ltaliae
1278 3656 1443 3727 occupavit.
1460 3656 1553 3710 Porro
1573 3657 1633 3710 Leo
1657 3653 1786 3708 Orientis
1806 3653 1859 3706 im·

1019 3749 1136 3820 perator
1151 3747 1298 3801 Zenonem
1315 3761 1458 3817 generum
1474 3761 1562 3800 suum
1578 3744 1754 3815 magistrum
1769 3741 1858 3796 totius

1019 3836 1147 3893 Orientis
1157 3834 1236 3904 iecit,
1248 3837 1276 3888 et
1287 3834 1448 3889 Basilicum
1457 3833 1578 3889 fratrem
1587 3832 1702 3888 Berinee
1714 3833 1858 3903 Auguste

1017 3925 1192 3998 magistrum
1212 3924 1338 3978 instituit
1360 3923 1504 3995 Thraciae,
1528 3923 1657 3978 Leonem
1677 3910 1857 3976 venalitium

1017 4031 1105 4070 suum
1121 4014 1274 4068 coronavit
1288 4012 1467 4084 Augustum.

1016 4175 1090 4232 Car.
1109 4175 1187 4230 XlV.
1205 4174 1249 4229 De
1263 4174 1362 4229 Leone
1377 4173 1515 4239 seeundo,
1533 4170 1665 4227 Basilice
1680 4177 1710 4226 et
1726 4167 1854 4237 Zenone,

1053 4320 1113 4374 Leo
1130 4318 1292 4387 secundus,
1304 4321 1372 4388 post
1382 4316 1474 4387 patris
1486 4315 1607 4384 obitum,
1616 4314 1770 4385 imperavit
1780 4329 1856 4368 anno

1016 4425 1091 4479 uno,
1108 4424 1167 4479 qao
1184 4405 1324 4462 defuncto
1340 4406 1487 4461 Basilicus
1504 4404 1595 4459 trater
1616 4403 1732 4458 Berinee
1747 4402 1783 4457 ab
1803 4417 1857 4456 au-

126 4512 204 4553 anno
219 4494 418 4567 Majoranusa
436 4497 576 4551 Romanis
592 4496 735 4551 militibus
751 4499 826 4567 apud
843 4498 959 4552 Raven-
974 4491 1000 4553 l)
1017 4499 1085 4554 licis
1101 4496 1244 4552 militibus
1260 4495 1438 4551 acclamatur
1453 4495 1623 4565 Augustus,
1640 4491 1694 4546 sed
1713 4491 1792 4546 Zeno
1807 4490 1857 4545 de·

127 4601 195 4642 nam
217 4584 318 4641 Caesar
338 4584 428 4640 ltaliae
449 4588 496 4639 est
520 4586 682 4640 ordinatus.
704 4584 759 4650 Qui
779 4587 898 4656 quidem
921 4589 959 4642 ad
1015 4604 1095 4644 mum
1111 4586 1208 4641 iaetus
1224 4588 1271 4640 est
1286 4586 1455 4656 imperator.

780 4923 961 5003 einen
999 4921 1191 5003 NONUS

127 5138 259 5208 'l‘reetet
272 5141 311 5205 de
326 5141 570 5225 imperatoribus
584 5164 603 5206 a
618 5143 746 5208 Zenone
759 5163 861 5228 usque
874 5144 916 5207 ad
932 5143 1082 5208 Carolum
1098 5143 1255 5225 Magnum
1268 5162 1276 5220 3
1291 5141 1460 5205 continens
1475 5139 1616 5222 capitula
1632 5135 1746 5220 viginti
1768 5137 1840 5200 tria.

883 5328 1078 5345 Η

393 5453 462 5511 Car.
479 5450 501 5510 l.
517 5451 561 5510 De
576 5449 697 5509 Zenone

1002 5470 1082 5529 Zeno
1096 5471 1153 5528 iste
1173 5471 1320 5528 Enothiou
1341 5472 1507 5543 composuit
1523 5470 1624 5527 eontra
1639 5467 1728 5526 fldem
1738 5463 1840 5526 eccle·

163 5558 263 5620 Zenon
284 5557 375 5635 igitur
398 5563 516 5632 sumpto
545 5559 708 5616 diademate
732 5560 886 5632 imperarit
908 5576 962 5616 an·
1005 5561 1167 5619 siastioam.
1184 5561 1402 5618 ‘theodoricum
1417 5577 1535 5634 quoque
1551 5559 1778 5632 visigothorum
1793 5574 1842 5615 re·

127 5653 176 5713 nis
184 5651 301 5711 duobus
313 5665 380 5708 eum
390 5647 529 5722 Basilice,
541 5650 569 5707 et
585 5647 753 5725 qaindecim
764 5649 858 5709 solas.
871 5650 964 5708 Porro
1004 5665 1076 5728 gem
1096 5651 1134 5709 ad
1157 5666 1191 5709 se
1215 5651 1317 5710 venire
1339 5649 1425 5724 tecit,
1449 5649 1536 5727 eique
1559 5665 1662 5709 euram
1680 5648 1779 5723 palatii
1800 5664 1838 5708 sn
