3796 6022
45 302 102 367 1⁵7

436 301 492 366 DE
513 303 674 367 BESTIIS
696 305 750 368 ET
770 305 881 369 ALIIS
902 307 1041 375 REBUS
1060 310 1190 374 LIBER
1210 312 1423 386 QUARTUS.

1714 320 1775 387 158

46 502 183 572 tenditur,
201 502 324 572 raditur,
350 506 498 574 tenuatur,
520 504 622 559 multis
638 505 888 575 adaquationibus
901 488 930 550 Α
945 508 1074 579 mobilis,
1085 510 1170 581 levis,
1181 513 1293 583 aridus,
1303 518 1391 571 vento
1400 514 1539 587 volvitur,
1550 517 1645 573 oculis
1656 518 1776 575 noxius.

47 590 208 663 dealbatur,
221 597 388 661 excuratur,
401 597 488 647 tenne
500 599 555 663 est,
569 594 735 664 candidum,
748 594 877 665 planum,

46 695 120 750 aqua
136 681 225 736 molle
240 682 282 750 tlt,
297 686 326 736 et
340 681 493 736 scribendi
509 682 607 737 osticio
623 684 770 755 congruit,
789 699 881 737 suave

47 774 99 838 est,
117 769 189 842 igne
205 770 388 825 contrahitur
405 774 433 824 et
444 774 578 840 paratur,
586 772 702 841 pumice
713 773 832 841 planum
843 772 885 835 fit,

49 862 127 912 creta
138 859 306 929 candidiuS,
318 859 405 914 lineis
415 860 617 931 distinguitur,
631 862 662 914 ut
672 861 717 914 sic
728 860 845 915 tandem
856 860 886 915 in

48 945 112 1018 ipso
127 948 290 1002 scribatur.

79 1035 140 1090 Pes
154 1040 266 1091 terram
281 1036 362 1106 petit,
380 1034 479 1090 infima
490 1051 560 1106 pars
572 1037 708 1106 corporis
719 1040 774 1106 est,
784 1040 813 1092 et
824 1036 886 1091 cal-

49 1138 99 1179 ceo
115 1125 258 1194 munitur,
274 1124 482 1194 hominemque
497 1127 602 1195 portat.

80 1213 243 1267 Pessulum
258 1214 366 1267 ostium
381 1213 525 1283 obfirmat,
543 1213 673 1269 volubile
688 1217 742 1280 est,
759 1213 886 1269 trahitur

50 1303 75 1357 et
88 1301 262 1355 retrahitur.

80 1389 146 1445 Pila
153 1389 312 1459 spherica,
323 1387 474 1458 volubilis,
487 1389 574 1460 levis,
587 1390 666 1446 intus
677 1391 791 1461 tloccis,
800 1406 887 1460 spur·

50 1477 137 1547 eitiis,
154 1477 203 1532 vel
218 1477 287 1532 leno
301 1477 398 1548 plena.

82 1566 174 1636 Piper
189 1569 236 1621 est
250 1582 376 1638 granum
390 1567 553 1638 modicum,
570 1567 767 1623 fortissimum
783 1569 884 1639 gustu,

52 1654 185 1726 nigrum,
202 1670 361 1726 rugosum,
379 1656 515 1710 calidum.

83 1743 222 1797 Piscator
237 1759 341 1798 navem
356 1744 445 1798 habet
458 1759 525 1799 cum
541 1744 722 1799 ornamentis
734 1743 808 1813 suis,
821 1743 886 1796 vili·

51 1831 107 1886 bus
123 1831 267 1901 induitur,
284 1848 351 1887 cum
366 1832 484 1887 silentio
502 1833 631 1904 navigat,
648 1833 720 1888 retia
736 1833 886 1902 inaquam

51 1919 146 1988 mittit,
157 1919 248 1991 jactis
259 1920 371 1974 retibus
382 1921 483 1991 pisces
495 1924 633 1990 exterret,
644 1920 755 1976 diversi
765 1920 886 1992 generis

52 2008 122 2062 retia
138 2008 231 2078 ponit,
245 2011 317 2063 retia
329 2025 383 2064 sua
393 2010 471 2064 lavat
485 2011 513 2065 et
527 2011 632 2079 reficit,
644 2010 674 2063 in
685 2025 760 2081 aqua
770 2008 888 2063 turbida

53 2111 110 2152 non
125 2096 220 2167 ponit,
233 2098 305 2151 retia
315 2097 441 2152 sollicite
453 2113 510 2169 qua
523 2097 641 2168 jecerit,
658 2097 804 2166 custodit3
822 2111 888 2166 quae

54 2200 133 2241 escae
149 2185 272 2240 cuilibet
286 2187 362 2256 pisci
379 2187 564 2256 conveniant,
581 2187 673 2241 novit.

85 2273 189 2328 Piscis
202 2275 341 2345 pinnulas
356 2277 386 2329 et
401 2290 542 2346 squamas
558 2275 656 2344 babet,
674 2274 766 2329 cauda
781 2277 809 2328 et
822 2273 889 2343 pin-

54 2362 134 2417 nulis
151 2363 275 2434 regitur,
292 2365 322 2418 in
337 2380 413 2435 aqua
429 2365 566 2433 nutritur,
584 2367 667 2418 extra
680 2379 786 2434 aquam
801 2363 890 2416 mori-

54 2454 108 2520 tur,
126 2452 194 2505 sine
209 2453 288 2506 coitu
301 2455 474 2524 generatur,
495 2456 616 2507 ventum
636 2451 795 2522 praevidet,
814 2454 842 2505 et
856 2467 891 2506 eo

54 2541 193 2594 veniente
206 2540 238 2593 in
252 2540 376 2595 lundam
392 2556 425 2597 se
442 2541 580 2610 demittit,
596 2541 633 2595 ad
649 2540 778 2595 calorem
794 2539 891 2610 saltat,

56 2642 175 2697 semper
189 2628 332 2698 ascendit,
350 2629 437 2683 hamo
453 2629 482 2682 in
498 2644 568 2683 esca
586 2632 662 2684 tecto
679 2628 802 2698 capitur.

90 2716 185 2788 Plaga
200 2732 319 2772 carnem
334 2719 391 2772 cito
406 2717 577 2788 putrefacit,
595 2717 678 2787 fetet,
695 2717 747 2771 vix
761 2718 892 2771 sanatur.

89 2804 234 2860 Platanus
253 2806 342 2861 arbor
363 2809 411 2862 est
432 2807 489 2861 alta
513 2810 543 2861 et
565 2807 680 2876 patula,
699 2805 786 2877 juxta
801 2819 894 2875 aquas

58 2892 176 2962 crescit,
196 2892 276 2948 loliis
292 2894 405 2964 mollis,
421 2895 473 2949 viti
488 2894 597 2950 similis
612 2895 643 2949 in
659 2894 755 2964 toliis,
772 2908 895 2947 succum

58 2979 147 3035 habet
163 2981 356 3037 teterrimum.

93 3069 200 3125 Pluma
216 3070 293 3124 levis
308 3073 368 3141 est,
392 3087 502 3141 corpus
527 3072 613 3143 tegit,
638 3071 746 3143 mollis,
763 3072 793 3126 in
808 3087 896 3127 earne

63 3159 227 3229 radicatur,
244 3160 347 3214 suavis
361 3175 416 3215 seu
430 3161 507 3215 levis
523 3160 694 3216 extrahitur.

95 3247 256 3302 Plumbum
271 3247 419 3304 metallum
430 3250 476 3303 est
485 3249 696 3319 ponderosum,
712 3250 742 3303 in
756 3265 832 3321 aqua
847 3266 898 3304 au·

63 3339 243 3408 gmentatur,
263 3353 317 3407 pro
340 3352 411 3392 auro
436 3338 629 3407 comburitur,
652 3338 842 3393 tenerrimum
862 3339 899 3392 ad

62 3424 271 3480 scindendum.

96 3512 204 3568 Pluvia
213 3513 372 3569 desursum
380 3514 471 3583 venit,
480 3514 590 3569 minuta
599 3517 655 3584 est,
663 3518 771 3569 terram
778 3514 898 3584 emollit,

63 3600 161 3672 frigus
177 3601 311 3671 resolvit,
328 3606 436 3657 terram
450 3602 563 3674 irrigat,
577 3602 669 3656 lutum
680 3607 811 3674 generat,
827 3606 901 3657 tem-

64 3693 208 3760 pestatem
219 3694 371 3761 temperat,
383 3706 476 3762 aquas
485 3694 664 3763 augmentat,
673 3694 793 3747 ventum
804 3693 898 3747 sedat.

98 3778 225 3833 Pomum
241 3779 431 3849 sphericum,
448 3779 515 3834 visu
530 3779 696 3850 pulchrum,
715 3795 782 3835 aere
798 3785 900 3852 gustu,

65 3881 168 3936 suave,
186 3867 378 3938 odoriferum,
395 3871 537 3923 maturam
552 3868 702 3939 pallescit,
719 3872 799 3924 tactu
813 3873 901 3925 terrae

64 3956 220 4025 putrescit.

96 4043 179 4098 Pons
188 4060 273 4115 aqnae
283 4045 503 4115 superponitur,
514 4048 596 4099 trans
606 4044 714 4100 ttamen
723 4050 828 4101 euntes
836 4062 905 4117 por·

62 4134 113 4203 tat,
121 4132 272 4189 alluvione
280 4135 428 4189 interdum
437 4134 622 4204 dissolvitur,
630 4134 699 4204 pilis
708 4138 900 4192 sustentatur.

101 4220 217 4276 Porcus
227 4222 287 4276 nisi
298 4227 396 4277 currat
405 4224 508 4276 tardus
524 4223 699 4295 ingreditur,
713 4223 832 4278 cursilis
844 4227 901 4295 est,

68 4308 195 4378 fetosus,
212 4314 343 4379 setosus,
356 4310 536 4365 horrendum
547 4312 679 4382 grunnit,
696 4315 793 4367 rostro
809 4312 903 4368 lutum

981 599 1093 669 Pupilla
1108 603 1237 671 modiea,
1256 605 1355 675 nigra,
1372 607 1466 659 aciem
1481 606 1610 678 habene,
1632 623 1685 678 per
1699 608 1776 663 bano

945 687 1091 760 dirigitur,
1105 690 1161 743 cito
1177 691 1307 777 laeditur,
1315 693 1454 764 albugine
1467 695 1668 752 obumbratur.

980 777 1113 847 Purpura
1127 780 1284 850 sanguinei
1301 781 1409 836 eoloris
1425 786 1480 852 est,
1498 788 1619 839 ornatus
1635 786 1748 859 regina.

987 883 1059 955 Cap.
1075 884 1140 938 XV.
1158 885 1202 939 De
1217 886 1266 940 bis
1281 887 1387 958 quibus
1397 890 1495 960 prima
1512 891 1616 945 littera
1632 897 1678 946 est
1695 890 1728 956 Q.

978 990 1156 1056 Quadratum
1172 1007 1227 1046 sex
1243 992 1331 1046 babet
1347 993 1446 1064 latera,
1464 1012 1640 1068 quoeunque
1653 996 1774 1070 jacitur,

942 1095 1033 1150 super
1046 1081 1123 1136 latus
1138 1082 1243 1136 recidit
1258 1086 1287 1135 et
1302 1084 1422 1137 residet.

976 1169 1107 1234 Quatuor
1117 1173 1187 1224 sunt
1197 1171 1358 1242 Evangelia
1370 1175 1397 1226 et
1408 1174 1610 1244 evangelistae,
1621 1174 1775 1248 quadrigae

942 1258 1116 1328 Amiuadab,
1129 1263 1255 1330 quatuor
1264 1260 1354 1314 millia
1366 1261 1396 1314 in
1407 1277 1506 1315 eramo
1518 1262 1637 1332 relecta,
1650 1267 1776 1334 quatuor

943 1348 1043 1401 annuli
1058 1348 1087 1401 in
1107 1364 1190 1418 arcu,
1215 1353 1341 1418 quatuor
1361 1351 1453 1419 pedes
1477 1351 1506 1403 in
1523 1365 1635 1420 mensa,
1651 1356 1778 1423 quatuor

943 1436 1080 1490 animalia
1089 1436 1235 1506 Ezechiel,
1246 1441 1371 1508 quatuor
1381 1439 1505 1493 virtutes
1518 1438 1693 1510 cardinales,
1705 1456 1778 1512 qua·

943 1527 1010 1580 tuor
1025 1526 1204 1595 operimenta
1220 1527 1411 1595 tabernaculi,
1425 1531 1550 1598 quatuor
1564 1529 1684 1583 llumina
1699 1545 1780 1600 para·

944 1614 1011 1683 disi,
1025 1617 1151 1685 quatuor
1159 1618 1259 1684 partes
1271 1617 1385 1685 crucia,
1404 1619 1529 1688 quatuor
1543 1617 1634 1671 latera
1650 1618 1777 1671 civitatis

944 1703 974 1757 in
985 1704 1173 1774 Apocalypsi,
1186 1707 1312 1775 quatuor
1322 1705 1433 1777 vigiliae
1444 1708 1551 1775 noctiS,
1569 1710 1694 1776 quatuor
1707 1723 1777 1777 par-

902 1801 929 1862 Β
945 1794 990 1846 ῖθε
1001 1792 1244 1848 vestimentorum
1255 1794 1370 1849 Domini
1382 1795 1412 1847 iu
1427 1795 1529 1865 leone,
1542 1799 1668 1865 quatuor
1677 1798 1777 1865 partes

946 1896 1094 1936 mensurae
1109 1881 1139 1934 in
1155 1882 1309 1952 Malthace,
1326 1886 1452 1954 quatuor
1467 1884 1544 1938 liciis
1560 1882 1659 1956 [anq.
1675 1882 1778 1957 initiis]

946 1985 1128 2039 appsensum
1142 1974 1205 2024 crat
1218 1972 1339 2026 linteum
1350 1971 1438 2026 Petro
1449 1975 1603 2026 ostensum
1614 1973 1693 2041 (Act.
1710 1973 1777 2044 20).

982 2057 1116 2122 Quercus
1127 2059 1217 2113 arbor
1226 2076 1364 2130 quaerens
1380 2061 1447 2128 alta,
1461 2060 1556 2129 sortis,
1568 2061 1668 2130 porcis
1680 2061 1779 2115 cibum

947 2146 1103 2216 ministrat,
1121 2148 1302 2218 multumque
1318 2148 1461 2202 durabilis
1474 2152 1527 2202 θεῖ.

984 2235 1118 2307 Quinque
1133 2236 1202 2290 libri
1218 2236 1316 2306 bloisi,
1331 2237 1461 2307 quinque
1477 2237 1561 2291 stolae
1578 2237 1652 2292 datae
1668 2236 1779 2309 Benja-

939 2316 1009 2379 'min
1021 2340 1037 2378 a
1048 2325 1169 2395 loseph,
1181 2326 1310 2395 quinque
1321 2342 1413 2396 panes
1424 2327 1453 2380 in
1465 2325 1637 2397 Evangelio,
1651 2327 1780 2398 quinque

950 2414 1041 2469 millia
1055 2413 1223 2482 hominum,
1242 2414 1371 2486 quinque
1387 2418 1487 2484 partes
1502 2414 1614 2484 loseph
1631 2415 1706 2470 datae
1720 2432 1783 2486 pree

949 2504 1016 2558 aliis
1032 2503 1189 2571 fratribuS,
1211 2504 1341 2575 quinque
1364 2503 1421 2557 viri
1443 2502 1631 2574 Samaritani,
1653 2506 1784 2576 quinque

951 2594 1095 2650 columnae
1111 2596 1177 2647 aute
1192 2592 1298 2646 Sancta
1311 2596 1491 2662 sanctorum,
1504 2593 1635 2663 quinque
1649 2594 1783 2664 virgines

951 2682 1039 2736 fatuae
1054 2685 1083 2736 et
1097 2697 1226 2753 qumque
1242 2682 1412 2752 prudentes,
1430 2682 1559 2752 quinque
1575 2681 1690 2751 lapides
1704 2698 1781 2753 quos

953 2771 1082 2840 sumpsit
1096 2770 1189 2824 David
1201 2771 1236 2824 dc
1249 2773 1387 2834 torrente,
1400 2771 1529 2840 quinque
1540 2769 1702 2825 effusiones
1713 2787 1785 2825 san-

953 2860 1054 2931 guinis
1070 2859 1195 2928 Domini,
1208 2860 1338 2929 quinque
1350 2858 1472 2913 vulnera
1483 2859 1512 2912 in
1525 2875 1648 2930 corpore
1663 2858 1784 2930 Christi,

953 2949 1082 3019 quinque
1097 2963 1206 3003 sensus
1223 2948 1252 3001 in
1269 2963 1392 3018 corpore
1408 2947 1546 3001 humano.

989 3054 1059 3109 Car.
1076 3054 1155 3108 XVI.
1172 3055 1216 3108 De
1231 3054 1280 3108 bis
1299 3055 1402 3126 quiqus
1420 3055 1518 3124 prima
1533 3053 1636 3108 littera
1653 3058 1699 3108 est
1713 3054 1749 3109 R.

992 3162 1139 3216 Racemus
1151 3160 1317 3231 sphaericus
1329 3163 1384 3229 est,
1396 3161 1474 3213 intus
1485 3160 1601 3229 plenus,
1612 3174 1704 3231 grana
1717 3173 1787 3214 con·

954 3250 1036 3319 tinet,
1053 3250 1137 3319 prius
1157 3265 1275 3303 amarus
1298 3251 1327 3303 et
1348 3249 1455 3316 duruS,
1481 3252 1594 3301 etcum
1615 3248 1787 3302 maturescit

956 3338 1109 3393 dulcescit.

992 3427 1104 3482 Radius
1113 3426 1239 3481 solisest
1251 3426 1359 3495 clarus,
1370 3425 1500 3494 subtilia,
1509 3424 1633 3494 calidus,
1644 3423 1785 3480 directus.

992 3517 1088 3571 Radix
1103 3515 1269 3587 praefigitur
1281 3518 1380 3582 terrae,
1397 3530 1502 3585 aspera
1518 3517 1577 3582 est,
1596 3512 1710 3568 occulta
1726 3517 1786 3581 est,

956 3606 1092 3660 arborem
1107 3606 1244 3675 sustinet,
1261 3606 1317 3659 late
1334 3619 1367 3658 se
1388 3604 1515 3675 spargit,
1536 3603 1573 3656 ad
1588 3618 1687 3658 ramos
1702 3601 1788 3658 mittit

957 3694 1120 3750 humorem.

994 3783 1107 3838 Ramus
1122 3782 1158 3837 de
1173 3783 1290 3853 arbore,
1307 3781 1336 3836 in
1347 3782 1454 3836 arbore
1466 3780 1616 3851 coalescit,
1633 3779 1791 3835 abscissus

958 3875 1030 3927 aret.

995 3961 1077 4015 Rana
1088 3961 1197 4031 loquax
1208 3963 1263 4028 eat,
1275 3960 1385 4015 fontem
1394 3959 1502 4028 turbat,
1514 3957 1632 4027 saltitat,
1645 3956 1675 4011 in
1683 3955 1791 4027 palude

960 4053 1100 4120 moretur,
1113 4066 1129 4102 a
1144 4050 1277 4122 gramine
1292 4064 1382 4118 super
1396 4047 1475 4119 quod
1491 4046 1587 4116 saltat,
1601 4046 1630 4101 in
1645 4045 1743 4101 lacum
1757 4060 1790 4100 se

959 4136 1093 4193 demittit.

994 4226 1147 4281 Rationale
1163 4242 1218 4281 scu
1231 4227 1343 4298 logion,
1356 4225 1385 4278 in
1396 4227 1516 4295 pectore
1529 4222 1694 4278 sacerdotis
1709 4225 1792 4278 vete·

957 4315 1011 4384 ris,
1028 4316 1058 4369 in
1073 4332 1131 4386 quo
1147 4315 1312 4384 dependent
1324 4314 1481 4368 duodecim
1497 4313 1622 4383 lapides,
1638 4311 1792 4382 inquibus

67 4395 198 4466 suffodit,
209 4414 268 4453 non
283 4399 420 4470 ruminat,
432 4400 463 4453 in
477 4399 537 4454 luto
553 4400 724 4470 delectatur,
742 4401 901 4456 immundis
916 4433 943 4496 D
961 4406 1043 4457 erant
1058 4404 1213 4458 duodecim
1230 4403 1347 4458 nomina
1362 4403 1491 4456 liliorum
1507 4401 1609 4470 lsrael,
1622 4401 1652 4453 in
1662 4415 1720 4470 quo
1731 4403 1793 4454 erat

67 4487 210 4556 vescitur,
226 4487 386 4560 glandibus
400 4488 542 4558 pascitur,
564 4503 622 4542 uno
637 4504 782 4558 percusso
799 4491 898 4544 caeteri
960 4492 1112 4561 seriptum,
1129 4492 1239 4545 veritas
1254 4494 1282 4544 et
1299 4490 1459 4561 judicium,
1482 4485 1718 4558 superhumerali
1731 4488 1795 4541 erat

68 4579 297 4646 congregantur,
315 4579 343 4630 et
356 4576 569 4647 aggrunniunt.

100 4661 283 4745 Praedicator
292 4663 380 4719 debet
388 4679 457 4719 esse
467 4668 600 4734 sanctus,
611 4663 727 4735 doctus,
740 4665 899 4736 discretae,

66 4753 210 4821 maturus,
227 4751 388 4820 facundus,
406 4752 540 4806 honestae
563 4753 809 4821 conversationis,
827 4770 900 4809 ron-

66 4839 160 4910 stans,
177 4839 304 4911 integrae
319 4839 415 4910 famae,
431 4840 567 4909 humilis,
585 4838 723 4911 affabilis,
738 4841 863 4895 missus.

99 4925 211 4981 Pmina
222 4927 258 4981 de
270 4928 393 4982 humore
404 4926 547 4999 nascitur,
560 4928 688 4984 obscura
704 4931 763 4999 est,
780 4927 837 4984 late
854 4930 900 4984 di-

64 5014 227 5086 spergitur.
588 5069 594 5082 ,

98 5102 178 5157 Puer
192 5102 337 5158 innocens
353 5110 408 5172 θεῖ,
423 5121 528 5175 purae,
544 5105 683 5174 mundus,
695 5105 832 5176 simplex,
848 5122 898 5161 ve·

63 5204 126 5261 rax,
142 5191 314 5259 munificus,
332 5191 500 5263 placabilis,
525 5196 714 5264 temperatuS,
731 5195 823 5249 laesus
839 5211 897 5249 non

63 5279 158 5349 saevit,
175 5277 310 5335 offensus
326 5280 362 5333 ad
378 5285 500 5335 matrem
514 5282 651 5337 recurrit.
669 5283 781 5338 Videns
795 5284 899 5338 mulie·

62 5383 125 5422 rem
138 5382 199 5423 non
214 5369 410 5438 concupiscit.

95 5456 202 5511 Pulmo
213 5456 312 5512 mollis
323 5460 379 5526 est,
389 5457 526 5528 spiritum
536 5459 663 5529 attrahit,
673 5459 827 5515 laesionem
837 5475 897 5516 nou

62 5544 180 5615 patitur,
197 5544 326 5600 calorem
343 5545 442 5600 cordis
458 5549 611 5617 temperat.

95 5632 297 5693 Pulvisterrae
305 5634 391 5709 quasi
400 5637 517 5692 atomus
526 5636 763 5710 minimus,vilis,
771 5638 893 5709 sterilis,

961 4579 1125 4650 injunctum
1140 4580 1317 4651 quibusdam
1334 4578 1446 4632 catenis
1461 4576 1571 4630 aureis.

997 4670 1108 4724 Remus
1124 4669 1201 4723 latus
1217 4671 1273 4738 cst,
1290 4683 1396 4737 aquam
1412 4665 1515 4734 tundit,
1532 4679 1637 4718 navem
1653 4663 1790 4733 concitat,

959 4760 988 4810 ct
1003 4773 1066 4811 eam
1083 4757 1192 4828 dirigit.

996 4847 1068 4899 Rete
1083 4844 1213 4899 diversis
1228 4842 1352 4898 maculis
1372 4841 1522 4911 intexitur,
1540 4841 1663 4910 lavatur,
1679 4840 1793 4911 piscem

957 4933 1004 4986 vel
1021 4949 1105 4986 avem
1122 4933 1254 5002 involvit,
1271 4933 1405 5003 plicatur,
1418 4931 1448 4984 in
1463 4947 1538 5002 aqua
1555 4930 1652 4986 lucida
1665 4929 1792 5001 videtur,

957 5021 1128 5092 perturbata
1143 5037 1217 5092 aqua
1234 5021 1407 5075 occultatur.

996 5109 1150 5165 Rhamnus
1159 5110 1243 5180 prius
1253 5110 1350 5164 mollis
1362 5113 1417 5179 est,
1426 5109 1531 5164 deinde
1539 5109 1661 5180 spinosa
1671 5107 1793 5164 humilis

957 5202 1013 5268 est,
1031 5214 1149 5269 semper
1165 5200 1276 5269 virens,
1293 5200 1328 5254 de
1344 5200 1411 5270 ejus
1428 5200 1537 5253 cortice
1553 5199 1585 5252 tlt
1599 5198 1711 5269 gluten.

994 5288 1088 5342 Rivus
1105 5304 1121 5339 a
1136 5287 1215 5341 toute
1232 5289 1374 5356 nascitur,
1391 5303 1407 5342 a
1424 5288 1503 5341 tonte
1520 5291 1685 5356 separatur,
1703 5301 1794 5357 sapo-

955 5391 1018 5429 rem
1033 5393 1049 5428 a
1066 5376 1145 5430 fonte
1161 5377 1249 5431 trahit
1264 5380 1292 5431 ct
1308 5377 1447 5430 colorem.

992 5465 1055 5519 Ros
1070 5465 1260 5521 invisibiliter
1274 5465 1437 5533 descendit,
1455 5462 1624 5535 refrigerat,
1640 5461 1788 5532 fecundat,

955 5553 1058 5607 suavis
1079 5557 1134 5622 θεῖ,
1153 5554 1261 5625 clarus,
1279 5554 1394 5608 modico
1414 5553 1511 5606 calore
1527 5553 1665 5605 siccatur.

989 5635 1801 5715 Rosarubicunda,odorifera,speciosaexsqimsuux
