3796 6022
46 267 101 335 aet
214 219 218 226 ¹
562 248 566 254 '
680 256 914 335 seruorum
936 258 1155 335 acaunum
1727 263 1788 335 aee

45 453 171 507 baculos
182 450 884 523 innuitChristianaeessepertectiouis,nonvin·
899 451 929 525 Α
942 454 990 507 tur
1000 456 1028 506 et
1042 451 1147 507 divise
1163 454 1233 508 sunt
1247 452 1365 524 species
1380 449 1439 509 sub
1450 452 1560 526 quibus
1578 453 1714 525 sumitur,
1733 453 1788 511 sed

46 544 156 610 dicare,
173 542 364 598 sedliomino
378 558 535 597 reservare
553 541 722 612 vindictam,
744 540 813 612 quia
837 540 885 595 ia·
943 543 1067 612 utraque
1087 539 1185 610 simul,
1212 541 1280 597 licet
1301 541 1421 596 divisim
1436 542 1593 615 loquamur
1617 539 1784 599 secundum

46 631 123 702 quit:
134 630 216 684 Mihi
232 631 394 686 vindictam
410 629 815 702 eteporetribuamfflebx),
829 629 886 684 Re·
944 630 1064 700 species
1079 629 1231 685 diversas:
1251 629 1312 685 Hoc
1323 636 1379 697 est,
1396 630 1501 702 inquit,
1519 647 1625 704 corpus
1639 647 1744 700 meum,
1758 637 1788 688 et

45 719 201 774 clinatoria
215 719 393 791 relinquere,
411 719 562 790 signifieat
577 720 656 789 quod
667 735 726 773 uon
742 718 886 772 debemus
948 719 1070 773 deinde:
1086 718 1135 772 hic
1149 718 1273 789 sangnis
1287 736 1379 774 mens,

46 807 198 862 confidere
217 807 444 878 inprincipibus
458 807 505 861 vel
519 806 732 861 sustentaculis
746 805 885 874 terrenis,
980 805 1038 860 Sed
1053 806 1123 860 dicit
1133 805 1262 877 aliquis:
1289 806 1396 864 lii-atne
1425 810 1576 880 proprium
1605 825 1715 882 eorpus
1739 809 1786 882 ip-

45 896 114 967 quia
128 896 247 950 vanitas
265 898 427 951 vanitatum
444 901 472 950 et
489 897 585 950 omm'a
604 896 729 962 vanitas,
747 895 817 949 dioit
831 893 886 948 Ec·
946 894 1010 948 sius
1027 894 1106 965 quod
1115 894 1203 960 dedit,
1221 895 1391 968 anhgurate
1404 897 1520 953 locutus
1537 900 1593 968 est,
1614 901 1645 953 ut
1666 899 1785 970 quaudo

47 985 358 1055 closiastestdlcclin),
374 982 846 1054 subauditurcomparutioneltei,
857 983 887 1035 in
945 998 978 1037 se
994 983 1112 1037 vocavit
1132 983 1260 1038 celiam?
1286 984 1440 1055 Proprium
1451 986 1570 1057 quidem
1583 990 1646 1042 erat
1674 1004 1784 1061 corpus

45 1090 133 1145 quam
148 1077 282 1128 nostram
303 1090 404 1129 curam
417 1073 531 1145 jactare
548 1073 703 1127 debemus.
720 1072 814 1142 Capru
837 1071 887 1125 de·
944 1069 1012 1141 ejus
1027 1075 1055 1125 et
1070 1088 1291 1143 vorumcorpus
1303 1074 1381 1144 quod
1400 1077 1470 1128 tuuc
1494 1074 1575 1131 dedit
1588 1076 1744 1147 discipulis
1755 1079 1785 1132 et

46 1163 166 1235 tegitur,
183 1163 494 1234 utostendaturquam
505 1165 615 1217 attente
625 1162 727 1216 audire
741 1163 770 1215 et
780 1159 887 1214 intelli·
944 1176 1023 1214 nunc
1038 1160 1068 1213 iu
1083 1160 1168 1215 altari
1183 1161 1309 1216 sumitur
1317 1165 1345 1216 et
1353 1163 1556 1234 manducatur,
1564 1164 1650 1232 idem,
1662 1164 1783 1238 inquam

46 1252 253 1324 geneverbum
264 1253 316 1306 llei
326 1253 480 1306 debemus.
491 1251 617 1322 Signum
628 1250 727 1304 crucis
739 1248 826 1303 fronti
838 1248 889 1302 im·
944 1249 1023 1319 quod
1035 1250 1070 1303 de
1079 1249 1201 1321 Virgine
1217 1253 1317 1304 uatum
1334 1253 1380 1304 est
1397 1250 1660 1322 etjumimmortale
1669 1254 1706 1308 ad
1714 1253 1783 1308 dex·

46 1342 192 1412 primitur,
202 1357 240 1394 ne
251 1341 346 1396 hostis
362 1342 501 1412 antiquus
510 1340 727 1410 superveniens
742 1353 796 1409 per
810 1337 887 1391 ziza-
944 1339 1090 1399 taramllei
1101 1342 1147 1393 est
1156 1338 1374 1410 inglorialllira
1383 1338 1604 1412 rostCaroquae
1617 1338 1782 1398 comeditur

45 1431 124 1485 niam
135 1429 265 1484 lraeersis
275 1433 444 1500 corrumpat
453 1444 557 1484 semen
568 1433 657 1483 recita
665 1428 744 1482 tidei.
758 1427 816 1481 Per
827 1426 883 1480 hoc
944 1433 974 1487 in
989 1431 1068 1499 imis,
1085 1429 1199 1500 integra
1215 1431 1312 1482 manet
1327 1444 1357 1482 m
1366 1428 1506 1483 excelsis.
1520 1429 1564 1483 hd
1573 1429 1645 1500 quid
1655 1430 1781 1501 opponis

45 1521 124 1591 quod
141 1522 258 1572 stantes
268 1518 416 1588 audimus,
427 1518 809 1590 gravempugnamresture
821 1531 889 1569 cou-
945 1519 1117 1575 dialectice?
1132 1516 1202 1586 quid
1217 1515 1266 1569 hio
1282 1515 1443 1585 meditatie,
1456 1517 1591 1587 sophista
1605 1518 1782 1590 teurargu·

46 1609 210 1662 sideritur:
230 1606 302 1671 Quia
319 1607 406 1662 nohis
421 1623 478 1662 non
494 1613 541 1660 est
551 1605 719 1660 colluctatio
737 1604 888 1659 adversus
944 1612 1042 1664 menta
1056 1606 1104 1660 hio
1118 1604 1249 1675 quaeris?
1265 1604 1321 1658 hoc
1339 1607 1385 1658 est
1394 1604 1548 1674 pulverem
1557 1605 1588 1660 in
1599 1608 1680 1661 astra
1694 1622 1781 1678 spar-

45 1712 168 1752 carnem
184 1702 214 1750 ct
230 1693 791 1766 sangninem,sedadversnsprincipes
805 1699 886 1748 tene·
945 1712 1026 1771 gere.
1044 1693 1203 1749 Dialectica
1217 1696 1266 1748 tua
1281 1696 1392 1748 tantum
1408 1708 1468 1748 non
1482 1695 1627 1750 ascendit.
1651 1695 1781 1767 Respice

47 1787 171 1840 hrarum
195 1785 300 1839 haram
310 1785 434 1856 (Ephes.
446 1785 498 1855 vr).
508 1784 541 1838 ln
559 1783 654 1838 altiori
673 1783 767 1855 gradu
778 1781 886 1853 legitur
902 1756 930 1825 Β
944 1787 1021 1843 enim
1037 1788 1066 1839 et
1076 1783 1143 1837 vide
1152 1782 1203 1837 ubi
1213 1797 1258 1852 es,
1270 1785 1299 1836 et
1307 1781 1437 1855 intellige
1446 1783 1526 1853 quod
1534 1798 1645 1840 sensus
1656 1778 1781 1855 primam

47 1874 244 1946 Evangelium
257 1889 345 1945 quum
370 1873 512 1944 Epistola,
528 1873 596 1943 quia
615 1872 750 1926 doctrina
773 1870 883 1926 Christi
937 1877 1018 1949 genet
1032 1872 1185 1944 regionem
1201 1870 1392 1941 ascendendi,
1410 1871 1582 1943 imaginatio
1605 1864 1778 1944 secundam,

47 1961 659 2035 longetexcellitdoctrinamapostolorum.
670 1959 882 2031 Postlivange·
937 1966 1010 2019 ratio
1025 1964 1152 2032 tertium,
1173 1959 1205 2014 in
1220 1975 1279 2030 qua
1294 1958 1448 2014 dialectiea
1476 1964 1525 2015 tua
1541 1961 1644 2015 didicit
1663 1958 1778 2017 ludere.

46 2053 117 2107 lium
133 2050 563 2120 choruscantatoompendium
573 2048 882 2118 nostrtehdei,osten·
937 2055 1031 2124 Supra
1046 2051 1123 2107 hanc
1138 2042 1213 2104 tides
1229 2052 1276 2103 est
1294 2048 1444 2103 excelsior
1457 2049 1622 2118 dialectica,
1639 2064 1706 2120 qum
1714 2064 1777 2107 nou

46 2142 122 2196 dens
137 2155 173 2194 se
189 2139 324 2210 praebere
339 2154 500 2194 assensum
513 2139 604 2194 verbo
622 2137 787 2210 Evangelii,
804 2141 833 2192 et
843 2138 884 2191 in·
936 2147 982 2198 ost
992 2142 1091 2196 audita
1107 2139 1136 2193 in
1147 2138 1286 2193 chanaan
1300 2152 1356 2192 neo
1372 2136 1437 2191 visa
1453 2138 1543 2192 estin
1558 2137 1700 2208 Theman,
1729 2138 1778 2194 cui

47 2245 135 2302 quem
149 2230 198 2283 vel
213 2228 284 2299 quid
295 2229 397 2283 credit.
413 2229 523 2284 llectus
540 2227 612 2282 ordo
624 2229 633 2298 )
647 2242 706 2298 quo
717 2242 771 2282 rex
786 2230 882 2297 voest,
941 2233 1068 2288 humana
1083 2228 1156 2284 ratio
1171 2243 1230 2283 non
1245 2218 1358 2298 prebet
1373 2226 1618 2297 experimentum,
1646 2227 1775 2284 maxime

45 2318 231 2390 respondent
239 2317 365 2372 milites:
382 2318 551 2388 Sequimur·
945 2337 1013 2378 oum
1027 2308 1062 2375 de
1078 2318 1136 2373 lide
1151 2316 1312 2385 Trinitatis,
1330 2314 1377 2370 vel
1387 2315 1779 2386 decorporeDomiuiutbio

80 2404 886 2476 Deindesacerdossalututpopulumdioens:Dominus
941 2404 1777 2476 sarmoeontexitur.Intellectumverotldestranscendit,

48 2498 214 2553 vobiscum.
244 2496 316 2550 Haeo
341 2496 478 2551 salutatio
494 2496 531 2551 ab
550 2495 797 2566 antiquosumpta
813 2498 881 2550 est:
939 2515 994 2570 per
1008 2496 1201 2570 quamsancti
1217 2494 1317 2548 vident
1331 2494 1398 2548 eoeli
1418 2498 1534 2549 secreta
1563 2498 1594 2549 ut
1617 2494 1727 2549 Paulus
1748 2494 1779 2549 in

45 2587 125 2642 Boou
136 2586 217 2640 enim
232 2601 385 2640 messores
400 2585 529 2640 suessio
544 2584 693 2654 salutavit,
706 2583 883 2655 etpropheta
939 2589 1026 2644 tertio
1044 2574 1130 2655 edalo,
1146 2588 1175 2640 et
1190 2584 1322 2639 loannes
1333 2583 1363 2636 in
1376 2583 1564 2653 Apocalypsi.
1581 2583 1640 2638 Sed
1650 2582 1780 2638 intellec·

44 2677 74 2732 in
99 2676 325 2745 Paralipomene
350 2676 412 2728 Asa
431 2690 534 2746 regem
562 2676 649 2729 eteos
673 2674 723 2744 qui
752 2689 819 2727 cum
846 2689 882 2728 eo
938 2681 986 2732 tas
1003 2677 1160 2732 invisione
1176 2671 1779 2743 oeternaevitmperheietur,quaudovide·

44 2768 138 2820 erant.
161 2764 271 2818 Salutat
292 2779 364 2836 ergo
382 2763 524 2818 sacerdos
553 2763 704 2832 populum,
730 2766 760 2816 et
783 2764 882 2816 monet
938 2760 1780 2832 bimuslleumiaoioadfaciemquemhiecontemplamur

44 2869 142 2924 orare,
155 2858 187 2907 ut
202 2852 300 2907 iulide
315 2853 437 2906 recitata
457 2854 626 2922 permaneat
648 2850 776 2906 stabilis,
796 2850 880 2916 Quod
936 2856 967 2910 in
981 2855 1137 2927 aenigmate
1148 2851 1176 2923 (l
1192 2852 1260 2905 Gor.
1277 2850 1352 2922 xur),
1370 2850 1464 2904 Nemo
1487 2849 1535 2904 hio
1550 2853 1688 2921 proterve
1712 2850 1777 2906 dis·

44 2946 70 2998 ei
99 2943 277 3014 promittens
306 2941 428 2996 choma.
457 2939 646 2995 Olfettomum
674 2940 810 3010 succinit,
845 2955 880 2993 uc
936 2947 1028 3015 putet,
1049 2942 1104 2998 sed
1119 2939 1376 3013 quodaugetlldei
1391 2939 1780 3011 meritumhumiliterquve.

44 3035 70 3088 si
90 3033 171 3087 dicat
190 3047 197 3100 3
221 3030 326 3098 Credo,
343 3034 371 3085 et
394 3030 482 3086 fidem
511 3045 599 3101 quam
628 3029 788 3085 confessus
812 3043 882 3084 sum
897 3056 925 3127 0
940 3038 1029 3106 ratur,
1039 3037 1068 3088 et
1082 3031 1162 3103 quod
1175 3030 1241 3084 siae
1257 3028 1390 3099 periculo
1401 3043 1460 3082 non
1471 3028 1640 3098 discutitur,
1654 3027 1779 3084 tirmiter

44 3137 134 3194 opere
158 3120 297 3193 implebo.
320 3119 403 3174 Unde
418 3119 561 3174 sacerdos
583 3119 682 3173 statim
696 3117 785 3189 ,offert
804 3118 881 3173 dona
940 3124 1086 3180 credatur.

43 3211 266 3280 consecrandu3
282 3212 311 3264 et
326 3209 434 3264 dehinc
449 3207 881 3280 munerasuapopulus,signi·
975 3213 1076 3267 Potest
1091 3225 1164 3282 ergo
1180 3208 1274 3280 quaeri
1285 3205 1490 3262 curltomiuus
1501 3220 1620 3261 caruem
1630 3221 1716 3262 suam
1727 3220 1778 3262 su·

42 3301 138 3356 tioans
149 3298 241 3354 offere
252 3298 386 3368 seipsum
395 3297 883 3367 Declionsidomordiuemfflvan·
937 3302 976 3356 mi
991 3301 1094 3371 voluit,
1114 3314 1170 3354 nec
1183 3298 1296 3353 tantum
1311 3311 1440 3365 earnem,
1457 3294 1511 3350 sed
1528 3310 1648 3351 carnem
1663 3299 1693 3352 et
1703 3310 1777 3352 san-

43 3390 155 3462 gelium
169 3387 322 3459 praeeedit,
338 3387 413 3442 tides
427 3387 572 3458 sequitur,
594 3386 703 3441 dehinc
719 3384 883 3443 offeruntur
937 3391 1069 3464 guinem,
1086 3393 1115 3445 et
1129 3402 1222 3460 quare
1231 3401 1290 3440 non
1305 3386 1335 3439 in
1351 3385 1451 3456 speeie
1467 3385 1776 3458 earniseteanguinls,

42 3494 177 3534 munera.
195 3476 329 3531 Necesse
344 3479 390 3531 est
400 3477 479 3531 enim
491 3476 618 3547 primum
633 3475 736 3531 audire
756 3476 881 3533 verbum
938 3496 1005 3536 curu
1020 3482 1059 3534 sit
1074 3494 1143 3535 earo
1160 3480 1190 3532 et
1205 3475 1344 3548 sanguis,
1361 3477 1390 3530 et
1404 3489 1496 3546 quare
1513 3473 1569 3529 sub
1579 3478 1776 3547 sacramento,

45 3569 109 3624 Dei.
125 3566 201 3632 Quis
217 3566 296 3621 enirn
311 3565 446 3620 crederet
460 3566 518 3620 nisi
534 3565 618 3635 prius
633 3565 778 3620 audiret?
803 3565 881 3631 Quo·
939 3573 968 3624 et
982 3572 1081 3624 utrum
1091 3569 1345 3623 sumaturtautum
1361 3579 1430 3620 caro
1439 3567 1467 3619 et
1475 3564 1601 3636 sanguis
1609 3563 1777 3635 Christian
1825 3596 1831 3602 -

41 3658 136 3723 modo,
155 3657 260 3727 inquit,
276 3654 402 3709 credent
414 3654 688 3726 nislprvedicentnr
702 3654 717 3708 t
731 3655 826 3725 (Rom.
838 3658 881 3728 x.)
937 3662 1015 3714 totus
1030 3657 1178 3727 Christus,
1195 3659 1223 3711 et
1231 3655 1259 3710 si
1269 3657 1349 3710 totus
1363 3652 1511 3722 Christus,
1534 3669 1625 3724 quare
1641 3654 1777 3711 usualius

41 3746 155 3801 Deinde
171 3746 289 3816 quinon
305 3746 384 3799 recte
400 3744 536 3809 eredens,
553 3758 661 3799 munus
672 3743 733 3799 Deo
747 3750 881 3815 accepta·
937 3749 1074 3803 dicamus
1089 3762 1199 3817 eorpus
1214 3743 1455 3799 Dominisumere
1464 3757 1553 3813 quam
1563 3742 1714 3799 Christum
1729 3743 1777 3800 vel

40 3837 98 3890 bile
114 3833 223 3889 offerre
239 3833 346 3904 poterit
361 3835 376 3887 ‘t
390 3833 459 3904 quia
473 3833 541 3887 sine
552 3831 620 3899 ude,
638 3833 824 3904 impossihile
835 3841 881 3890 est
937 3838 1104 3893 Dominum.
1116 3835 1214 3891 Voluit
1220 3849 1293 3905 ergo
1300 3831 1438 3887 Christus
1448 3847 1567 3886 carnem
1578 3847 1664 3889 suam
1673 3833 1778 3888 samia

39 3926 163 3998 placere
178 3923 240 3978 Deo
254 3922 360 3992 (Helm.
376 3926 419 3992 x).
436 3921 603 3977 Possumus
619 3923 706 3976 etiam
721 3938 775 3994 per
785 3923 882 3979 oblata
937 3927 1076 3983 tidelibus
1092 3929 1124 3980 ut
1133 3923 1295 3996 percibum
1306 3921 1595 3977 carnisinvitaretad
1605 3922 1778 3994 gustumdi·

41 4029 166 4069 munera
193 4025 425 4068 commemorare
453 4011 606 4081 copiosam
633 4012 792 4083 victimam,
815 4029 882 4085 quae
937 4016 1068 4072 vinitatis
1079 4017 1108 4069 et
1118 4013 1198 4085 quod
1210 4012 1258 4066 hio
1278 4009 1480 4081 temporaliter
1492 4011 1626 4083 gerimus
1655 4013 1777 4068 aeteruis

41 4104 140 4160 oblata
157 4106 205 4157 est
218 4118 235 4156 a
250 4101 360 4172 populo
380 4116 448 4155 eum
466 4116 520 4154 rex
543 4100 683 4155 Salomon
698 4103 838 4172 templum
854 4107 883 4158 et
937 4106 1294 4180 gaudiisoonsequamur,
1305 4100 1642 4172 uthicsitinmedicina,
1652 4101 1778 4158 ettibiiu

42 4194 133 4248 altare
153 4191 279 4246 Domino
292 4193 434 4245 sacraret.
447 4189 589 4259 Exemplo
600 4189 680 4244 illius
690 4190 776 4260 plebs
785 4191 882 4247 tidelis
937 4194 1232 4264 deliciis.Utrumque
1241 4191 1319 4246 sumi
1328 4190 1430 4260 voluit,
1438 4194 1468 4245 ut
1476 4207 1586 4262 corpus
1606 4178 1778 4248 nostrumet

42 4281 128 4338 otlert
143 4297 179 4335 se
192 4284 287 4335 elsua
301 4279 378 4334 dona
389 4279 523 4334 Domino.
541 4279 627 4333 Nune
641 4283 739 4335 autem
754 4280 882 4353 diligen·
939 4283 1244 4339 animaeimulnostra
1253 4280 1778 4353 cumcogloritioetur.lnspeciecar·

43 4372 103 4425 tius
119 4370 158 4425 ad
174 4369 404 4424 hocreleramue
414 4368 528 4438 oeulos,
538 4369 618 4439 quod
626 4369 781 4440 sacerdos,
794 4375 824 4424 ut
832 4387 882 4426 su·
894 4360 925 4448 fi
940 4376 988 4431 nis
994 4379 1022 4430 et
1028 4373 1186 4445 sanguinis
1192 4388 1251 4426 uon
1257 4371 1434 4439 sumitur,ne
1444 4370 1591 4424 humanus
1600 4370 1717 4424 animus
1729 4368 1779 4423 ab·

42 4477 94 4531 pra
105 4457 418 4527 commemoravimus,
436 4455 522 4512 offert
535 4458 827 4530 donasacrilieauda,
837 4477 885 4531 pa·
942 4466 1118 4534 horreret,et
1129 4477 1239 4517 sensus
1248 4460 1307 4515 sibi
1316 4459 1777 4529 insolitaexpaveceretmtquan·

44 4566 112 4604 nem
137 4548 255 4603 scilieet
270 4550 299 4602 et
316 4547 428 4601 vinum.
447 4546 576 4617 Utraque
592 4548 689 4617 typice
704 4546 886 4605 obtulitllel·
940 4555 989 4623 do,
1002 4552 1194 4609 orantebeato
1205 4549 1482 4622 Gregorio,digitus
1493 4546 1778 4602 auriculariseruea·

44 4638 220 4707 chisedech,
236 4635 504 4707 utraqueChristus
516 4635 596 4690 dedit
606 4636 886 4707 discipuliscoenan·
940 4647 1020 4699 tatus
1036 4641 1183 4714 sanguine
1199 4641 1228 4694 in
1244 4640 1335 4694 calice
1347 4638 1484 4693 inventus
1500 4652 1534 4691 ac
1549 4638 1689 4690 ostensus
1718 4639 1790 4692 est.'

44 4730 136 4784 tibus·
153 4727 212 4782 Sed
222 4730 346 4796 uimque
361 4725 392 4780 in
407 4740 500 4795 copus
515 4727 884 4798 iitsanguinssmcuutuma
940 4734 1001 4789 Sub
1017 4734 1202 4787 sacramento
1217 4734 1314 4785 otnou
1330 4727 1386 4782 sub
1400 4726 1622 4802 proprialorma
1637 4725 1775 4791 sumitur,

44 4821 124 4873 suat.
144 4817 250 4871 Utrum
259 4819 357 4870 autem
372 4817 495 4885 utraque
507 4817 718 4870 convertantur
731 4816 883 4873 inutrum-
940 4827 971 4878 ut
983 4824 1057 4878 tides
1067 4818 1287 4890 comprobetur,
1296 4833 1362 4889 quae
1377 4817 1423 4871 est
1433 4816 1469 4869 de
1478 4816 1516 4869 iis
1527 4831 1594 4887 qum
1604 4830 1664 4871 uon
1673 4815 1777 4872 videu-

44 4920 266 4981 que,suprame
279 4903 469 4959 estdesmive.
488 4903 882 4978 Tutiustamenquodpanis
939 4915 998 4982 tur,
1014 4911 1063 4966 vel
1078 4910 1146 4982 quia
1170 4924 1230 4963 nou
1259 4910 1362 4977 posset
1390 4904 1523 4958 mortalia
1551 4904 1639 4960 homo
1667 4905 1776 4963 intueri

44 5002 159 5052 tantum
172 4996 204 5049 in
220 5010 340 5065 corpus,
357 4998 386 5048 et
400 4993 500 5048 vinum
520 4994 551 5048 in
579 4995 769 5067 sanguinem,
794 5012 883 5069 quam
940 5001 1103 5057 claritatem
1117 5015 1184 5070 quae
1200 4999 1283 5052 esset
1296 4995 1326 5050 in
1342 5009 1467 5065 corpore
1480 4994 1601 5065 Christi,
1617 5008 1707 5067 quam
1720 5011 1775 5052 ex·

44 5084 243 5158 utrumquein
258 5088 415 5154 utrumque
431 5086 655 5139 converteretur
668 5084 810 5158 dicerem,
823 5088 882 5144 uisi
938 5090 1013 5164 perti
1033 5092 1104 5145 sant
1122 5085 1264 5158 discipuli
1287 5085 1319 5138 in
1339 5083 1610 5157 transfiguratione.
1634 5084 1695 5143 Sub
1725 5086 1776 5142 tali

45 5177 348 5231 videreturoocurere
359 5174 439 5245 quod
454 5173 510 5228 eub
522 5176 646 5246 utraque
663 5176 763 5246 speeie
775 5180 883 5234 utrum·
938 5185 1035 5237 autem
1055 5178 1240 5234 sacramento
1256 5173 1392 5243 sumitur,
1410 5172 1439 5227 id
1450 5175 1497 5228 eet
1508 5173 1565 5228 sub
1576 5173 1677 5245 speeie
1688 5175 1791 5246 panis,

45 5282 103 5339 que
126 5264 208 5321 sumi
236 5263 398 5319 eredimus.
428 5263 487 5319 Sed
516 5279 571 5320 neo
600 5265 657 5321 hoc
685 5272 831 5340 repugnat
855 5269 899 5343 si,
938 5275 967 5328 et
977 5270 1048 5342 vini,
1065 5269 1186 5343 propter
1201 5266 1276 5321 hano
1291 5262 1514 5319 similitudinem
1525 5265 1594 5336 quia
1604 5265 1694 5336 panis
1703 5279 1774 5322 oon·

45 5371 110 5412 rem
123 5353 266 5412 subtilius
280 5353 456 5409 iutueamur.
472 5353 534 5409 Sub
562 5356 663 5426 specie
691 5357 769 5412 euim
796 5358 882 5429 panis
939 5365 1047 5432 irritat,
1060 5368 1089 5421 et
1106 5356 1342 5417 vinumlsetidcat
1354 5355 1545 5412 condominis
1559 5354 1653 5427 (Psal.
1673 5354 1735 5426 orn)
1745 5359 1775 5410 et

44 5446 399 5518 ulmqu0⁸⁸01P⁰10⁸t
412 5445 440 5499 ⁰¹
462 5445 550 5516 sumi,
573 5460 633 5501 11011
648 5445 716 5518 quio
737 5448 823 5520 paule
853 5449 883 5506 iu
941 5452 1244 5513 Christusvirtuseet
1257 5451 1286 5505 et
1300 5446 1400 5503 laetitia
1423 5445 1576 5503 hominum
1600 5447 1628 5501 at
1648 5443 1773 5518 angelo·

45 5540 206 5612 utumque
222 5533 348 5592 forsitan
362 5533 524 5608 transierit,
536 5532 670 5610 sedquia
680 5536 828 5596 obianum
838 5542 884 5597 est
940 5562 1016 5603 rum.
1029 5545 1064 5602 ut
1078 5545 1147 5601 licct
1160 5543 1193 5599 iu
1208 5538 1339 5615 qualibet
1348 5538 1472 5608 istarum
1484 5535 1562 5590 idom
1575 5538 1604 5591 et
1618 5536 1710 5590 totum
1725 5550 1774 5592 su·

47 5629 224 5703 corpasem,
241 5628 271 5683 et
283 5629 452 5700 separatum
465 5627 592 5700 nonest,
604 5626 884 5688 neofflvisimeumi·
939 5639 1036 5697 metor
1049 5638 1146 5693 temen
1160 5632 1192 5693 in
1202 5635 1326 5706 utraque
1336 5627 1475 5699 sumitur,
1491 5626 1528 5682 nd
1543 5623 1774 5701 significandum

193 5749 324 5815 Pinnos.
345 5747 520 5816 uuxxvu.
1542 5747 1585 5809 m
