3796 6022
482 337 794 406 MISCELLANEA.
824 377 862 391 -
890 344 966 408 le.
993 344 1035 409 11.
1566 298 1627 423 aad
1729 420 1733 429 .

66 532 231 588 audabilam
243 536 268 589 si
280 535 390 607 aliquid
404 537 526 594 inultum
541 540 733 612 relinquatur.
750 529 779 588 Α
792 541 950 600 altissime
972 544 1066 617 (Paul.
1083 548 1153 619 xci).
1170 548 1281 620 Duplez
1295 554 1343 607 est
1357 553 1519 627 confessio,
1532 557 1624 614 altere

64 621 106 675 lie
123 622 196 678 dixit
211 640 243 679 se
259 626 357 680 minus
372 627 526 682 amabilem
534 629 561 682 si
576 645 634 684 non
644 632 736 685 totum
793 631 935 703 criminis,
947 633 1038 689 altera
1052 634 1159 691 laudis.
1176 636 1477 699 Confessiccriminis
1489 648 1536 700 est
1550 662 1624 702 con-

64 709 158 766 8181818
179 713 322 769 solvatur.
343 715 425 770 Tunc
449 716 527 772 Deus
543 717 737 790 interrogavit
791 721 892 776 versio
902 722 1077 793 peccatoris,
1090 724 1242 781 confessio
1251 727 1346 783 leudis
1356 731 1532 803 glorificatio
1540 734 1628 790 Crea-

64 798 124 854 lent
143 802 237 857 ambae
253 819 324 858 suas
340 804 506 859 voluntates
522 806 552 860 in
567 806 634 879 ejus
655 807 736 862 arbi·
792 808 875 863 toris.
889 809 1046 866 Confessio
1066 812 1199 868 oriminis
1215 818 1261 870 est
1282 817 1312 871 in
1327 818 1521 876 detestatione
1536 823 1623 894 mali;

66 902 117 942 ere
138 891 166 942 et
181 892 260 961 quod
284 892 349 963 ipse
373 893 441 947 inde
466 894 649 950 discerneret
671 895 736 952 sinc
792 895 944 953 confessio
959 899 1055 954 laudis
1071 901 1101 955 in
1116 902 1292 960 exaltatione
1303 905 1623 967 boni.Cunfessionem

64 976 134 1032 ione
150 994 290 1034 annuere.
311 980 394 1046 Quod
410 985 543 1053 utraque,
555 984 736 1055 inquantum
792 985 1334 1059 oriminiaparittimor3confessionem
1346 995 1622 1068 laudisparitemor.

64 1065 88 1120 81
102 1067 168 1120 sinc
183 1067 375 1123 diminutione
391 1071 519 1125 nominis
537 1077 565 1126 et
584 1072 736 1144 dignitatis
792 1074 949 1144 Propterea
960 1074 1065 1131 bonnm
1077 1084 1123 1133 est
1134 1079 1271 1135 ecudteri
1280 1082 1412 1149 Domino,
1422 1087 1561 1156 quoniam
1571 1088 1624 1142 mi-

67 1154 180 1222 edente,
199 1156 277 1211 Deus
294 1157 367 1211 dixit
387 1175 504 1229 acquum
522 1159 581 1214 sibi
595 1161 690 1215 videri
705 1165 737 1215 81
791 1162 830 1216 118
854 1166 909 1234 est,
933 1169 963 1218 et
976 1165 1110 1236 psallere
1130 1169 1241 1223 nomini
1260 1170 1324 1240 ejus
1343 1171 1463 1244 bonum,
1484 1175 1623 1246 quoniam

71 1241 210 1312 bominis,
233 1248 261 1298 et
284 1261 320 1299 ex
344 1249 426 1317 parte
446 1249 566 1319 propter
583 1249 736 1304 veritatem
792 1252 905 1307 suavis.
925 1252 1099 1325 Exemplum
1114 1257 1350 1314 mensuetudinis
1372 1259 1439 1331 ejus
1463 1261 1527 1333 fuit,
1544 1267 1623 1335 quod

72 1333 102 1385 81
123 1336 242 1402 propter
270 1335 503 1390 misericordiam
528 1352 565 1391 ex
589 1340 672 1408 parte
693 1338 736 1392 di·
790 1342 963 1410 peccatores
979 1343 1224 1400 adsevenientes
1239 1361 1299 1401 non
1313 1348 1430 1419 repulit.
1447 1348 1622 1422 Exemplum

68 1418 101 1472 ln
124 1419 180 1474 hoc
201 1436 273 1492 crgo
297 1422 442 1477 ambabus
465 1424 734 1495 consentientibus,
792 1428 945 1484 suavitatis
969 1429 1056 1502 ejus,
1080 1432 1159 1504 quod
1180 1433 1230 1505 qui
1257 1449 1324 1490 eum
1349 1439 1557 1509 gustaverunt,
1576 1440 1622 1494 fa-

64 1505 137 1578 jecit
153 1509 255 1563 dicens
277 1510 393 1581 justum
419 1528 488 1568 esse
503 1516 544 1583 ut,
561 1514 735 1585 sicutprius
792 1516 895 1572 stidire
919 1533 978 1574 non
992 1522 1160 1590 potuerunt.
1186 1521 1360 1594 Exemplum
1384 1528 1622 1584 mansuetudinis

64 1596 107 1650 lia
124 1612 190 1651 oum
206 1598 325 1654 homine
345 1600 399 1654 fuit
409 1605 437 1655 81
452 1602 516 1672 ipsa
533 1603 563 1656 in
580 1602 735 1673 cmloper-
792 1604 855 1676 fuit,
874 1606 953 1677 quod
970 1608 1168 1665 infirmatibus
1188 1612 1429 1682 compatiebatur.
1449 1612 1623 1686 Exemplum

64 1708 73 1746 ι
87 1707 166 1747 8888
181 1693 245 1763 ipsa
262 1695 385 1751 interra
401 1713 467 1751 cum
483 1698 602 1753 homine
616 1713 734 1768 perma-
792 1693 956 1766 suavitatis,
977 1697 1056 1768 quod
1078 1697 1259 1768 imperfectis
1274 1699 1523 1757 conformabatur.
1540 1702 1624 1758 lutir-

64 1781 245 1837 iiserioordia
262 1800 328 1839 cum
345 1786 404 1840 Deo
420 1786 526 1841 coelum
543 1787 732 1842 conscendat.
792 1782 940 1838 mantibus
947 1786 1187 1856 compatiebatur,
1195 1787 1404 1843 confitentibus
1411 1789 1485 1844 dans
1493 1792 1620 1862 veniam,

66 1870 735 1946 stenim:Misericordia,etveritaspraecedcnt
751 1837 777 1898 Β
791 1873 819 1925 81
836 1872 1046 1941 penitentibus
1063 1889 1121 1928 non
1136 1875 1272 1930 indicens
1293 1892 1420 1945 pmnem.
1437 1877 1621 1950 Imperfectis

64 1973 103 2012 am
113 1959 208 2025 (Psal.
223 1963 375 2033 nxxxvur).
395 1962 425 2017 Si
438 1979 509 2034 crgo
518 1963 601 2034 prius
617 1964 736 2018 miseri·
789 1959 1030 2016 conformabatur
1045 1962 1187 2032 spiritulia
1199 1963 1360 2033 seminans,
1382 1968 1411 2019 et
1428 1968 1542 2021 metens
1558 1984 1621 2022 car·

64 2049 182 2117 acessit,
204 2053 232 2102 et
251 2050 362 2104 veritas
375 2053 546 2121 permansit,
560 2051 675 2123 ,iustum
690 2055 735 2106 est
790 2047 876 2102 nella.
893 2048 1049 2105 Seminans
1063 2051 1187 2105 verbum
1211 2051 1309 2106 cibum
1324 2053 1441 2121 mentis,
1458 2055 1487 2108 et
1505 2057 1620 2110 metens

64 2135 247 2191 risericordia
266 2142 391 2208 maneat,
409 2141 559 2194 etveritas
574 2140 733 2210 pracedat.
787 2135 897 2191 victum
923 2137 1019 2192 cibum
1045 2139 1154 2193 carnis.
1179 2139 1265 2193 Venit
1289 2139 1326 2193 ad
1351 2139 1433 2194 illum
1457 2143 1617 2214 peccatrix,

68 2224 194 2279 ricerdis
204 2242 316 2297 rogans
329 2229 481 2282 veritatem
493 2244 653 2283 memorem
664 2243 733 2283 esse
787 2226 816 2278 et
829 2223 904 2279 fudit
925 2224 1070 2297 lacrymas
1086 2227 1123 2281 ad
1136 2228 1228 2298 pedes
1245 2227 1312 2299 ejus
1328 2243 1382 2298 per
1397 2228 1620 2286 confessionem

64 2312 161 2382 pueri,
175 2313 290 2369 scilieet
304 2331 341 2369 uu
350 2316 510 2386 quidquam
520 2316 594 2370 ulti-u
606 2332 732 2372 cousus.
787 2313 932 2384 criminis,
951 2314 1026 2385 ipse,
1038 2317 1069 2370 ut
1084 2317 1254 2371 ostenderet
1267 2317 1523 2372 mansuetudinem
1535 2334 1620 2374 suam

64 2416 81 2453 a
96 2400 244 2455 bominem
257 2403 402 2473 moliatur,
416 2420 482 2458 cum
494 2405 618 2460 Domino
630 2421 731 2460 ascen·
785 2404 813 2455 81
828 2402 1055 2471 parvicordibus
1079 2404 1162 2458 daret
1185 2403 1322 2459 fiduciam
1345 2405 1616 2477 appropinquandi,

64 2503 84 2543 s
100 2492 197 2544 aulem
213 2490 326 2545 intrans
348 2507 399 2546 cor
415 2492 543 2547 hominis
565 2493 676 2548 invenit
691 2494 732 2548 ibi
785 2490 842 2544 cite
866 2491 983 2545 veniam
1004 2491 1138 2560 indulsit,
1159 2508 1276 2563 paenam
1300 2492 1409 2547 nullam
1424 2493 1539 2547 indixit.
1561 2493 1620 2549 Sed

64 2577 103 2645 ta,
119 2580 147 2630 et
161 2578 251 2650 digna
276 2580 384 2650 poenis,
410 2583 438 2635 et
453 2580 580 2636 clamare
596 2582 682 2652 uaepit
695 2582 731 2637 du
783 2578 833 2647 ait,
850 2576 939 2648 Vade,
950 2585 980 2633 et
991 2578 1116 2651 amplius
1131 2579 1326 2651 nclipeccare
1341 2579 1522 2651 (11888888).
1540 2581 1618 2637 Dici-

64 2665 158 2720 uinem
183 2683 340 2722 accusans.
365 2669 569 2724 Misericordia
584 2685 655 2725 vero
670 2687 729 2726 non
782 2668 830 2721 188
844 2669 873 2720 81
893 2666 924 2721 18
937 2665 994 2722 alio
1009 2667 1085 2736 loco,
1100 2669 1179 2739 quod
1193 2668 1321 2723 habebat
1335 2669 1426 2724 lesus
1441 2668 1568 2739 loculos,
1585 2672 1615 2725 et

72 2754 103 2808 in
118 2755 193 2810 coelo
210 2756 366 2811 Dominum
382 2773 466 2812 orare
477 2774 531 2829 pro
547 2758 665 2814 homine
680 2775 730 2831 po·
781 2769 816 2809 ea
840 2770 907 2826 quae
930 2755 1076 2811 dabantur
1098 2756 1280 2827 suscipiebat
1293 2756 1390 2828 (loen.
1413 2755 1476 2828 xri),
1494 2758 1615 2813 confor-

64 2841 142 2897 lomo
159 2843 188 2898 in
204 2848 281 2899 teri-u
299 2862 352 2916 per
377 2846 530 2901 veritatem
548 2846 726 2918 stimulatus,
782 2858 866 2897 mans
881 2858 916 2898 se
924 2843 1116 2914 imperfectis,
1126 2847 1158 2899 ut
1172 2845 1222 2916 qui
1233 2845 1427 2917 Evangelium
1442 2847 1615 2917 pradicant,

63 2933 290 3003 eoonlltebatur,
301 2939 329 2988 et
342 2934 421 2989 Deus
435 2935 465 2988 in
477 2934 552 2990 coelo
568 2951 622 3006 per
635 2935 727 2991 mise·
781 2931 818 2985 de
829 2931 991 3003 Evangelio
1001 2932 1101 2986 vivant
1109 2932 1139 3002 (I
1145 2932 1212 2987 Cor.
1226 2931 1277 3004 rx).
1289 2933 1400 2988 Paulus
1410 2938 1508 2988 autem
1522 2934 1617 2990 noluit

64 3019 728 3086 118888,888618811868888188188.118888888-
782 3020 919 3089 sumptus
934 3019 1068 3090 aceipere
1084 3019 1119 3073 de
1135 3019 1306 3092 Evangelio,
1328 3021 1381 3075 sed
1403 3021 1498 3093 gratis
1519 3021 1615 3096 faetus

71 3108 108 3162 ad
126 3109 250 3164 salutem
266 3127 316 3166 ore
335 3111 453 3182 proprio
468 3111 605 3182 faciebat,
624 3115 652 3166 et
666 3113 724 3166 mi·
783 3110 829 3161 est
837 3107 972 3162 minister
982 3107 1065 3162 verbi
1080 3107 1178 3178 (ibid).
1191 3108 1227 3163 Et
1235 3109 1384 3164 invenitur
1392 3107 1502 3164 Paulus
1517 3110 1614 3181 magis

83 3197 223 3266 precibus
238 3200 302 3253 suis
318 3200 473 3255 Dominum
488 3199 723 3271 adjustillcatio-
760 3189 892 3266 'aliquid
907 3195 1018 3250 fecisse
1033 3211 1121 3267 quam
1142 3196 1289 3252 Christus.
1311 3195 1448 3252 Christus
1471 3199 1567 3252 autem
1583 3197 1613 3252 in

65 3285 111 3339 nis
136 3288 339 3357 compellebat.
366 3289 482 3344 Veritas
508 3291 544 3343 de
568 3292 647 3344 terra
671 3305 724 3360 per
781 3299 903 3339 numero
919 3283 1158 3357 imperfectorum
1173 3284 1414 3354 invenirivoluit,
1439 3300 1476 3340 ne
1495 3301 1612 3355 praesu-

66 3374 249 3431 emhominis
267 3377 426 3445 oriebatur,
440 3382 468 3432 ut
475 3377 590 3449 justitia
601 3379 637 3433 du
649 3378 724 3433 eoelu
780 3376 894 3427 merent
907 3389 966 3428 non
989 3373 1179 3442 accipientes
1205 3376 1234 3427 et
1259 3372 1511 3428 confunderentur
1532 3374 1610 3429 acci-

64 3477 144 3532 sper
155 3465 391 3520 misericordium
402 3466 453 3521 Dei
465 3467 501 3521 ad
513 3470 608 3521 terras
626 3467 724 3522 mitte·
779 3461 903 3532 pientes
917 3464 946 3517 et
959 3461 1179 3517 existimaretur
1192 3477 1252 3516 non
1266 3476 1334 3516 esse
1345 3460 1553 3533 Christiamus,
1568 3462 1611 3518 fa-

64 3550 129 3605 ritas
152 3552 225 3606 dixit
249 3554 331 3623 prius
357 3555 537 3625 puniendum
565 3555 615 3626 qui
640 3556 724 3627 prius
779 3549 861 3605 ciens
876 3550 956 3621 quod
978 3550 1071 3605 voluit
1093 3549 1191 3604 facere
1202 3548 1349 3605 Christus.
1368 3550 1527 3621 Propterea
1543 3567 1609 3607 cum

64 3643 140 3694 crat.
167 3641 371 3698 Misericordia
395 3643 468 3698 dixit
491 3648 594 3714 postea
611 3642 724 3714 justill·
777 3638 884 3693 flducia
898 3638 1074 3695 accedamus
1082 3638 1119 3693 ad
1129 3638 1238 3708 mitem,
1256 3639 1285 3694 et
1294 3654 1354 3694 non
1366 3638 1608 3711 derelinquamus

64 3729 80 3782 ι1
104 3728 276 3785 salvandum
298 3731 348 3802 qui
373 3735 401 3786 at
426 3733 532 3787 malum
557 3732 723 3788 eonlltendo
776 3742 910 3782 suavem·

64 3818 98 3871 81.
117 3818 173 3870 Ρ88
200 3820 352 3874 veritatem
382 3821 593 3889 accusabatur,
620 3823 648 3875 et
669 3835 723 3891 per
825 3818 830 3825 ’
929 3815 999 3873 Car.
1017 3816 1107 3871 LXV.
1123 3815 1452 3889 Despirutalicitbara.
1514 3901 1519 3913 ι

64 3903 721 3979 iampropterveritalemjustificabatur.Quia
811 3902 882 3960 Cum
898 3904 1012 3960 cantico
1032 3905 1064 3958 in
1081 3905 1197 3959 citbara
1219 3903 1314 3975 (Psal.
1340 3903 1410 3973 xci).
1437 3902 1469 3956 ln
1494 3900 1607 4002 cithara

64 3996 722 4068 terreormesrpcjustitmdccoeloprospexic
775 3993 832 4047 duo
856 3993 937 4064 ligna
960 3995 1134 4062 eustanum
1157 3992 1293 4061 inferius,
1311 3991 1436 4047 alterum
1455 3997 1606 4060 supernus·

64 4081 268 4138 misericordia
284 4101 350 4139 oum
368 4085 428 4138 Deo
443 4101 497 4156 pro
512 4084 631 4141 bomine
647 4088 718 4155 8881,
757 4076 903 4136 'Inferius
919 4081 1012 4153 ligum
1025 4097 1133 4136 cavum
1153 4083 1208 4151 est,
1233 4080 1372 4150 superius
1392 4079 1526 4134 'solidum
1546 4081 1606 4145 ,est

72 4172 102 4224 et
115 4173 224 4225 veritas
249 4189 265 4225 a
282 4172 424 4227 Deorum
441 4173 559 4228 homine
575 4176 637 4228 erat
658 4171 720 4244 jam
774 4168 853 4224 luter
867 4172 991 4241 utreque
1007 4169 1088 4242 ligna
1104 4170 1263 4225 tenduntur
1283 4168 1401 4224 chordae
1419 4166 1521 4237 clavis,
1538 4168 1606 4239 qui·
1672 4234 1675 4239 ἱ

64 4273 79 4310 8
103 4261 131 4312 81
146 4258 294 4314 hominem
309 4277 363 4331 pro
385 4260 500 4331 justitia
521 4277 579 4331 pax
604 4263 675 4326 erat,
692 4263 720 4315 et
773 4258 899 4313 busdam
915 4258 1054 4313 deorsum
1067 4258 1266 4327 tendentibus,
1288 4256 1466 4329 quibusdam
1485 4270 1607 4310 sursum

64 4346 147 4400 ,stitia
168 4346 204 4401 ab
225 4346 343 4402 homine
367 4348 402 4402 86
420 4349 521 4416 Deum,
542 4364 644 4418 paoem
663 4364 718 4418 po·
773 4345 968 4404 trahentibus.
994 4345 1170 4417 Superiores
1186 4346 1287 4401 clavos
1310 4345 1454 4415 plectrum
1468 4346 1605 4413 torquet;

70 4434 225 4490 descendit
239 4453 296 4506 pax
316 4453 331 4490 8
347 4437 408 4492 Deo
425 4437 461 4491 ad
476 4435 758 4522 hominemjusti-1)
774 4435 811 4490 ad
825 4435 984 4490 inferiores
995 4438 1092 4491 autem
1103 4434 1204 4489 clavos
1214 4431 1440 4505 cbordoedigitis
1451 4445 1606 4501 percussae

64 4524 161 4590 81888,
178 4528 207 4578 81
221 4524 371 4579 88881888.
389 4525 471 4580 Tunc
486 4525 526 4579 eit
545 4524 661 4596 justitia
680 4525 716 4579 ad
775 4523 934 4579 resonavit.
955 4523 1019 4582 Duo
1034 4523 1114 4596 ligna
1130 4523 1196 4578 dum
1211 4523 1282 4576 sunt
1295 4527 1414 4589 cruces,
1427 4516 1552 4573 inferius
1567 4515 1605 4571 li-

64 4609 179 4681 'unquid
196 4612 305 4681 optimo
321 4615 394 4667 satis
410 4617 456 4667 est
470 4613 544 4666 mala
559 4612 715 4683 dimittere,
774 4628 866 4684 gnum
881 4627 956 4666 crux
971 4612 1070 4666 carnis
1092 4611 1231 4680 superius
1255 4609 1368 4679 lignum
1393 4622 1468 4660 crux
1482 4607 1603 4704 mentis.

64 4699 178 4753 studeat
193 4699 271 4754 bone
287 4700 445 4755 conferre?
462 4700 584 4755 laxavit
597 4704 718 4771 peccata
773 4701 853 4755 Crux
873 4700 972 4755 carnis
994 4698 1174 4754 est'afdictio
1189 4697 1219 4751 in
1244 4710 1379 4765 corpora,
1402 4692 1482 4748 Crux
1496 4694 1604 4791 mentis

64 4787 193 4857 rentiam,
218 4804 296 4842 nunc
319 4788 451 4844 conferat
474 4789 550 4843 dona
576 4790 718 4844 virtutum
772 4791 818 4843 est
832 4787 1001 4858 compassio
1022 4787 1052 4841 in
1076 4785 1176 4841 corde.
1200 4782 1329 4839 Inferius
1343 4781 1459 4856 lignum
1475 4779 1604 4880 solidum

64 4889 84 4929 l.
97 4874 261 4945 Respondit
272 4893 329 4946 pax
339 4880 367 4931 et
377 4877 465 4932 dixit:
482 4877 621 4932 Dominus
635 4876 720 4933 dabit
771 4891 830 4931 non
847 4879 902 4945 est,
926 4874 995 4947 quia
1019 4889 1105 4930 omne
1120 4871 1199 4945 quod
1215 4872 1246 4926 in
1265 4885 1353 4925 earne
1374 4869 1463 4939 dolet,
1485 4884 1514 4923 sr
1528 4882 1602 4924 con·

64 4977 116 5032 em,
129 4970 158 5017 et
175 4970 258 5019 terra
271 4970 373 5019 nostre
389 4965 472 5020 dalrit
487 4965 615 5020 fructum
624 4981 717 5021 suum.
771 4963 903 5018 scientiae
918 4962 1006 5019 bonae
1014 4961 1154 5035 gaudium
1166 4960 1287 5030 tollitur,
1299 4958 1373 5014 foris
1385 4957 1516 5058 speciem
1526 4956 1606 5058 dolo·

64 5066 84 5103 n
103 5050 220 5105 interim
237 5051 359 5122 justitia
376 5059 444 5107 ante
465 5067 529 5107 eum
543 5051 717 5122 ambulabit,
771 5051 814 5106 ris
829 5050 933 5106 habet:
948 5049 1030 5104 intus
1044 5049 1200 5105 veritatem
1215 5063 1275 5104 non
1292 5046 1390 5102 habet.
1407 5045 1552 5117 Superius
1566 5045 1604 5100 18-

78 5138 124 5192 via
140 5155 265 5209 pressus
279 5155 357 5194 suos.
374 5138 458 5204 Quod
472 5140 595 5195 audiens
604 5139 719 5211 justitia
771 5155 863 5211 gnum
879 5138 1008 5193 solidum
1019 5140 1074 5207 est,
1084 5137 1153 5209 quia
1167 5136 1251 5192 dolor
1265 5135 1372 5191 mentis
1386 5135 1423 5189 ad
1438 5135 1541 5190 intima
1550 5148 1602 5205 pe·

64 5241 75 5281 a
91 5206 212 5281 reversa
228 5227 324 5281 estad
340 5227 498 5297 hominem,
514 5228 592 5283 utab
608 5243 644 5284 eo
659 5244 718 5283 non
772 5230 905 5295 netrans,
921 5225 1080 5281 monstrari
1090 5223 1279 5296 potest,flngi
1289 5239 1349 5278 uon
1363 5224 1470 5294 potest.
1487 5220 1605 5277 chorda

64 5328 135 5369 onec
145 5315 288 5370 Dominus
299 5318 387 5387 ponat
398 5315 426 5370 in
437 5316 484 5370 via
496 5332 622 5389 gressus
633 5331 717 5386 suos,
772 5318 819 5370 eat
832 5329 954 5385 corpus,
972 5313 1053 5385 quod
1068 5313 1207 5383 tenditur,
1223 5315 1252 5368 at
1270 5314 1437 5366 maceratur
1451 5310 1529 5365 inter
1541 5323 1603 5378 poe·

449 5426 452 5430 ⁴
771 5419 839 5457 nam
853 5402 965 5472 carnis,
980 5403 1010 5457 et
1024 5401 1156 5457 dolorem
1172 5399 1281 5455 cordis.
1299 5398 1425 5455 lnferior
1439 5397 1542 5452 olavus
1557 5396 1604 5448 est

64 5489 121 5544 ,De
132 5492 444 5563 confessioueduplici‚
458 5497 488 5547 81
498 5490 720 5565 quodDomiuus
770 5491 867 5560 timor,
884 5488 1020 5561 superior
1040 5491 1087 5544 est
1113 5503 1204 5554 amor,
1217 5487 1285 5559 quia
1301 5487 1405 5541 timore
1420 5499 1489 5539 caro
1509 5481 1604 5537 confl-

151 5563 292 5617 ¹111'21'8952
304 5563 456 5617 9131181ῑέ·
771 5579 862 5649 gitur,
878 5593 979 5635 amore
992 5577 1109 5632 animus
1124 5576 1306 5632 vulneratur.
1332 5572 1395 5641 1118,
1418 5586 1456 5626 na
1477 5571 1514 5624 ad
1529 5568 1605 5623 mala

64 5665 231 5724 alcontiteri
236 5667 401 5732 deminuet
409 5667 547 5730 Psallere
555 5665 720 5734 nominituo
771 5668 934 5738 moveatur,
951 5665 1008 5724 iste
1032 5664 1116 5746 8186
1139 5664 1218 5748 bona
1232 5659 1435 5747 sensificetur.
1456 5658 1614 5747 Plectrum
