3796 6022
159 246 241 314 1179
577 248 798 313 APPENDlX
812 247 870 312 AD
886 246 1077 311 HUGONIS
1093 245 1237 310 OPERA
1261 245 1456 312 MYSTIGA.
1797 246 1867 314 atat

161 450 231 506 tetis
248 450 373 522 viribus,
390 451 418 506 id
438 454 484 507 ast
501 450 630 520 tortitar3
647 466 685 505 ex
700 453 758 505 tota
773 451 883 520 mente,
899 449 928 504 id
943 451 990 504 est
1003 428 1032 492 Α
1047 448 1215 518 asperitatis
1230 447 1361 518 aculeos,
1380 447 1429 520 qui
1448 447 1585 504 videlicet
1600 449 1672 503 sant
1688 445 1789 505 cultus
1804 446 1866 504 elau·

161 539 339 609 memoriter,
350 543 378 595 et
388 540 615 613 quibuscunque
630 541 726 595 modis
736 540 801 594 aliis
811 539 869 593 diei
881 542 988 609 potest3
1048 539 1112 605 stri,
1125 538 1244 592 taedium
1253 532 1372 606 silentii,
1385 538 1471 592 timor
1484 538 1607 608 praelati,
1625 537 1788 608 disciplina
1803 543 1865 609 capi·

161 629 230 700 qaia
242 645 301 684 aaa
312 631 409 700 potest
428 630 517 683 nimis
533 629 601 698 diei,
620 630 699 700 quod
714 645 773 683 non
790 632 885 699 potest
901 628 989 682 nimis
1047 627 1109 693 tuli,
1126 626 1302 681 abstinentia
1328 627 1396 693 eibi,
1414 629 1441 681 at
1455 627 1481 680 si
1507 642 1564 697 qua
1581 630 1651 681 suat
1677 626 1864 699 similiaque

160 717 478 790 amarilttprorimunr
488 718 989 789 tunmsicutteipsumttlattlnxxu).
1046 731 1109 770 sum
1120 716 1308 769 adversitatis
1317 715 1474 785 asperitate
1485 730 1617 786 pungere
1629 715 1763 785 possint.
1776 715 1841 770 Sunt
1849 723 1867 772 rt

160 804 308 862 Debemus
333 806 456 878 diligere
482 808 647 878 proximum
679 808 756 862 sicut
787 807 990 877 nosmetipsos
1045 805 1095 858 alii
1109 804 1629 876 juniperihujasaeulei,acerrimae
1649 804 1867 859 seilicetetiar·

161 894 316 966 beneflcio,
331 896 433 965 verbo,
459 900 538 951 vote.
556 897 588 952 ln
611 896 756 951 banetleio
782 898 828 952 cst
843 911 918 967 opus
935 895 990 950 bo·
1045 897 1179 964 portanoe
1195 893 1383 961 tentationes,
1400 909 1466 963 qarc
1478 908 1558 947 merc
1573 893 1732 963 spinarum
1748 903 1867 968 pungant

161 998 241 1052 num,
258 984 289 1038 in
302 984 394 1039 verbo
416 1001 521 1042 sanum
544 985 711 1052 consiliam,
732 985 762 1040 in
779 988 847 1039 voto
870 984 990 1039 deside·
1045 983 1270 1039 teneritudinem
1286 985 1462 1040 animorum.

160 1071 246 1128 rium.
264 1072 297 1126 ln
312 1072 359 1127 his
376 1074 513 1130 omnibus
528 1075 687 1146 diligamus
703 1074 870 1144 proximam
887 1074 915 1127 in
930 1075 988 1142 via,
1080 1072 1210 1138 Quataer
1230 1076 1299 1127 sunt
1317 1075 1413 1127 autem
1434 1072 1626 1127 tentationum
1642 1073 1736 1128 modi.
1755 1073 1820 1128 atta
1837 1081 1868 1128 est

161 1174 248 1232 quem
271 1165 440 1216 consortem
456 1163 583 1219 habituri
599 1178 702 1216 sumus
728 1163 757 1215 in
781 1162 882 1233 patria.
906 1161 989 1227 Quod
1044 1163 1248 1218 tentatiotevis
1261 1166 1289 1216 ct
1300 1162 1425 1232 oerulta,
1439 1162 1495 1215 alia
1508 1162 1583 1216 levis
1595 1166 1624 1215 et
1640 1162 1814 1232 manifesta,
1828 1164 1867 1217 alir

159 1248 247 1304 nobis
261 1256 404 1320 praestare
420 1251 559 1324 dignetur
573 1251 664 1306 lesus
688 1249 825 1305 Christus
848 1250 989 1306 Dominus
1044 1252 1182 1324 graviset
1194 1251 1318 1320 occulta,
1331 1251 1386 1304 alia
1398 1250 1499 1322 gravis
1517 1255 1545 1304 et
1561 1251 1732 1306 manifesta.
1750 1252 1867 1308 'lentatir

159 1341 270 1406 noster,
289 1343 344 1395 etc.
1043 1341 1120 1396 levis
1132 1344 1160 1396 et
1171 1341 1285 1394 occulta
1298 1344 1353 1407 est,
1366 1341 1485 1411 quando
1498 1340 1607 1411 aliquis
1618 1340 1728 1395 leviter
1741 1345 1868 1401 tentatur:

409 1427 539 1483 sauata
559 1428 728 1483 LXXXlX.
1044 1433 1073 1486 et
1083 1435 1179 1485 tamen
1191 1430 1320 1485 nondum
1330 1429 1467 1500 intelligit
1480 1445 1516 1483 an
1527 1430 1636 1484 mulum
1648 1430 1710 1484 sibi
1721 1431 1762 1485 sit
1771 1430 1868 1487 illuddr

292 1515 322 1570 ln
335 1516 432 1588 prima
448 1517 599 1572 Dominiea
613 1517 862 1589 Quadrupesimre.
1043 1535 1101 1591 que
1111 1523 1245 1575 tentatur.
1259 1519 1349 1573 Verbi
1360 1519 1452 1590 gratia
1466 1519 1601 1590 :quando
1614 1519 1727 1591 aliquis
1741 1520 1868 1592 dealiquo

200 1603 649 1677 Timensldliasrninasdazabcl,
658 1607 992 1679 relietopuerosuopcr-
1044 1608 1143 1663 ottlrio
1155 1609 1218 1663 sive
1230 1608 1400 1678 praelatione
1412 1609 1518 1663 leviter
1529 1611 1669 1677 tantatar;
1688 1609 1766 1663 levis
1775 1612 1868 1664 estten

159 1692 242 1748 rexit
250 1693 281 1747 in
293 1694 444 1749 desertum
459 1698 533 1750 riam
543 1698 629 1750 unias
640 1697 709 1758 diei,
722 1702 750 1751 et
760 1696 991 1768 reseditsabju·
1043 1699 1123 1765 tatio,
1150 1698 1218 1769 quia
1237 1697 1342 1751 levitar
1359 1701 1485 1752 tentatur
1507 1701 1535 1752 et
1554 1697 1683 1766 occulta,
1703 1698 1772 1768 quia
1789 1700 1867 1753 nescit

159 1781 263 1852 uipera
277 1782 405 1856 (lllllep.
419 1790 491 1853 xix).
502 1785 602 1840 Sancti
616 1786 672 1839 viri
689 1785 863 1840 sublevante
879 1786 986 1856 spiritu
1004 1746 1030 1807 Β
1046 1791 1143 1841 utrum
1156 1786 1213 1840 sibi
1225 1787 1361 1858 expediat
1371 1786 1398 1841 id
1409 1786 1486 1857 quod
1496 1786 1866 1841 desiderat'lentatiolevis

158 1870 195 1926 ad
204 1874 488 1944 summarapiuatur.
500 1873 634 1939 Quandia
644 1890 715 1930 varo
728 1874 820 1930 iahac
835 1874 893 1928 vita
907 1878 985 1942 sunt,
1046 1878 1074 1931 et
1086 1875 1240 1930 manifesta
1254 1879 1309 1944 est,
1322 1876 1440 1946 quando
1454 1875 1614 1947 aliquando
1625 1875 1736 1930 leviter
1744 1879 1865 1941 tentatur,

158 1975 195 2015 ue
210 1962 392 2032 superbiant,
403 1964 613 2019 tentationibus
629 1965 839 2035 reprimuntur.
853 1963 928 2018 Hinc
941 1967 988 2019 est
1045 1968 1073 2020 et
1084 1965 1239 2019 manitesta
1251 1965 1286 2019 de
1300 1964 1376 2019 malo
1387 1967 1523 2019 tentatur.
1539 1964 1628 2019 Verbi
1640 1967 1740 2036 gratia
1750 1983 1756 2020 :
1766 1966 1867 2038 quando

158 2049 237 2122 quod
252 2049 342 2120 Elias,
360 2068 425 2107 cum
437 2055 478 2108 tot
494 2053 651 2107 virtutibus
667 2052 854 2125 profecisset,
869 2053 987 2108 lezabel
1045 2055 1152 2126 aliquis
1162 2053 1660 2122 detornicationelavitartentatur,
1673 2057 1796 2110 tentatio
1806 2053 1867 2109 levis

155 2140 343 2208 postmodum
359 2143 494 2212 quamvis
519 2143 652 2214 reginam
674 2144 769 2195 tamea
782 2141 986 2195 mulierculam
1045 2147 1100 2210 est,
1111 2144 1180 2213 quia
1191 2143 1295 2198 leviter
1304 2146 1446 2212 tentatur3
1460 2146 1489 2197 et
1500 2143 1657 2198 manifesta
1670 2148 1727 2205 est,
1741 2144 1807 2217 quia
1818 2160 1868 2198 ma·

139 2224 243 2300 -rugia
265 2231 293 2284 et
308 2230 357 2301 qui
373 2234 505 2286 mortuos
520 2231 682 2286 suscitabat
697 2234 819 2285 ventura
841 2231 987 2301 praevide·
1044 2231 1152 2286 nitesta
1164 2232 1199 2286 de
1212 2232 1287 2287 mulo
1305 2234 1360 2287 est.
1377 2232 1510 2286 Tantalio
1528 2233 1630 2304 gravis
1651 2237 1681 2287 et
1699 2232 1814 2288 occulta
1822 2234 1867 2300 est,

155 2313 215 2386 bat,
227 2316 406 2392 aliaqaoqaa
416 2320 556 2390 praeclara
570 2319 704 2387 iaciebat,
712 2320 815 2374 timore
823 2335 987 2391 percussus
1046 2321 1163 2393 qnando
1172 2321 1280 2393 aliquis
1291 2321 1422 2393 graviter
1432 2324 1568 2391 tentatur,
1579 2323 1608 2376 et
1619 2323 1721 2376 tamen
1732 2337 1792 2376 naa
1802 2323 1870 2376 navit

157 2405 290 2462 damona
301 2409 434 2464 mulieris
450 2412 571 2464 mertem
588 2408 673 2480 tagit,
690 2409 726 2463 de
740 2425 827 2463 manu
839 2408 891 2463 Dei
906 2424 987 2462 mor·
1042 2414 1139 2466 utrum
1150 2411 1270 2464 noxium
1289 2411 1329 2465 sit
1346 2410 1405 2465 sibi
1416 2410 1488 2465 illud
1499 2411 1535 2464 da
1554 2425 1613 2482 quo
1631 2413 1773 2467 tentatur.
1793 2410 1869 2465 Verbi

156 2497 214 2550 tam
232 2496 322 2566 petiit,
336 2513 390 2551 nee
406 2499 528 2568 accepit.
546 2497 577 2551 ln
594 2497 753 2552 virtutibus
771 2497 842 2551 Elisa
858 2497 987 2567 potentia
1041 2500 1154 2571 gratia:
1173 2499 1290 2570 quando
1302 2499 1410 2571 aliquis
1421 2499 1456 2554 de
1467 2499 1639 2570 praelatione
1650 2500 1813 2572 velutique
1825 2501 1870 2553 mi·

155 2582 209 2639 Dei
219 2584 362 2654 pollebat3
374 2586 404 2639 in
419 2586 637 2641 inllrmitatibus
653 2586 717 2640 suis
733 2585 802 2657 quid
818 2586 853 2640 de
873 2602 907 2641 se
932 2603 986 2656 po·
1041 2588 1164 2643 nisterio
1176 2590 1308 2659 graviter
1323 2591 1458 2656 tentatur,
1477 2589 1578 2660 gravis
1596 2590 1722 2643 tentatio
1738 2592 1795 2656 est,
1812 2590 1868 2661 quia

154 2674 230 2727 terat
250 2674 441 2745 agnoscebat.
470 2675 512 2728 lbi
535 2675 708 2729 ostendebat
733 2675 803 2746 qaid
820 2677 984 2745 acceperat,
1042 2677 1172 2748 graviter
1182 2679 1355 2747 tentatur3et
1367 2678 1491 2747 occulta,
1502 2678 1571 2732 dum
1582 2677 1681 2733 nescit
1692 2678 1774 2750 quod
1786 2679 1825 2733 ibi
1836 2678 1870 2731 la·

155 2758 204 2814 hie
215 2762 293 2834 qaod
304 2766 458 2832 acceparat
473 2763 667 2817 custodiebat.
685 2762 717 2817 ln
733 2763 884 2818 miraculis
900 2779 985 2818 mon·
1019 2789 1021 2792 ·
1041 2767 1098 2820 teat
1110 2765 1218 2821 diaboli
1237 2765 1442 2821 fraudulentia.
1460 2767 1504 2820 ad
1517 2767 1573 2821 boc
1591 2781 1722 2838 namque
1739 2767 1869 2821 ‹liabetus

155 2850 313 2920 atrabatur,
323 2852 352 2904 in
360 2851 853 2907 infirmitatibusservabatur·.F.tias
863 2852 986 2922 propbe-
1040 2852 1190 2910 homiaem
1201 2854 1236 2909 de
1245 2854 1547 2922 exsultationetentat,
1561 2858 1590 2909 ut
1602 2871 1657 2926 per
1668 2856 1868 2911 exaltationem

154 2941 183 2995 ta
198 2939 323 3010 Domini,
333 2941 402 3010 vitn,
415 2945 442 2995 et
453 2941 602 2996 miraculis
615 2940 723 3007 clarus,
733 2941 893 3012 quamlibet
904 2941 983 2996 desi·
1040 2945 1137 3015 magis
1153 2947 1272 2999 corrant
1285 2944 1321 2999 ad
1338 2945 1563 2999 damnationem.
1580 2945 1718 2999 Tantalio
1736 2946 1869 3016 gravissi

152 3034 224 3101 gaat
238 3029 336 3085 sidem.
353 3031 454 3085 Achab
472 3046 525 3086 rex
540 3031 657 3101 impiae,
676 3030 802 3099 Domini,
820 3034 848 3085 et
867 3047 983 3100 praeee-
1001 3064 1026 3126 c
1041 3033 1197 3088 manifesta
1217 3036 1273 3103 est,
1289 3034 1407 3105 quando
1422 3033 1530 3105 aliquis
1547 3034 1680 3105 graviter
1695 3038 1831 3103 tentatur,
1845 3036 1866 3085 et

152 3122 269 3189 pteram
284 3119 351 3192 ejus
367 3120 567 3188 adversarius,
585 3119 733 3174 diabolum
748 3119 908 3190 signitlrat,
934 3120 984 3193 qui
1041 3121 1197 3176 manifeste
1214 3122 1249 3177 de
1266 3123 1341 3177 male
1357 3126 1492 3176 tentatur.
1511 3121 1600 3176 Verbi
1618 3123 1715 3194 gratia
1732 3137 1738 3176 :
1757 3122 1863 3193 quande

151 3208 888 3282 rexastsuparoarnesdliessuperbiaafflobxcv),
901 3210 983 3264 ateis
1039 3209 1148 3281 aliquis
1168 3211 1204 3265 de
1227 3211 1419 3265 fornicatione
1441 3211 1573 3282 graviter·
1593 3214 1734 3278 tentatur,
1758 3211 1863 3265 tentatie

151 3297 333 3370 principatur
346 3298 376 3353 in
392 3298 532 3368 operibus
549 3296 653 3366 culpae.
664 3296 792 3363 lezabel,
808 3297 914 3352 mulier
926 3297 981 3351 im·
1038 3299 1141 3372 gravis
1157 3303 1213 3371 est,
1227 3300 1295 3371 qaia
1307 3301 1438 3373 graviter
1452 3302 1595 3367 tentatur3
1606 3304 1634 3354 et
1643 3300 1801 3355 manifesta
1818 3300 1861 3365 ast

151 3387 256 3459 pudica
268 3387 376 3442 etEliae
388 3386 643 3456 semperiaimica,
661 3385 982 3456 immunditiamexpri-
1038 3388 1107 3460 quia
1130 3389 1287 3444 maniteste
1311 3389 1347 3444 da
1363 3388 1438 3443 malo
1465 3392 1520 3444 est.
1537 3388 1619 3455 Quos
1634 3394 1765 3460 quatuor
1778 3391 1859 3444 teuta·

151 3474 203 3529 mit
217 3476 326 3542 earnis,
343 3474 659 3546 qumsampe1·justum
670 3475 897 3546 persequituret
911 3474 980 3545 ejus
1037 3477 1149 3532 tionum
1166 3478 1270 3533 modos
1287 3477 1443 3533 Psalmista
1459 3477 1534 3533 bene
1551 3477 1702 3550 designat,
1719 3478 1772 3533 abi
1786 3477 1861 3532 dicit:

150 3563 266 3619 actibus
278 3564 453 3618 inimicatur.
465 3563 559 3633 Cujus
570 3563 666 3632 minis,
677 3564 704 3618 id
715 3563 980 3619 esttentatienibas
1036 3565 1104 3621 Non
1113 3565 1235 3621 timebis
1248 3582 1264 3620 a
1277 3567 1383 3622 timere
1393 3575 1546 3631 nocturno,
1561 3567 1701 3638 asapitta
1715 3566 1829 3622 volante
1838 3565 1861 3618 ia

150 3651 241 3722 Elias,
252 3652 281 3707 id
292 3656 338 3708 est
353 3653 448 3707 tldelis
460 3668 669 3724 nonnunquam
684 3653 869 3723 perterritus,
880 3669 982 3724 quam·
1036 3654 1095 3724 dio,
1107 3670 1123 3708 a
1137 3655 1255 3727 negotio
1260 3655 1487 3726 perambulante
1497 3655 1528 3708 in
1540 3655 1689 3722 tenebris,
1703 3655 1741 3710 ab
1753 3657 1861 3710 incursu

148 3741 196 3797 vis
205 3737 364 3798 virtutibus
375 3745 403 3797 et
414 3742 513 3797 multis
524 3741 612 3796 benis
623 3741 764 3811 operibus
775 3742 859 3811 prius
871 3742 981 3796 clarue-
1035 3742 1178 3798 daemonio
1196 3743 1363 3798 meridiano
1386 3743 1480 3814 (Psal.
1498 3745 1560 3812 xc).
1580 3744 1718 3801 Tantalio
1744 3757 1860 3814 namque

147 3832 194 3898 rit,
210 3831 369 3903 propbetas
382 3832 450 3887 Baal
462 3829 613 3899 deleverit,
626 3829 655 3885 id
667 3832 713 3884 est
723 3846 839 3884 omnem
857 3829 980 3886 intldali-
1033 3830 1111 3886 lavis
1126 3834 1155 3887 et
1179 3833 1293 3887 oeeultn
1317 3832 1403 3887 timor
1418 3835 1581 3887 nocturnas
1597 3836 1658 3901 est3
1676 3834 1766 3888 timor
1779 3835 1855 3893 enim,

147 3923 246 3990 tatem,
259 3923 287 3976 et
306 3920 474 3976 haereticam
486 3919 659 3991 pravitatem
670 3920 705 3974 da
727 3919 815 3974 carde
832 3935 887 3973 sao
911 3934 980 3989 pro·
1034 3920 1103 3992 quia
1122 3920 1479 3993 levis31roeturnusqaie
1497 3921 1625 3976 occulta.
1641 3921 1778 3977 Tantalio
1797 3935 1857 3975 varo

147 4009 264 4080 pulerit,
278 4012 306 4064 et
323 4009 462 4080 pluviam,
475 4008 562 4063 idest
579 4008 703 4079 gratiam
715 4008 829 4062 caelitus
845 4008 904 4061 sibi
915 4007 979 4062 dari
1034 4008 1111 4064 levis
1121 4012 1149 4064 et
1164 4008 1330 4079 manifesta,
1342 4009 1448 4081 sagitta
1457 4009 1562 4064 volans
1581 4011 1610 4064 in
1621 4010 1669 4064 die
1686 4014 1748 4077 est3
1760 4011 1856 4082 sagitta

148 4097 298 4165 meruerit,
314 4099 421 4153 timens
437 4101 544 4166 tamen,
560 4113 597 4150 ne
611 4096 849 4165 oeensioveniat,
868 4100 895 4151 et
911 4112 978 4151 eum
1033 4097 1149 4164 volans,
1167 4098 1236 4169 qaia
1248 4098 1340 4167 levis3
1353 4099 1382 4153 iu
1393 4099 1450 4168 die,
1467 4099 1535 4170 quia
1552 4098 1720 4154 manifesta.
1736 4099 1858 4154 Tantalio

146 4184 278 4253 lazabrl,
290 4185 320 4240 id
330 4188 376 4239 est
386 4185 502 4239 luxuria
513 4184 642 4255 occidat,
655 4184 798 4240 obediens
812 4184 977 4255 apostolico
1035 4186 1137 4257 gravis
1150 4189 1178 4241 at
1189 4186 1356 4256 manifesta,
1370 4188 1519 4257 negotium
1533 4187 1745 4258 perambulans
1757 4190 1786 4242 in
1797 4193 1862 4243 tene

145 4273 282 4344 oonsilio,
299 4274 377 4345 quad
393 4273 481 4328 dicit:
495 4272 604 4346 Fugite
619 4273 845 4328 fornicationem
865 4274 893 4342 (l
907 4273 975 4329 Cor.
1036 4273 1100 4329 bris
1111 4278 1171 4343 est3
1188 4276 1350 4347 negotium,
1368 4276 1437 4347 quia
1451 4277 1571 4330 tentatio
1583 4277 1699 4348 gravis,
1715 4277 1860 4349 perambu-

145 4364 198 4433 vi).
215 4363 450 4419 Fornicationem
465 4361 551 4434 fagit,
568 4362 617 4434 qui
640 4361 814 4416 saeeularem
834 4362 974 4432 trabitum,
992 4379 1019 4441 D
1035 4361 1101 4417 lans
1117 4364 1147 4416 in
1163 4363 1304 4427 tenebris,
1322 4365 1390 4435 quia
1406 4364 1529 4419 occulta.
1543 4365 1678 4421 Tantalio
1694 4369 1793 4421 autem
1805 4382 1861 4438 gra·

144 4455 174 4508 et
185 4453 440 4508 conversationem
451 4451 637 4522 derelinquit,
648 4455 676 4504 et
685 4451 713 4504 in
726 4450 874 4506 desertam
886 4452 975 4522 vadit,
1035 4451 1083 4505 vis
1092 4455 1121 4505 et
1132 4452 1297 4520 manifesta,
1309 4453 1447 4507 incursas
1457 4453 1607 4508 etdaemoa
1618 4455 1805 4511 meridianus
1813 4459 1861 4510 est:

145 4542 195 4616 qui
209 4542 340 4597 habitam
352 4545 380 4596 et
391 4542 479 4595 vitam
494 4540 649 4612 religionis
664 4541 800 4594 assumit.
818 4541 975 4594 Desertam
1034 4540 1176 4594 incursus
1196 4544 1224 4595 et
1238 4541 1365 4610 daemon,
1386 4541 1453 4612 quia
1469 4544 1585 4614 gravis3
1596 4543 1859 4616 meridianus,qaia

145 4634 192 4688 est
203 4633 262 4687 vita
272 4631 445 4702 spiritualis,
462 4632 549 4700 atque
560 4629 676 4701 religio,
696 4629 764 4700 quia
779 4629 907 4683 amaltis
923 4628 976 4683 de·
1034 4628 1200 4684 manifesta.
1215 4630 1267 4684 lsti
1282 4631 1379 4702 itaque
1395 4631 1588 4686 tentationum
1604 4632 1685 4687 modi
1703 4638 1776 4689 suut
1788 4634 1862 4689 istius

145 4721 265 4790 seritur,
286 4722 315 4775 et
328 4736 345 4774 a
359 4719 462 4791 paucis
482 4718 628 4773 incolitur.
650 4718 767 4772 Dimisit
782 4722 879 4773 autem
895 4717 976 4774 Elias
1031 4715 1174 4788 juniperi,
1190 4718 1307 4773 seilicet
1320 4719 1434 4774 ordinis
1449 4719 1554 4789 aculei,
1568 4721 1636 4791 quia
1652 4737 1739 4777 more
1755 4722 1862 4777 aculeo·

144 4824 269 4880 puerum
293 4825 390 4877 saum,
415 4811 444 4863 et
467 4808 551 4863 solus
574 4807 725 4862 desertum
749 4807 890 4876 introivit,
907 4807 976 4878 quia
1033 4823 1100 4862 rum
1115 4807 1341 4863 teneritudinem
1359 4810 1504 4880 pangunt,
1517 4812 1546 4863 et
1561 4824 1779 4883 nonnunquam
1793 4813 1862 4866 lace·

141 4894 257 4968 justum
273 4901 318 4953 ast
333 4900 363 4951 ut
377 4897 474 4951 tidelis
485 4895 608 4968 quilibet
622 4895 805 4967 spiritantem
817 4909 976 4950 conversa·
1033 4899 1108 4964 rant,
1120 4897 1296 4951 animorum.
1307 4897 1374 4951 Noa
1384 4897 1464 4967 qaod
1479 4897 1551 4953 ordo
1562 4897 1658 4952 malus
1668 4899 1719 4968 sit,
1732 4897 1864 4973 sedqued

144 4985 254 5041 tionem
274 4986 456 5058 ingrediens,
473 4985 597 5056 puerilia
608 4987 723 5054 cuneta,
734 4988 763 5039 ct
777 5001 863 5053 vana,
881 4987 909 5038 et
924 4984 975 5038 tri·
1032 4984 1169 5040 diabotus
1179 4987 1259 5040 tanto
1270 4985 1491 5057 acriasjustum
1502 5002 1557 5057 per
1564 4987 1747 5044 tentationes
1754 4991 1860 5063 pungit,

143 5075 211 5130 vola
222 5075 350 5142 daserat;
361 5091 415 5130 nec
426 5073 654 5142 inoomedendo,
667 5073 806 5140 bibenda,
814 5073 973 5144 loquendo,
1032 5077 1142 5146 quanto
1153 5075 1264 5129 eumad
1280 5075 1453 5130 sublimiora
1462 5078 1490 5130 et
1501 5075 1665 5130 secretiora
1674 5092 1731 5148 per
1740 5078 1863 5134 habitan

143 5163 191 5221 vel
212 5164 278 5220 aliis
300 5164 414 5218 actibus
430 5163 495 5218 suis
519 5164 679 5234 quidquam
700 5162 854 5232 pueriliter
875 5161 972 5217 tarint.
1033 5165 1061 5217 et
1075 5163 1165 5217 vitam
1180 5162 1294 5218 ordinis
1309 5165 1436 5219 transire
1452 5165 1554 5218 ceruit.

142 5250 973 5324 Possemusvaroperiuaiperum,subqual]liasresc-
1069 5252 1160 5307 llecta
1188 5251 1279 5323 igitar
1307 5253 1472 5307 seeundum
1500 5268 1591 5323 supra
1619 5253 1700 5309 dicta
1723 5257 1801 5311 ordo
1820 5254 1861 5327 jn·

142 5343 194 5414 dit,
211 5341 338 5414 alicujus
354 5340 467 5395 ordinis
492 5342 691 5411 asperitatem,
709 5339 786 5395 sicut
809 5342 854 5393 est
870 5355 972 5393 monn·
1032 5340 1135 5411 nipero
1159 5342 1362 5409 comparatur,
1388 5341 1456 5395 dum
1483 5342 1576 5395 variis
1601 5343 1820 5412 asperitatibus
1841 5345 1863 5395 et

141 5431 282 5501 chorum,
300 5433 329 5485 et
345 5429 554 5485 canonicorum
570 5428 762 5500 regularium,
788 5428 833 5482 vel
849 5427 971 5483 alterius
1030 5427 1241 5483 tentationibus
1255 5443 1388 5498 pungere
1413 5429 1631 5500 comprobatur.
1657 5430 1705 5486 Ad
1721 5431 1801 5486 banc
1816 5432 1861 5485 de·

141 5518 303 5593 cujuslibet
311 5517 510 5589 professionis
521 5516 702 5588 significare.
714 5517 836 5570 Videtur
846 5532 971 5588 namque
1031 5516 1120 5588 nique
1141 5516 1311 5588 iuniperum
1327 5516 1406 5570 Elias
1430 5518 1525 5586 venit,
1543 5518 1662 5589 quaudo
1686 5517 1794 5589 justus
1813 5518 1860 5572 ali·

140 5606 282 5687 quaelibet
290 5606 441 5685 professio
452 5605 565 5665 ordinis
576 5603 818 5685 sieutjuniperus
827 5605 972 5683 quosdam
1030 5605 1099 5687 qais
1115 5603 1270 5663 saecularia
1285 5604 1415 5684 lugiens,
1432 5605 1547 5666 ordinis
1562 5605 1694 5682 alicuius
1715 5604 1861 5684 asperitati
