3796 6022
131 324 192 389 427

510 323 731 389 APPENDIX
751 324 810 389 he
831 322 1023 389 HUGONIS
1045 323 1191 390 OPERA
1211 322 1477 389 DOGM'ATICA.

1798 322 1859 387 428

79 523 82 529 ’
132 539 241 593 corpus
256 528 285 577 et
300 524 477 594 sanguinem
491 539 578 578 suum
589 523 777 579 consecravit
787 524 817 578 in
829 540 922 589 coena,
935 527 965 579 ct
982 514 1009 575 Α
1022 542 1081 581 non
1097 529 1195 580 manet
1208 525 1238 579 in
1255 525 1343 581 domo
1368 526 1398 580 in
1419 529 1561 580 aetermm
1575 526 1670 593 (doen
1687 528 1752 593 vm)
1767 525 1858 595 perti-

131 613 162 668 in
177 613 312 666 Ecclesia
324 612 400 666 idem
415 612 479 667 fieri
490 613 640 683 praecepit.
653 617 678 666 Α
688 614 855 668 sacerdotio
867 617 964 667 aulem

133 704 242 771 Aaron,
259 701 841 772 formamsacerdotiisumpsitEcclesia.
854 703 963 756 Taber-

131 790 269 847 naculum
284 790 362 845 enim
379 789 431 844 Dei
447 806 514 844 curn
530 791 753 845 hominibussic
769 792 963 860 compositum

131 880 221 935 estin
237 880 365 947 deserto,
383 882 413 932 ut
435 880 464 932 in
480 880 554 933 atrio
570 880 703 935 exterius
727 880 818 934 altare
840 880 962 933 liaberet

131 983 260 1035 aeneurn,
277 967 327 1021 ubi
341 967 510 1021 animalium
526 984 631 1022 carnes
647 968 862 1022 cremabantur.
881 969 962 1021 lutus

1021 630 1093 669 nere
1116 617 1289 682 nascuntur,
1310 614 1503 685 quamobrem
1518 619 1547 669 et
1569 614 1723 670 servitutis
1749 614 1857 668 oblatio

1022 704 1169 772 dicuutur,
1186 704 1394 758 sicntdicitur:
1412 703 1495 758 Hanc
1505 703 1684 757 oblationem
1697 704 1858 757 servitutis

1023 798 1143 847 nostrie.
1160 792 1344 847 Oblationem
1356 793 1594 847 servitutisrecte
1606 793 1794 846 nominamus
1811 808 1857 861 pa-

1023 896 1090 935 nem
1105 886 1134 936 et
1148 882 1268 949 vinum3
1289 898 1356 935 nam
1373 897 1440 935 cum
1458 882 1546 936 honio
1562 881 1599 935 de
1620 883 1696 934 terra
1718 885 1854 950 sumptus

1022 985 1076 1040 per
1090 973 1232 1039 naturam,
1250 986 1341 1041 super
1352 974 1459 1024 terram
1470 970 1608 1024 dominus
1616 973 1699 1023 esset
1710 970 1855 1022 constitus

129 1057 264 1112 autemin
279 1056 469 1110 tabernaculo
485 1056 564 1111 aliud
574 1060 635 1110 erat
650 1073 783 1126 aureum,
795 1056 962 1126 quoddice·

132 1146 220 1201 batur
234 1146 325 1199 altare
340 1145 548 1215 thymiamatis,
565 1146 615 1198 ubi
635 1146 721 1200 thura
740 1145 964 1215 cremabuntur3

1023 1060 1220 1131 pergratiam,
1237 1060 1273 1112 ab
1282 1063 1402 1113 auctore
1413 1061 1525 1112 naturae
1540 1063 1568 1113 et
1578 1058 1679 1113 datore
1690 1061 1795 1128 grattae
1807 1074 1855 1111 re-

1023 1148 1133 1202 cedens
1148 1163 1202 1218 per
1216 1148 1342 1218 culpam,
1359 1147 1435 1200 infra
1450 1150 1557 1201 terram
1569 1146 1724 1200 damnatus
1739 1149 1786 1200 est
1803 1161 1855 1214 per

132 1239 160 1290 et
174 1235 230 1288 ulia
245 1251 311 1304 quar
329 1234 508 1288 odoriferum
525 1234 656 1289 facerent
671 1235 792 1289 furnum.
808 1235 964 1305 Postquotl
1019 1234 1175 1307 justitiam.
1195 1237 1277 1290 Unda
1289 1238 1336 1291 cui
1347 1241 1424 1289 terra
1434 1235 1626 1289 famularetur
1638 1235 1732 1306 gratis
1748 1234 1855 1288 fertilis

129 1324 231 1378 intimo
244 1327 271 1377 ct
287 1323 426 1392 supremo
438 1323 503 1377 loco
520 1323 718 1392 positumerat
729 1324 963 1395 propitiatorium
1022 1325 1059 1379 ad
1075 1325 1259 1393 suavitatem,
1277 1340 1354 1378 nunc
1370 1324 1592 1378 multisetmiris
1609 1323 1765 1393 obsequiis
1781 1323 1855 1376 dcli-

124 1413 182 1484 ,qui
198 1415 299 1466 sancta
322 1412 497 1466 Sanctorum
512 1412 676 1467 dicebatur.
694 1412 774 1468 luter
791 1413 963 1483 propitiato·
1022 1413 1081 1467 nita
1098 1417 1125 1467 et
1139 1413 1273 1483 plurimis
1290 1413 1406 1467 exculta
1421 1412 1584 1480 laboribus,
1609 1413 1661 1465 vix
1684 1411 1811 1482 largitur
1821 1411 1856 1464 nd

129 1502 205 1557 rium
222 1504 251 1555 et
264 1501 356 1554 altare
367 1516 489 1555 aureum
498 1501 719 1571 appendebatur
730 1502 924 1572 velum,quod
935 1501 965 1554 in
1021 1502 1241 1570 necessitatum,
1258 1502 1336 1556 sicut
1351 1501 1494 1570 seriptum
1509 1504 1573 1554 est:
1591 1499 1625 1554 ln
1636 1500 1745 1554 sudore
1760 1500 1857 1553 vultus

132 1590 274 1661 passione
291 1589 406 1643 Domini
423 1591 554 1645 scissum
566 1593 621 1657 est,
634 1594 665 1644 ut
680 1593 793 1660 pateret
807 1592 965 1661 propitato-
1023 1592 1065 1645 tui
1083 1592 1217 1645 vesceris
1227 1606 1304 1662 parra
1317 1595 1365 1644 tuo
1378 1589 1465 1658 (Gen.
1482 1590 1535 1660 ιιι).

129 1678 218 1733 aium.
236 1679 314 1732 lnter
329 1678 419 1732 altare
434 1694 555 1733 aureum
571 1682 598 1732 et
610 1695 724 1733 aeneum
740 1679 963 1750 velumquidom
1061 1678 1204 1744 Quoniam
1226 1694 1298 1750 ergo
1318 1679 1349 1732 in
1373 1677 1550 1731 victualibus
1579 1678 1645 1731 sine
1664 1676 1774 1748 quibus
1799 1678 1856 1730 vita

130 1767 161 1821 in
176 1783 285 1835 cremo,
304 1768 358 1821 sed
374 1783 476 1821 murus
492 1767 643 1822 dividebat
661 1768 831 1838 intemplo,
847 1769 882 1823 dc
904 1784 962 1838 qno
1022 1768 1158 1823 animalis
1173 1783 1233 1821 non
1247 1767 1439 1837 transigitur,
1458 1765 1630 1837 principalia
1647 1768 1716 1819 sunt
1727 1767 1813 1836 panis
1829 1769 1855 1820 et

128 1859 250 1927 peccato
266 1872 319 1926 per
333 1856 534 1926 poeaitentiam
548 1856 673 1911 tendens
688 1856 883 1927 adjustitiam
898 1874 962 1926 my·
980 1815 1131 1925 Batinum,
1149 1857 1213 1910 haec
1232 1871 1339 1911 servus
1355 1853 1485 1909 offerens
1499 1854 1578 1926 quod
1593 1853 1760 1907 animaliter
1782 1854 1854 1907 vivit

128 1945 204 1999 stice
218 1945 263 1999 sic
278 1946 424 2015 loquitur:
436 1946 476 1999 Et
489 1947 518 1999 in
529 1946 593 2000 Deo
604 1961 668 2000 ineo
680 1946 963 2017 transprcdiarmu·
1020 1947 1143 2013 occidit,
1158 1945 1248 1998 vitam
1263 1945 1342 1998 enim
1357 1943 1465 1998 occidit
1480 1944 1529 2014 qui
1544 1943 1654 1997 victum
1665 1943 1724 1996 sibi
1742 1943 1856 1997 subtra-

127 2032 304 2102 rum(1''sal.
322 2034 404 2097 ιιιίι).
417 2034 449 2088 Ιιι
461 2034 508 2089 his
518 2035 613 2090 tribus
625 2035 805 2089 locisbaron
817 2034 962 2090 sacrificia
1019 2034 1072 2090 hit.
1089 2035 1165 2088 llinc
1189 2034 1325 2104 estquod
1347 2049 1364 2086 a
1379 2033 1512 2103 sapiente
1528 2032 1638 2086 dicitur
1654 2031 1703 2085 Au
1721 2047 1852 2087 mensam

128 2122 259 2194 singulis
274 2122 371 2177 debita
395 2121 545 2178 offerebat.
569 2123 664 2194 Super
680 2124 771 2179 altare
796 2140 911 2179 aeneum
931 2124 961 2178 in
1017 2139 1152 2196 inaquam
1166 2123 1293 2178 sedisti:
1311 2121 1607 2194 dilipenterattende
1619 2137 1682 2193 quic
1697 2120 1755 2175 tihi
1769 2136 1849 2192 appe

126 2211 797 2282 atriosacrillciaanimaliumconiburebaatun
809 2214 960 2284 postquod
1017 2220 1128 2268 nnntur
1142 2212 1249 2282 (Eccli.
1267 2216 1360 2282 xxxi).
1377 2210 1453 2282 Fipe
1467 2210 1593 2265 cultrum
1611 2210 1642 2263 in
1657 2216 1780 2281 patiare
1792 2216 1847 2279 tuo,

127 2300 308 2356 sacrificium
323 2301 466 2357 sacerdos
492 2302 527 2356 de
543 2302 612 2374 igne
636 2302 737 2357 altaris
753 2301 888 2373 ejusdem
911 2319 961 2357 su·
1016 2302 1117 2356 sciens
1140 2302 1215 2373 qnod
1243 2300 1313 2355 talia
1343 2305 1371 2354 te
1399 2304 1532 2371 opportet
1555 2298 1847 2370 praepararetProv.

126 2403 212 2445 mens
226 2390 373 2446 carbones
382 2390 495 2445 ferebat
505 2391 534 2444 in
542 2394 655 2461 sancta,
668 2394 696 2446 et
707 2406 798 2461 super
808 2392 897 2446 altare
909 2407 959 2445 au·
1017 2398 1112 2460 ιιιιιιι).
1128 2391 1230 2445 Mensa
1246 2404 1353 2461 magna
1368 2388 1458 2443 altare
1484 2387 1600 2443 Domini
1615 2391 1671 2442 est.
1693 2386 1744 2441 llle
1760 2388 1848 2442 nohis

126 2492 210 2534 reum
225 2478 385 2550 thymiama
401 2479 585 2534 incendebat.
599 2479 711 2535 Deinde
727 2480 763 2535 de
778 2479 959 2535 carbonibus
1017 2479 1175 2551 apponitur
1204 2478 1240 2532 ad
1264 2477 1466 2547 relectionem,
1484 2478 1535 2549 qui
1555 2492 1664 2547 corpus
1679 2480 1709 2530 et
1722 2477 1849 2530 animani

126 2565 265 2639 ejusdem
279 2567 380 2622 altoris
395 2583 509 2638 ponens
524 2568 554 2622 in
566 2568 727 2638 thuribulo,
740 2570 853 2623 furnum
863 2569 959 2623 thuris
1017 2584 1101 2622 suam
1112 2568 1274 2639 posuitpro
1285 2566 1372 2621 nobis
1388 2566 1682 2637 adredemptiomem.
1695 2566 1852 2620 Attenden·

126 2655 415 2712 abundantissimum
430 2656 582 2712 deferebat
600 2657 676 2712 ultra
695 2656 795 2712 velum
811 2657 840 2711 in
857 2660 960 2711 sancta
1017 2656 1085 2711 dum
1102 2661 1147 2710 cst
1158 2654 1237 2726 quod
1247 2655 1315 2710 talia
1327 2659 1461 2726 opportet
1477 2655 1563 2709 etiam
1574 2654 1615 2709 illi
1631 2669 1810 2725 praeparare,
1823 2654 1851 2708 id

128 2749 309 2816 sanctorum,
326 2745 960 2802 adeoutobstantefumoctareviderenon
1016 2748 1129 2816 estpro
1146 2745 1196 2799 illo
1225 2747 1360 2799 nostrum
1376 2743 1464 2798 simul
1480 2747 1508 2798 et
1537 2744 1676 2798 similiter
1698 2747 1852 2814 corpuset

126 2838 231 2906 posset
245 2834 479 2905 propitiatorium
490 2837 538 2889 aut
549 2835 607 2890 duo
623 2835 776 2890 cherubim
788 2851 855 2906 qnae
870 2851 961 2905 super
1016 2834 1143 2888 animam
1158 2832 1335 2904 penereSic
1351 2834 1430 2887 enim
1444 2848 1498 2904 per
1513 2832 1650 2902 spiritum
1666 2832 1785 2886 consilii
1795 2832 1851 2903 ipsi

126 2922 199 2978 illud
216 2924 342 2991 stabant,
364 2928 393 2978 et
408 2923 463 2977 alis
482 2924 624 2993 expansis
640 2922 711 2978 illud
734 2924 959 2979 obumbrabant.
1016 2923 1177 2994 respondet
1193 2922 1338 2992 Propheta
1356 2938 1362 2977 :
1381 2921 1457 2987 Quid
1471 2922 1636 2976 retribuam
1652 2921 1776 2976 Domino
1789 2936 1855 2994 pro

126 3011 173 3067 Ad
184 3012 256 3067 illud
276 3013 510 3085 propitiatorium
526 3028 661 3067 summus
672 3014 805 3084 pontifex
821 3014 905 3068 solus
915 3029 962 3068 se·
1018 3012 1153 3068 onnribus
1165 3011 1368 3084 prircretribnt
1377 3011 1472 3066 mihi?
1485 3010 1613 3066 Calicem
1628 3009 1772 3065 salutaris
1783 3010 1855 3065 acci·

128 3100 186 3155 mel
201 3101 232 3155 in
246 3117 323 3156 anno
336 3118 402 3155 cum
412 3101 558 3172 sanguine
571 3101 705 3157 intrabat.
723 3102 772 3157 Sic
783 3103 961 3174 dispositum
978 3135 1004 3197 C
1015 3103 1095 3176 pium
1106 3101 1201 3171 (Psal.
1212 3102 1291 3172 cxv).

128 3192 158 3246 et
171 3189 273 3246 adhoc
285 3193 346 3245 arat
357 3189 387 3244 in
402 3189 521 3244 deserto
537 3190 769 3262 tabernaculum,
780 3191 863 3262 juxta
875 3208 963 3263 quam
1055 3190 1190 3245 Formam
1207 3205 1277 3244 vero
1289 3190 1405 3244 attende
1420 3205 1508 3260 quam
1525 3188 1673 3244 subtiliter
1687 3190 1716 3243 et
1731 3187 1853 3260 elegan-

128 3277 354 3347 disposrbonem
366 3278 474 3332 factum
490 3281 537 3332 est
551 3281 701 3349 ternplum.

146 3415 216 3472 Car.
233 3416 339 3473 XXVI.
357 3418 400 3474 De
415 3418 636 3492 sipnifcatione
651 3421 759 3476 altaris
768 3423 942 3478 exterioris.

165 3557 225 3614 Sod
241 3560 391 3630 quoniam,
406 3563 570 3617 secundum
589 3564 765 3634 apostolum,
783 3565 848 3620 haec
864 3565 961 3620 omnia

130 3648 265 3703 umbram
280 3650 502 3720 praetendebant
518 3651 693 3720 futurorum,
710 3653 836 3723 primum
847 3659 962 3709 etrene-

130 3753 181 3793 um
195 3739 286 3793 altare
305 3755 357 3794 cor
373 3740 530 3794 contritum
543 3744 572 3794 et
593 3741 775 3795 humiliatum
791 3743 961 3813 siguificare

131 3827 335 3899 intelligimus,
352 3829 384 3882 ln
400 3845 458 3899 quo
474 3828 543 3882 dum
557 3828 635 3899 quod
649 3829 814 3900 jumentum
833 3831 962 3886 viximus

129 3915 341 3971 trationahilcs
366 3922 451 3971 actus
477 3934 530 3988 per
555 3918 754 3988 poenitentiam
784 3923 960 3983 mactamuS,

132 4004 281 4075 quodnisi
297 4005 483 4060 diversorum
492 4021 635 4078 generum
650 4006 786 4061 animalia
797 4008 856 4062 Deo
872 4009 963 4063 sacri·

132 4091 277 4146 ficamus?
293 4092 373 4145 Talia
390 4095 497 4147 etenim
511 4095 647 4148 animalia
661 4096 964 4153 Deoinconvarsione

132 4180 297 4251 peccatoris
322 4181 374 4251 qui
393 4198 446 4251 per
461 4187 614 4251 peccatum
630 4185 749 4254 quidem
768 4186 843 4241 foris
860 4191 919 4250 est,
938 4191 966 4241 et

133 4271 191 4326 nisi
201 4285 256 4340 per
269 4270 447 4341 condignam
462 4273 661 4341 poenitentiam
678 4289 736 4326 non
752 4275 840 4329 intrat
856 4275 966 4345 adjus·

133 4358 235 4424 fatiam,
252 4362 358 4412 mactat
373 4359 455 4413 cordi
470 4363 667 4430 compunctio,
679 4364 811 4417 excoriat
826 4363 966 4419 criscon-

133 4449 238 4517 tessio,
255 4447 286 4502 in
300 4447 409 4501 frustra
427 4448 530 4503 dividit
541 4448 723 4521 dijudicatio,
741 4451 887 4505 comburit
901 4467 968 4506 con·

1018 3285 1064 3335 ter
1079 3279 1236 3350 expressit,
1254 3279 1358 3333 dicens
1375 3294 1381 3333 :
1397 3277 1471 3350 Fipc
1481 3277 1607 3332 cultrum
1619 3279 1649 3331 iu
1662 3283 1785 3350 pnttnre
1795 3283 1852 3331 tuo.

1019 3369 1152 3424 Cultrum
1176 3369 1284 3439 quippe
1308 3367 1495 3422 abstinentiae
1525 3371 1553 3421 et
1582 3367 1688 3420 inediae
1709 3365 1795 3437 quasi
1824 3366 1854 3419 in

1019 3460 1138 3530 gutture
1153 3457 1284 3529 ligimus,
1302 3457 1371 3511 dum
1386 3456 1437 3527 qui
1447 3456 1557 3510 victum
1573 3460 1709 3510 nostrum
1724 3456 1786 3509 Deo
1802 3455 1854 3508 ob·

1019 3547 1151 3616 tulimus,
1167 3548 1203 3600 de
1219 3561 1254 3601 eo
1269 3546 1455 3616 postmodum
1467 3548 1592 3615 parceet
1608 3545 1707 3599 timide
1724 3543 1854 3616 quasida

1020 3637 1104 3691 altari
1118 3637 1215 3691 deind
1228 3636 1436 3690 necessitatem
1453 3634 1689 3689 sumimuslt'nm
1706 3636 1755 3706 qui
1764 3633 1856 3688 altari

1021 3727 1197 3782 deserviunt
1221 3725 1374 3779 ordinavit
1402 3724 1482 3778 Dens
1509 3724 1546 3777 de
1575 3723 1666 3778 altari
1698 3724 1801 3777 vivarc
1830 3721 1856 3789 al

1023 3816 1090 3870 Cer.
1108 3818 1160 3886 ιιι).

1057 3907 1196 3976 Alioquin
1219 3906 1245 3959 si
1268 3908 1335 3975 post
1358 3904 1535 3959 oblationem
1555 3903 1643 3957 taleni
1669 3903 1775 3957 iterum
1797 3901 1855 3955 deli

1022 4013 1110 4054 cesse
1122 4000 1149 4051 et
1163 3995 1315 4049 luxuriose
1331 3993 1416 4064 qnasi
1431 3994 1467 4047 dc
1482 3997 1583 4047 nostro
1600 3993 1793 4062 assumimus,
1808 3995 1855 4046 to·

1022 4091 1084 4143 turn
1104 4084 1183 4156 quod
1208 4081 1359 4138 offerimus
1382 4081 1600 4151 aufe1·imu5,ct
1622 4080 1658 4135 de
1673 4082 1775 4152 rapina
1793 4080 1855 4153 jam

1023 4174 1111 4246 pejus
1127 4174 1266 4226 vivimus,
1284 4171 1435 4224 llabanrus
1445 4171 1621 4242 igiturquod
1634 4173 1662 4224 et
1676 4162 1802 4241 qualiter
1812 4186 1859 4223 su·

1024 4280 1078 4335 per
1092 4263 1219 4333 primum
1234 4262 1325 4315 altare
1341 4259 1511 4314 offeramus.

1026 4353 1095 4407 Car.
1114 4350 1236 4405 xxvii.
1262 4350 1305 4403 lle
1331 4349 1550 4420 sipiriliratione
1564 4347 1671 4402 altaris
1690 4348 1858 4402 interioria.

1062 4440 1230 4496 Secundum
1256 4438 1433 4508 altarequod
1449 4441 1478 4491 et
1502 4436 1581 4491 intus
1598 4441 1660 4491 crat
1674 4441 1703 4490 et
1727 4452 1858 4503 aureum,

135 4537 226 4609 digna
235 4536 367 4591 afflictio.
380 4536 511 4592 AEnenm
520 4538 639 4608 quidem
649 4543 705 4602 est,
719 4538 880 4594 obscurum
890 4526 1011 4595 vide-D
1029 4529 1120 4584 altare
1146 4527 1214 4581 tldei
1243 4526 1393 4598 significat
1414 4526 1445 4579 ia
1474 4527 1563 4581 corde
1577 4542 1632 4595 per
1659 4525 1859 4597 paenitentiam

133 4625 203 4680 licet
212 4629 240 4680 et
248 4640 401 4694 sonorum,
414 4626 481 4696 quia
491 4628 653 4682 collocatur
661 4629 806 4699 poenitens
815 4628 843 4682 in
854 4632 964 4683 semet-

135 4715 201 4784 ipso
216 4715 244 4767 et
259 4714 408 4783 obscuris,
425 4714 495 4768 dum
510 4715 647 4770 anxiatus
659 4717 687 4771 in
702 4731 738 4771 ao
748 4717 871 4786 spiritus
885 4717 962 4788 ejus,

136 4807 165 4856 ct
186 4802 216 4854 in
245 4817 281 4856 εο
304 4802 452 4857 turbatum
481 4806 527 4858 est
543 4821 595 4859 cor
609 4804 687 4876 ejus,
705 4810 733 4859 et
754 4807 790 4860 de
813 4805 970 4876 profundis

136 4889 250 4943 fortiter
270 4888 375 4943 clamet
396 4907 471 4962 opus
501 4898 547 4947 est
574 4897 605 4950 ut
627 4910 685 4949 vox
704 4894 772 4965 ejns
792 4894 927 4949 audiatur
942 4895 971 4948 in

138 4980 280 5035 excelsis.
298 4975 385 5036 Hanc
401 4978 503 5033 horum
520 4983 687 5037 animalium
704 4996 796 5053 super
810 4982 866 5037 hoc
881 4983 971 5036 altare

137 5069 316 5126 oblationem
328 5072 389 5125 Deo
402 5069 589 5124 invisibiliter
596 5070 759 5126 faciendam
766 5071 971 5142 significamus

136 5159 166 5213 et
175 5159 391 5228 quodammodo
402 5157 562 5212 visibiliter
573 5158 708 5225 facimus,
719 5175 797 5223 curn,
805 5160 971 5229 praemissis

137 5246 315 5321 quibusdam
326 5246 757 5317 orationibusseuquibusdam
768 5248 972 5319 postulationi·

136 5335 194 5393 bus
207 5352 273 5395 eum
279 5337 402 5393 incenso
415 5336 548 5404 arietum,
559 5335 588 5389 id
599 5340 645 5389 est
656 5335 808 5409 suffragiis
823 5335 972 5407 apostolo·

139 5442 206 5484 rum
226 5442 262 5483 ac
284 5429 455 5498 martyrum,
480 5438 571 5494 super
587 5424 705 5480 visibile
720 5426 813 5481 altare
832 5425 972 5481 visibiles

140 5517 252 5574 aostias
267 5514 463 5588 paniset·vini
476 5511 638 5570 offerimus.
655 5512 691 5568 Et
702 5513 765 5569 haec
775 5515 874 5571 omnia
884 5513 973 5587 quasi

140 5605 330 5663 adhaeseris
357 5607 495 5678 aguntur,
513 5602 582 5659 dum
597 5616 664 5675 quea
677 5601 751 5659 dant
773 5606 803 5659 et
826 5603 974 5676 quomodo

139 5692 203 5761 tltut
222 5693 296 5753 forie
315 5693 549 5772 conspiciantur.
579 5691 664 5751 Unde
679 5695 708 5752 at
723 5690 761 5751 ad
780 5706 902 5751 nevam
922 5690 975 5769 qni

1027 4622 1162 4690 purgato,
1180 4615 1347 4670 testimonio
1368 4614 1454 4668 lionae
1477 4614 1668 4669 conscientiae
1683 4614 1819 4669 rutilante
1835 4618 1862 4668 ct

1028 4708 1118 4763 claro.
1137 4706 1200 4760 lloc
1221 4704 1308 4758 etiam
1330 4703 1420 4758 altare
1440 4702 1565 4774 justitiae
1591 4703 1707 4771 dicitur,
1732 4704 1802 4774 quia
1826 4719 1863 4757 ex

1028 4794 1219 4867 lldejustitia,
1236 4793 1465 4862 sicutscriptum
1476 4796 1522 4846 est
1538 4807 1544 4846 :
1560 4792 1698 4847 Credidit
1709 4792 1863 4847 Abraham

1028 4886 1099 4951 Deo,
1118 4890 1147 4938 ct
1159 4888 1325 4955 reputatum
1337 4887 1383 4935 est
1393 4882 1422 4934 ei
1432 4879 1709 4953 adjustitiamffial.
1729 4881 1780 4950 ιιι).
1792 4880 1827 4934 Et
1835 4881 1864 4934 in

1029 4974 1179 5028 Habacuc:
1187 4971 1381 5027 Justnsnrcus
1390 4968 1492 5024 enfide
1502 4970 1531 5024 vi
1537 4970 1707 5038 vit(Habac.
1719 4974 1760 5040 ιι).
1771 4969 1865 5040 Super

1030 5064 1086 5118 hoc
1101 5062 1191 5115 altare
1207 5057 1387 5113 sacrificinm
1396 5057 1535 5128 justitie),
1556 5057 1722 5113 oblationes
1736 5065 1766 5111 et
1788 5058 1865 5112 helo-

1030 5157 1140 5213 causta,
1161 5148 1269 5203 vitulos
1283 5147 1429 5201 labiorum
1438 5146 1705 5216 nostrorumrrsal.
1716 5145 1753 5217 ι),
1767 5145 1866 5202 alleri-

1030 5256 1108 5305 mus,
1120 5239 1190 5293 dnm
1206 5239 1347 5308 nonjam,
1363 5237 1442 5290 sicut
1457 5235 1552 5306 prius,
1568 5235 1867 5305 nostradeploramus

1032 5329 1202 5396 commissa,
1221 5326 1275 5382 sed
1291 5326 1321 5378 in
1337 5325 1448 5379 divinis
1467 5324 1667 5394 exsultamus3
1683 5338 1742 5379 non
1755 5323 1819 5396 iam
1834 5324 1869 5377 de

1033 5418 1245 5473 commissione
1259 5414 1416 5469 criminum
1433 5413 1581 5485 geminus,
1599 5412 1654 5468 sed
1670 5408 1870 5468 decollatione

1034 5507 1176 5563 virtutum
1196 5503 1308 5578 gratias
1322 5503 1450 5575 agimus,
1467 5503 1536 5557 dum
1553 5503 1644 5557 vitem
1659 5505 1687 5557 et
1702 5516 1793 5574 opera
1809 5517 1872 5558 ora·

1035 5591 1871 5669 tionesquenostrasDcohemcceptabilaspostalamua

1037 5685 1232 5743 dumdavotlo
1242 5684 1389 5761 lacrymas
1400 5684 1505 5756 avadit,
1516 5686 1546 5740 et
1554 5683 1788 5758 patriadsnaias
1796 5683 1874 5743 dasi-
