3796 6022
125 301 185 370 219
1799 316 1860 391 220

470 306 689 372 APPENDIX
710 307 768 373 AD
791 308 982 376 HUGONIS
1005 308 1150 374 OPERA
1171 311 1435 378 boemanos.

127 506 228 563 Haber
242 507 341 578 Cynaei
354 525 360 578 ς
373 526 440 582 quac
452 526 518 565 oum
530 511 698 580 operuisset
709 527 775 566 eum
787 512 884 582 pallio,
897 512 962 566 tulit
977 492 1007 553 Α
1022 515 1118 567 autem
1133 513 1219 569 Saule
1233 516 1367 570 ascendit
1383 517 1413 570 in
1429 517 1559 586 Hebron,
1573 520 1601 572 ot
1612 522 1748 590 regnavit
1763 535 1855 589 super

128 598 253 666 clavum,
267 603 295 652 et
307 599 409 653 defixit
424 600 452 654 in
469 601 535 673 ejus
552 604 692 673 tempora,
710 607 739 656 et
755 605 888 656 mortuns
904 606 960 655 est.
1020 602 1128 656 tribum
1143 603 1228 658 duda.
1246 604 1357 659 Deinde
1378 610 1444 675 post
1464 610 1587 661 mortem
1603 608 1703 660 Abner
1718 609 1854 679 regnavit

127 687 200 743 Post
211 687 356 744 Dehoram
368 691 497 744 surrexit
512 691 642 757 cheon,
656 692 705 762 qui
721 692 857 746 liberavit
869 691 960 745 lsrael
1019 707 1110 761 super
1125 709 1241 748 omnem
1256 694 1359 749 lsrael.
1371 694 1432 748 Coi]
1444 696 1560 749 Nathan
1571 698 1599 749 ct
1614 696 1707 749 Asath
1724 697 1850 766 prophe·

127 776 164 835 de
180 794 267 832 manu
283 778 418 849 bladium,
436 783 464 833 ct
479 782 628 849 percussit
639 781 726 849 (treb,
740 786 768 835 et
782 781 851 850 Zcb,
868 784 896 835 et
906 781 961 834 Ze·
1016 782 1850 856 taverunt.PorrotempuS,quoregnavitDavidquadra·

127 865 194 931 bea,
211 871 239 921 et
253 867 399 923 Salmaua.
422 869 514 923 Porro
539 870 659 938 deinde,
681 874 795 925 mortuo
811 870 959 939 Gedeone,
1018 871 1096 941 ginta
1113 871 1182 924 anni
1198 875 1276 926 sunt.
1291 873 1360 927 Post
1373 874 1465 927 David
1476 873 1759 944 regnavitSalomou
1771 874 1849 928 tilius

127 955 300 1010 Abimclech
318 957 395 1011 filins
413 958 559 1027 lcrobaal,
576 976 662 1030 quoin
679 961 792 1029 peperit
808 960 835 1013 ei
849 975 960 1013 concu·
1017 959 1094 1029 ejus.
1112 961 1167 1013 llic
1183 961 1338 1016 aedificavit
1354 963 1494 1032 templum
1514 963 1649 1028 Domini3
1670 963 1721 1033 qui
1736 962 1848 1018 bouum

127 1043 197 1099 bina
212 1044 279 1116 ejus
295 1046 331 1100 de
347 1046 476 1116 Sichcm,
494 1049 639 1102 interfecit
651 1064 753 1102 omncs
765 1049 871 1103 fratres
888 1065 959 1103 suos
1016 1049 1134 1118 quidem
1151 1050 1274 1119 initium,
1292 1052 1345 1104 sed
1362 1052 1450 1106 tinem
1467 1051 1568 1105 habuit
1580 1069 1637 1105 non
1648 1052 1768 1119 bonnm,
1781 1053 1849 1122 quio

128 1134 314 1206 septuaginta
325 1137 417 1207 virae,
428 1139 825 1208 exceptorninimolonatha,
836 1139 886 1209 qui
896 1154 961 1193 eva·
1016 1137 1088 1192 deos
1110 1138 1200 1193 coluit
1222 1140 1345 1194 alienos,
1374 1141 1457 1194 Unde
1483 1143 1575 1195 iratus
1599 1141 1742 1196 Dominus
1763 1142 1851 1196 scidit

128 1224 176 1278 sit.
193 1223 472 1297 Constitncrnntquc
493 1228 546 1281 viri
570 1227 687 1282 Sichem
708 1228 871 1298 prinoipem
886 1228 960 1283 abi·
1014 1242 1140 1299 regnum
1156 1227 1191 1281 dc
1208 1246 1294 1282 runnu
1309 1229 1361 1282 ulii
1373 1228 1440 1299 eins
1455 1230 1598 1295 Roboam,
1612 1233 1639 1283 et
1650 1230 1766 1284 tradidit
1779 1230 1850 1284 illud

127 1312 253 1368 melech.
272 1314 342 1368 Post
361 1314 426 1369 hacc
449 1317 529 1370 misit
551 1317 630 1371 Deus
646 1318 782 1387 spiritum
796 1316 960 1388 pessimum
1015 1332 1103 1371 servo
1114 1316 1181 1388 ejus
1194 1317 1362 1372 ter-choum.
1374 1318 1447 1372 Cum
1458 1319 1536 1372 eninr
1546 1319 1709 1388 postularet
1721 1319 1847 1388 populus

127 1401 204 1457 iuter
218 1403 391 1458 abimelech
407 1409 434 1459 ct
447 1406 527 1460 viros
538 1405 666 1475 Sichem,
680 1411 707 1460 et
721 1407 785 1477 ipsc
802 1407 910 1462 multos
927 1407 960 1460 il·
1013 1408 1046 1460 ut
1060 1405 1199 1460 allevaret
1216 1406 1323 1478 juguni
1346 1409 1438 1477 patris
1462 1408 1524 1475 sui,
1547 1408 1701 1477 respondit
1720 1407 1747 1461 ei
1763 1408 1845 1462 dure.

126 1488 165 1545 lis
180 1490 337 1560 interiecit,
355 1496 383 1548 et
397 1495 513 1549 tandem
530 1495 675 1567 fragmine
692 1497 787 1562 molae,
801 1495 961 1566 quodjeeit
1014 1494 1846 1568 Constilucrnntqncdecemtrihusregemsibile-roboam

126 1580 236 1635 mulier
246 1597 337 1652 super
348 1586 433 1653 caput
445 1584 522 1655 ejuS,
534 1585 744 1639 excerebratus
756 1585 875 1639 interiit.
889 1584 961 1638 Post
1014 1583 1106 1638 lllium
1123 1584 1248 1638 Nabath.
1266 1585 1357 1640 Porro
1372 1587 1531 1640 deroboam
1546 1586 1685 1656 populum
1701 1572 1846 1638 idolorum

126 1668 205 1724 hunc
222 1672 352 1725 surrexit
368 1671 474 1740 Thala,
497 1677 525 1727 ct
540 1677 608 1744 post
623 1674 745 1728 Thalam
761 1674 832 1741 lair,
850 1676 877 1728 et
892 1677 960 1744 post
1015 1672 1095 1727 cultu
1110 1674 1328 1729 contaminavit.
1345 1674 1481 1729 Cucurrit
1501 1679 1598 1729 autem
1613 1690 1738 1745 regnum
1754 1675 1844 1727 lsrael

127 1757 312 1829 deindephte.
327 1762 458 1833 Denique
468 1765 571 1835 tcphte
582 1763 958 1819 liberavitlsraeldemnnu
1013 1777 1067 1832 pcc
1082 1779 1176 1818 annos
1198 1767 1345 1818 trecentos
1367 1768 1395 1819 et
1416 1764 1624 1835 quadraginta,
1646 1767 1674 1817 et
1688 1779 1741 1832 per
1756 1779 1844 1834 reges

126 1846 254 1902 tiliorum
265 1851 399 1906 Ammon.
413 1855 544 1924 Cumque
557 1855 609 1908 iret
620 1855 655 1907 ad
667 1854 787 1922 bellum,
799 1853 880 1907 vovit
895 1853 956 1907 Deo
1015 1851 1116 1906 decom
1126 1869 1242 1921 novem,
1253 1869 1378 1923 quorum
1388 1855 1444 1907 ista
1453 1852 1661 1907 suntnomina:
1675 1852 1843 1920 lerohoam,

126 1936 204 2006 quod
216 1938 241 1993 ei
253 1940 416 1996 immolaret
428 1944 505 2013 quod
517 1944 573 1997 sibi
590 1945 716 2014 primum
732 1944 889 2012 revertenti
904 1959 957 1997 oc·
1016 1940 1130 2008 Nadab,
1148 1942 1251 2008 Baasa,
1270 1943 1331 2010 Ele,
1349 1943 1454 2010 tamri,
1474 1942 1565 2009 striari,
1584 1941 1674 2009 Aelia,
1691 1941 1847 2005 ochozias,

128 2030 270 2097 curreret,
288 2029 314 2083 si
329 2031 481 2086 victoriam
494 2033 647 2088 obtineret.
666 2035 894 2104 lievertentique
911 2049 958 2089 oc·
1016 2030 1127 2098 torum,
1146 2031 1235 2100 Dieu,
1253 2031 1375 2100 tahath,
1392 2032 1474 2100 toas,
1492 2031 1663 2097 terohoam,
1680 2030 1848 2097 Zacharias,

128 2118 220 2172 currit
235 2118 262 2172 ei
281 2121 367 2174 unica
389 2121 448 2176 filia
471 2139 540 2191 sua,
565 2140 653 2194 quam
675 2125 845 2193 immolavit,
862 2127 891 2178 et
905 2139 960 2178 vo·
987 2191 990 2200 Ι
1017 2116 1137 2188 Sellum,
1156 2120 1315 2188 llanahen,
1333 2120 1452 2189 Paccio,
1471 2120 1578 2188 Facee,
1596 2119 1680 2173 Ozee.
1699 2118 1731 2172 ln
1746 2118 1851 2173 dicbus

127 2209 188 2262 turn
204 2208 281 2278 quod
298 2209 408 2264 iecerat
427 2211 566 2281 implevit,
588 2213 660 2268 Post
679 2214 784 2283 lophto
796 2212 890 2284 judex
906 2213 961 2266 tuit
1017 2207 1092 2264 Osee
1108 2211 1191 2281 rogis
1208 2211 1309 2278 lsrael,
1327 2213 1354 2264 ct
1370 2210 1400 2263 in
1416 2209 1522 2264 diebus
1537 2207 1672 2262 Ezechiae
1684 2208 1766 2279 regis
1778 2206 1853 2261 luda

129 2295 285 2364 Abesscn3
298 2302 325 2351 et
338 2303 405 2368 post
419 2300 497 2354 hunc
514 2301 639 2356 Ahialon
655 2301 836 2374 {Achialon],
852 2305 879 2356 et
893 2306 962 2372 post

130 2384 236 2439 Abdcn
248 2385 391 2458 [labdon]
404 2403 410 2441 :
423 2392 529 2458 etpost
540 2391 618 2445 hunc
629 2391 765 2446 Samson.
779 2391 834 2446 llic
845 2392 961 2446 leonem

130 2471 292 2543 interiecit,
309 2492 432 2531 uxorem
455 2478 490 2532 de
516 2479 675 2533 Thamnata
698 2481 824 2551 accepit,
842 2482 962 2553 segetes

131 2561 375 2619 philisthinorum
391 2566 494 2621 caudis
510 2568 763 2640 vulpiumjuuctis
780 2569 895 2625 lacibus
911 2586 963 2625 ac-

131 2651 243 2720 eensiS,
256 2654 419 2724 succendit,
433 2656 511 2711 mille
522 2657 604 2711 viros
618 2658 786 2713 mandibula
798 2658 874 2713 asini
885 2662 963 2713 stro-

130 2739 406 2798 cucurrissem
429 2761 520 2814 super
544 2750 672 2800 montem
693 2734 818 2817 portavit
834 2747 963 2801 Tandem

1018 2299 1362 2359 transtulitthnnnasar
1370 2315 1422 2352 rex
1433 2298 1624 2368 Assyriorum
1632 2297 1735 2351 decem
1744 2296 1850 2362 tribue,

1020 2389 1048 2441 et
1059 2388 1158 2457 posuit
1168 2388 1197 2440 in
1209 2388 1334 2442 urbibus
1347 2388 1514 2454 bladorum,
1527 2390 1555 2440 et
1565 2385 1727 2439 introduxit
1737 2384 1852 2440 Cnseos

1019 2475 1049 2529 in
1073 2477 1245 2531 Samariam.
1272 2477 1324 2530 lsti
1349 2480 1418 2531 sunt
1442 2474 1633 2541 Samaritani,
1660 2474 1770 2544 quibus
1795 2490 1853 2527 non

1021 2565 1214 2619 coutebantur
1223 2565 1328 2619 tridui.
1340 2566 1434 2636 igitur
1444 2569 1512 2635 post
1521 2564 1708 2618 Salomonem
1718 2563 1855 2634 regnavit

1020 2653 1051 2708 in
1066 2654 1169 2709 ludera
1186 2654 1337 2709 ltoboam:
1354 2659 1384 2709 et
1398 2659 1465 2725 post
1480 2654 1614 2708 ltoboam
1626 2652 1709 2706 dbia.
1723 2652 1778 2704 llic
1790 2669 1854 2705 am-

1020 2743 1132 2797 bulavit
1148 2743 1177 2796 in
1193 2744 1322 2813 peccatis
1337 2744 1429 2813 patris
1443 2743 1501 2797 sni.
1520 2742 1590 2796 Post
1601 2740 1706 2794 Abiam
1717 2741 1853 2811 regnavit

132 2831 230 2885 autem
246 2831 347 2886 Dalilae
363 2834 476 2888 mulieri
490 2835 567 2906 quod
584 2835 613 2888 in
629 2837 744 2907 capillis
759 2840 868 2891 tantam
881 2836 964 2891 forti·
1022 2832 1099 2898 Asa3
1113 2836 1269 2887 cornutam
1280 2833 1340 2886 Asa
1351 2835 1414 2886 erat
1425 2836 1536 2887 rectum
1546 2846 1613 2884 curn
1623 2829 1695 2897 Deo,
1707 2833 1735 2883 ct
1746 2828 1855 2884 bellurn

133 2920 263 2975 tudinem
279 2921 409 2991 haberet,
422 2926 546 2994 aperuit,
558 2926 658 2994 etipsa
670 2927 747 2981 rasis
759 2927 874 2997 capillis
885 2924 962 2997 ejus,
1022 2920 1123 2975 habuit
1139 2937 1206 2976 cum
1219 2922 1312 2974 Densa
1326 2936 1395 2991 rege
1408 2919 1511 2989 lsrael,
1524 2936 1582 2990 quo
1594 2920 1708 2972 mortuo
1721 2917 1857 2988 regnavit

133 3007 316 3065 Philisthaeis
332 3027 398 3065 eum
415 3013 541 3082 tradidit,
559 3015 609 3085 qui
625 3018 762 3071 eruentes
778 3016 881 3069 oculos
897 3013 964 3085 ejus
1023 3008 1681 3080 tosaplrat.llicfecitquodccctumluitcocam
1690 3006 1855 3073 Domiu0,et

132 3098 244 3152 molere
267 3114 334 3153 enm
357 3100 500 3156 iecerunt.
526 3103 657 3174 Cumque
680 3105 846 3159 crevissent
867 3102 964 3173 capilli
982 3131 1009 3193 0
1023 3099 1153 3168 perrexit
1168 3098 1204 3152 ad
1215 3098 1325 3153 bellum
1337 3115 1403 3152 curn
1416 3098 1514 3152 Achaz
1525 3099 1626 3151 contra
1639 3112 1741 3167 regem
1751 3094 1854 3165 Syriae.

134 3186 217 3258 ejuS,
241 3191 269 3242 et
291 3205 390 3243 coram
412 3190 573 3246 Philistaois
594 3193 729 3247 convivia
744 3192 963 3248 celebrantibus
1025 3187 1192 3241 llisdiehus
1202 3188 1388 3258 prophetavit
1397 3184 1857 3256 EliasPosttosaphatregnavit

132 3275 259 3346 luderet,
278 3280 436 3333 concussis
452 3281 597 3335 colurnnis
614 3281 734 3351 domus,
751 3298 803 3336 eos
820 3281 868 3353 qni
886 3282 915 3335 in
931 3297 965 3334 cn
1023 3277 1134 3342 doram,
1152 3277 1371 3347 ambulavitque
1387 3275 1488 3329 inviis
1504 3290 1609 3346 regum
1625 3273 1727 3327 lsrael.
1747 3273 1778 3325 ln
1794 3273 1857 3325 die-

134 3369 217 3419 erunt
232 3367 352 3436 occidit,
370 3373 398 3422 ct
418 3369 482 3438 ipse
506 3371 652 3425 occubuit.
675 3371 802 3426 Samson
818 3369 966 3425 successit
1024 3367 1081 3420 bus
1097 3366 1156 3420 iltis
1173 3366 1299 3420 recessit
1315 3365 1423 3434 Edem,
1448 3380 1485 3419 ne
1509 3366 1591 3418 esset
1613 3361 1771 3426 subinde,
1789 3365 1859 3414 tuno

136 3452 212 3522 Heli,
224 3455 280 3508 sub
292 3471 350 3525 quo
362 3456 478 3512 Samuel
490 3459 631 3528 propheta
644 3460 756 3528 claruit,
767 3476 834 3514 arca
845 3459 966 3514 foederis
1024 3456 1151 3509 recessit
1161 3459 1190 3509 et
1200 3455 1312 3522 Lobna,
1329 3458 1357 3508 ct
1371 3453 1510 3508 dormivit
1526 3452 1625 3506 loram
1641 3466 1707 3504 cum
1723 3449 1857 3520 patribus

135 3542 298 3612 capitumet
313 3543 969 3614 OphnietPhineessacerdotistiliioccidun·
1024 3544 1104 3612 suis,
1127 3547 1156 3598 ct
1178 3543 1313 3614 regnavit
1335 3543 1456 3597 azarias
1482 3541 1561 3596 tilius
1586 3539 1711 3593 Athalise
1734 3554 1788 3609 pre
1811 3554 1855 3592 co.

135 3632 192 3685 tur.
205 3630 338 3703 Denique
351 3633 426 3703 Heli,
438 3636 537 3689 audito
552 3636 630 3706 quod
644 3640 725 3707 capta
738 3640 818 3691 essct
828 3653 895 3691 arca
907 3636 967 3690 Do·
1025 3633 1185 3687 Descendit
1205 3637 1302 3687 eutem
1327 3631 1449 3686 Azarias
1474 3630 1604 3684 invisere
1629 3629 1728 3683 loram
1756 3642 1858 3698 regem

135 3720 217 3789 mini,
235 3721 340 3776 cecidit
356 3725 518 3778 retrorsum
535 3725 570 3779 de
582 3725 664 3794 sella,
682 3729 709 3779 et
724 3724 825 3780 tractis
841 3725 966 3779 cervici·
1025 3721 1130 3789 lsrael,
1146 3737 1233 3792 quem
1244 3721 1475 3775 vulneraverunt
1489 3718 1569 3790 Syri,
1587 3722 1615 3770 et
1630 3715 1737 3770 occidit
1752 3715 1857 3769 arubos

135 3808 193 3865 bus
205 3813 338 3865 mortuus
350 3814 405 3867 cst.
419 3811 454 3867 Et
462 3815 612 3883 percussit
623 3814 765 3870 Dominus
776 3814 967 3869 philisthaeos
1024 3810 1105 3865 lheu.
1124 3810 1215 3865 Porro
1227 3809 1340 3864 hthnlia
1354 3809 1406 3862 luit
1418 3807 1476 3861 filia
1488 3807 1570 3862 Anici
1581 3807 1663 3877 regis
1675 3804 1778 3874 lsrael,
1795 3803 1856 3874 qui,

137 3897 168 3952 in
184 3900 338 3956 secretiori
354 3907 435 3971 parte
451 3903 571 3971 natium,
585 3907 612 3957 ct
628 3904 826 3958 nascebantur
841 3903 870 3955 in
885 3903 968 3974 agris
1023 3899 1128 3953 videns
1144 3915 1213 3953 esse
1229 3902 1376 3953 mortuum
1391 3898 1482 3952 tilium
1498 3912 1594 3960 suurn,
1609 3892 1755 3948 interiecit
1771 3908 1856 3947 omne

138 4002 249 4058 mures,
260 4005 316 4059 qua
327 3991 414 4062 plaga
423 3992 516 4047 coacti
526 3993 703 4048 conticerent
711 4009 808 4046 arcam
820 3992 872 4047 Dei
883 4008 890 4061 3
903 3991 969 4046 lleli
1024 4004 1127 4042 semen
1136 3988 1261 4060 regium.
1272 3988 1349 4042 Tulit
1357 3991 1453 4041 autern
1466 4001 1553 4040 soror
1562 3983 1675 4039 Ararim
1684 3983 1755 4037 toas
1766 3981 1858 4035 hlium

138 4079 234 4130 autem
251 4080 399 4133 successit
414 4080 541 4136 Samuel.
1025 4077 1149 4146 herrico,
1162 4082 1190 4132 et
1206 4077 1336 4132 servavit
1350 4092 1416 4131 eum
1427 4073 1589 4143 sexennis,
1601 4071 1711 4143 quibus
1721 4070 1858 4141 regnavit

137 4163 207 4220 Car.
226 4165 277 4220 IX.
295 4166 429 4222 Historia
446 4187 462 4222 a
478 4170 568 4224 Saule
588 4188 677 4242 usquc
693 4170 731 4226 ad
746 4170 783 4224 ad
796 4168 975 4236 lr'acchirun.¹
1026 4166 1141 4221 hthalia
1156 4169 1378 4236 superterram.
1396 4167 1481 4218 Anno
1496 4178 1568 4217 vero
1581 4161 1706 4232 septimo
1718 4174 1860 4214 convoca·

174 4253 247 4310 Cum
258 4259 353 4311 autern
364 4259 515 4313 senuisset
526 4261 641 4314 Samuel
653 4261 799 4330 petierunt
810 4259 862 4314 tilii
878 4257 969 4313 lsrael
1025 4256 1067 4308 vit
1083 4256 1185 4310 toiada
1201 4252 1343 4309 sarcerdos
1360 4253 1560 4320 centuriones,
1579 4254 1607 4305 et
1621 4249 1751 4304 ostendit
1766 4247 1811 4303 eis
1827 4247 1859 4301 ti·

138 4358 251 4417 regem.
264 4344 347 4410 Quod
359 4346 483 4402 Domino
495 4349 643 4418 displicuit
654 4365 661 4417 ·,
673 4348 753 4403 dedit
763 4349 807 4403 eis
818 4350 915 4402 tamen
925 4363 970 4402 re·
1025 4345 1097 4400 lium
1112 4345 1209 4416 regis,
1235 4344 1508 4413 constitueruntque
1530 4354 1647 4409 regent„
1669 4341 1698 4392 et
1713 4337 1860 4391 Athnliaur

138 4447 207 4506 gem
218 4432 336 4489 Saulem
352 4436 444 4490 tilium
458 4436 517 4505 Cis,
536 4439 584 4508 qui
600 4438 709 4492 bonurn
726 4437 839 4492 habens
855 4436 970 4492 initium
983 4434 1248 4507 »interfecerunt
1267 4433 1297 4486 tn
1313 4432 1419 4486 diebus
1440 4430 1498 4485 illis
1518 4446 1544 4480 vi
1559 4429 1609 4480 trit
1625 4443 1679 4481 rex
1694 4425 1787 4497 Syriae
1804 4441 1859 4494 pu-

139 4521 271 4579 defendit
286 4524 388 4590 lsrucl,
405 4526 458 4580 sed
474 4527 561 4581 finem
577 4527 685 4581 malum
701 4527 812 4595 hahuit,
829 4526 896 4597 quia
909 4526 968 4579 Do-
1026 4539 1119 4595 guare
1136 4527 1237 4577 eontra
1252 4520 1433 4588 Jerusalem,
1457 4518 1593 4586 dcd²tquc
1614 4515 1640 4568 ei
1657 4515 1729 4570 toas
1744 4530 1777 4568 ca
1793 4529 1859 4585 quur

137 4615 218 4669 mino
234 4614 263 4667 in
279 4614 357 4669 bello
373 4616 452 4686 quod
469 4615 537 4670 fecit
553 4619 653 4670 contra
664 4616 784 4671 Amalec
795 4615 969 4670 inobediens

139 4701 203 4758 luit.
222 4705 408 4775 lleprobatus
425 4706 533 4777 itaque,
549 4722 564 4759 a
583 4706 688 4777 spiritu
704 4705 780 4759 malo
796 4704 968 4759 vexabatur.

141 4787 255 4847 Unctus
271 4799 317 4847 est
331 4798 428 4849 autem
440 4795 532 4849 David
544 4812 597 4865 pro
608 4812 643 4850 co
653 4795 683 4850 in
696 4810 806 4867 regem.
820 4794 891 4848 Post
906 4793 970 4847 hrcc

139 4879 246 4934 ductus
257 4885 303 4936 est
312 4883 404 4938 David
413 4884 442 4938 in
452 4884 569 4941 domum
579 4884 687 4954 SauliS,
698 4889 726 4941 et
734 4884 970 4956 quandocunque

139 4967 298 5039 arripiebat
313 4971 436 5041 spiritus
448 4974 564 5029 Domini
577 4974 670 5029 malus
682 4974 809 5041 Saulem,
826 4972 971 5043 psallebat

139 5057 231 5112 David
248 5058 358 5112 cithara
380 5064 407 5114 ct
429 5061 525 5117 levius
545 5056 680 5118 lmbehat.
700 5036 858 5134 Postquam
874 5064 969 5116 autern

138 5147 231 5205 David
242 5150 392 5218 percussit
400 5150 615 5218 Philisthacum,
626 5153 734 5206 amovit
743 5168 810 5206 eum
819 5150 912 5205 Saule
925 5143 968 5218 se,

137 5239 166 5292 et
180 5237 250 5292 fecit
265 5254 331 5292 euru
348 5239 496 5294 tribunum
518 5256 608 5310 super
624 5241 702 5294 mille
718 5242 809 5295 viros.
827 5239 969 5295 «Ionathns

137 5342 209 5382 vero
219 5326 297 5381 tilius
307 5326 415 5398 Saulis,
426 5328 526 5382 dilexit
538 5329 630 5382 David
642 5330 726 5399 quasi
738 5329 863 5383 animam
874 5344 968 5382 suain.

137 5415 269 5489 Cumque
285 5415 354 5471 Saul
375 5418 472 5489 ipsum
494 5418 586 5472 Dnvid
609 5421 782 5487 suspectum
797 5418 919 5472 haherct
934 5416 969 5470 de

137 5522 242 5581 regno,
263 5507 385 5567 tetendit
406 5509 434 5564 ei
457 5508 564 5563 multas
588 5506 714 5561 iusidias
739 5511 771 5561 nt
792 5507 971 5561 iuter-liceret

1027 4613 1194 4666 obtulerant
1209 4615 1307 4682 patres
1324 4608 1391 4679 ejus
1407 4608 1437 4661 in
1453 4607 1612 4660 thesauros
1629 4603 1754 4671 Donum,
1771 4606 1799 4656 ct
1815 4618 1859 4655 re·

1028 4701 1138 4756 cessit:
1156 4700 1282 4770 denique
1303 4697 1383 4753 servi
1405 4696 1476 4750 toas
1500 4692 1710 4749 interfecerunt
1733 4705 1814 4758 eum,
1832 4693 1861 4744 et

1026 4789 1163 4862 regnavit
1178 4788 1296 4842 Amasis
1313 4786 1391 4839 tilius
1407 4783 1474 4855 ejus
1486 4800 1539 4854 pro
1550 4798 1596 4837 eo.
1614 4782 1672 4836 lste
1688 4778 1860 4850 provocavit

1027 4895 1128 4951 negem
1140 4878 1211 4931 loas
1222 4877 1258 4928 ad
1270 4875 1389 4943 bellum,
1402 4877 1430 4928 ct
1442 4873 1516 4944 sugit
1528 4870 1675 4938 Aurasius,
1688 4872 1716 4922 et
1727 4867 1861 4923 ascendit

1026 4969 1113 5022 doras
1131 4983 1184 5021 rcx
1200 4965 1291 5019 lsrael
1308 4965 1337 5017 in
1355 4962 1532 5031 ierusalem,
1549 4963 1577 5014 et
1592 4958 1657 5012 tulit
1674 4957 1740 5010 inde
1757 4972 1861 5012 aurum

1026 5060 1054 5111 ot
1064 5072 1135 5109 vasa
1146 5071 1234 5108 aurea
1246 5071 1312 5125 quae
1325 5053 1442 5106 inventa
1455 5051 1571 5106 luerunt
1584 5049 1613 5101 iu
1629 5046 1716 5100 domo
1733 5045 1860 5100 Domini.

1026 5141 1443 5214 Pactacstautemconjuratio
1456 5143 1558 5193 contra
1569 5135 1729 5202 Amasiam,
1737 5138 1767 5188 et
1776 5134 1863 5188 inter-

1027 5235 1122 5289 lectos
1134 5236 1179 5286 est
1191 5233 1220 5286 in
1232 5230 1352 5298 lachis,
1365 5232 1393 5284 et
1402 5225 1630 5299 regnavitOnias
1641 5224 1720 5277 filins
1730 5221 1799 5294 ejus
1808 5238 1862 5292 pro

1028 5310 1863 5389 eo.Porro,instanteinsignisolcnmitate,indnitseOzias

1028 5414 1111 5467 veste
1128 5409 1314 5476 sacerdotali,
1333 5411 1360 5461 et
1374 5405 1492 5459 intravit
1507 5404 1536 5456 in
1552 5402 1692 5472 templum
1709 5399 1863 5454 oblaturus

1027 5489 1864 5568 incensum,statimqueteprapercussusesuundepost-

137 5610 215 5666 eum,
227 5596 280 5652 sed
294 5613 352 5651 non
363 5597 481 5652 tradidit
491 5612 558 5652 eum
573 5596 716 5652 Dominus
728 5596 757 5649 in
769 5612 872 5650 luanus
890 5595 968 5666 ojus.
1030 5591 1149 5645 rirodurn
1159 5591 1241 5645 extra
1254 5587 1357 5641 urbem
1373 5585 1461 5638 vitam
1477 5582 1576 5654 exegit
1591 5580 1744 5650 privatam,
1758 5577 1863 5633 Joatha

137 5684 269 5760 Denique
284 5687 378 5743 David
393 5687 470 5762 lugit
483 5687 520 5743 ud
532 5687 625 5743 Achis
637 5701 739 5759 regern
753 5684 838 5743 Geth.
855 5684 970 5740 Mortuo
1030 5680 1090 5735 silio
1102 5678 1169 5757 ejus
1180 5676 1266 5750 regni
1276 5673 1394 5749 negotiu
1406 5667 1751 5744 procuranteolvmpias
1760 5666 1865 5722 aora-
