3796 6022
68 289 118 352 121

425 287 481 351 DE
502 286 664 352 BESTIIS
686 287 739 352 ET
761 289 872 352 ALIIS
894 289 1034 356 REBUS
1057 292 1186 391 ulnus
1207 294 1400 366 TERTIUS.

1733 298 1793 365 122

67 495 90 545 ⁰²
112 489 188 543 [ΜΝ
217 493 296 544 ¹⁸0²ss
324 490 531 544 existimantur
561 495 589 545 θῑ
616 490 796 561 ludilflsslub
814 507 904 562 ΒῑΨΟΓ
918 474 947 535 Α
962 519 1020 557 non
1035 504 1109 558 visis
1126 509 1204 559 certa
1220 508 1266 560 est
1280 505 1348 559 vitae
1364 504 1541 574 desperatio.
1558 503 1693 559 Circulos
1708 519 1791 575 vero,

67 583 161 651 gustu,
180 579 257 633 odor
272 580 405 634 naribus.

112 668 187 722 (lar.
205 667 269 721 LX.
291 667 336 720 De
351 668 479 722 linarinls
494 668 638 722 naernbris
652 685 686 723 ec
700 669 847 739 partibus.

96 755 197 809 Prima
212 772 283 825 pars
298 756 433 825 corporis
450 761 536 825 caput
551 760 606 823 est,
624 757 781 828 datumque
798 762 844 811 est
859 756 901 810 illi

66 846 115 899 hoc
130 860 255 909 nomen,
272 860 307 897 eo
323 845 403 914 quod
422 860 531 899 sensus
554 861 657 899 omnes
674 851 702 900 et
727 846 809 900 nervi
835 846 903 900 inde

66 936 176 989 initium
198 935 324 1004 capiant,
342 934 419 988 uncle
438 935 533 1004 ipsius
557 935 663 990 animm
689 954 755 1007 quae
776 936 904 991 consulit

65 1024 192 1092 corpori,
209 1023 428 1093 quodammodo
445 1039 603 1092 personam
619 1025 705 1095 gerit.

97 1111 211 1165 t'ertex
229 1116 275 1165 est
290 1127 428 1180 suprema
449 1128 517 1180 pars
540 1113 655 1181 capitis,
672 1130 729 1183 qua
745 1114 840 1183 capilli
858 1130 903 1168 re·

64 1203 228 1266 vertuntm·,
239 1200 268 1253 id
284 1203 330 1253 est
345 1201 485 1253 deorsum
501 1201 676 1270 dependent,
689 1206 720 1254 ut
735 1218 791 1256 nos
805 1219 821 1255 a
837 1219 902 1256 ver·

64 1289 113 1341 tice
129 1289 246 1342 montis
262 1288 483 1342 descendimus.

94 1376 234 1430 Calcaria
249 1377 286 1430 ab
302 1376 424 1430 ossibus
435 1377 528 1431 calvis
544 1378 620 1431 dicta
631 1393 685 1448 per
695 1379 901 1444 delectionem,

64 1471 87 1519 et
102 1466 280 1519 neutraliter
293 1466 508 1536 pronuntiatur.

94 1555 275 1624 occipitium
301 1554 406 1624 capitis
431 1571 500 1625 pars
517 1556 675 1624 posterior,
693 1556 778 1626 quasi
801 1559 903 1610 contra

65 1643 213 1712 capitium,
231 1625 278 1696 v'el
293 1644 373 1714 quod
388 1644 426 1696 sit
443 1645 547 1714 capitis
562 1648 735 1698 retrorsum.

961 610 1018 664 quo
1034 594 1109 648 albae
1126 597 1223 662 partes
1236 594 1339 648 oculia
1355 592 1464 662 pupilla
1479 597 1654 663 separantur
1664 593 1793 649 discreta

960 683 1129 753 nigredine,
1148 698 1255 737 corona
1271 683 1391 748 dicitur,
1409 699 1444 736 eo
1460 684 1536 753 quod
1553 683 1728 738 rotunditate
1744 682 1792 739 sui

959 777 1042 826 ornet
1058 772 1199 825 ambitum
1221 772 1348 840 pupillae.
1371 772 1505 825 Ver-tices
1529 772 1613 841 ipsos
1639 773 1792 828 oculomm

958 863 1077 932 quidam
1100 862 1202 914 valvas
1218 861 1362 930 appelant,
1381 878 1396 914 a
1421 861 1611 915 similitudine
1627 862 1790 917 valvarum.

958 952 1110 1020 Palpebrae
1120 953 1188 1004 strat
1200 950 1285 1003 sinus
1297 950 1483 1018 oculorum,a
1494 950 1682 1021 palpitatione
1693 949 1790 1019 (lictae,

957 1041 1026 1111 quia
1046 1056 1164 1110 semper
1180 1043 1344 1106 moventur,
1358 1043 1386 1092 et
1403 1043 1581 1093 concurrunt
1604 1039 1742 1106 invicem,
1759 1040 1792 1093 ut

957 1130 1080 1183 assiduo
1091 1133 1168 1183 motu
1180 1129 1313 1183 reficiant
1324 1129 1469 1181 intuitum.
1478 1127 1598 1181 Munitae
1613 1131 1682 1181 sunt
1692 1128 1790 1181 autem

956 1219 1034 1272 vallo
1051 1218 1274 1287 capillorum,ut
1288 1221 1316 1271 ot
1339 1217 1450 1286 apertis
1471 1216 1565 1269 octrlis
1585 1217 1611 1269 si
1627 1214 1698 1285 quid
1712 1214 1788 1268 inci-

957 1308 1042 1371 derit,
1060 1307 1230 1376 repellatur,
1248 1309 1276 1360 et
1291 1322 1395 1360 somno
1412 1305 1638 1359 conniventibus
1652 1307 1791 1373 tanquam

957 1396 1079 1450 involuti
1089 1396 1243 1466 quiescant
1258 1395 1393 1449 latentes.
1405 1395 1437 1448 ln
1447 1394 1614 1447 summitate
1625 1390 1791 1460 autempal·

956 1485 1124 1554 palmarum,
1141 1484 1216 1537 locis
1232 1484 1341 1553 quihus
1357 1499 1390 1537 so
1404 1487 1536 1552 utraeque
1553 1481 1662 1534 clausae
1678 1478 1792 1533 contin·

957 1575 1039 1643 gunt,
1056 1573 1184 1627 existant
1205 1573 1302 1626 adnati
1326 1572 1428 1625 ordine
1453 1574 1571 1625 servato
1593 1569 1654 1638 pili,
1670 1566 1791 1621 tutelam

958 1662 1053 1715 ocrrlis
1071 1662 1283 1726 ministrantes,
1294 1676 1330 1713 ne
1342 1660 1489 1713 irruentes
1504 1657 1590 1711 facile
1603 1656 1727 1727 injurias
1744 1671 1792 1709 ac·

95 1731 202 1801 Cli)illi
220 1732 306 1802 quassl
323 1732 428 1802 capitis
444 1733 516 1802 Pfflb
532 1732 601 1830 fflssli
623 1737 655 1787 Ul
669 1733 807 1830 dflssOJ'fflss
823 1750 900 1802 ΡΜ·
919 1781 944 1841 Β
960 1751 1077 1819 cipiant,
1095 1754 1122 1804 et
1138 1766 1174 1803 ex
1191 1766 1225 1803 eo
1241 1754 1411 1816 noceantur,
1430 1751 1461 1801 ut
1475 1747 1607 1816 pulveris
1622 1745 1669 1800 vel
1686 1743 1791 1816 cujus·

67 1823 148 1886 Slflsslt
166 1823 198 1873 θῑ
222 1820 379 1874 cerebrum
395 1820 541 1874 ldl'sslffllss
556 1820 653 1891 filitllss
669 1825 799 1874 mllssllssl
814 1824 900 1890 ‘¹quss
960 1855 1075 1909 cunque
1101 1839 1260 1893 crassioris
1278 1839 1407 1892 materiae
1429 1839 1548 1890 arceant
1568 1837 1744 1900 contactum,
1760 1835 1793 1888 ut

65 1924 79 1959 ³
100 1908 165 1962 ⁸⁰¹⁰
183 1907 353 1962 defendam·
371 1908 424 1961 Pili
450 1912 547 1963 llllfflss
569 1910 670 1963 (ΜΒ
690 1909 775 1978 Pelle,
792 1911 827 1963 ἅθ’
843 1926 901 1980 (111³
958 1927 1055 1997 ipsum
1067 1944 1183 1999 quoque
1199 1943 1296 1981 aerem
1308 1927 1455 1980 turbatum
1470 1940 1503 1978 se
1515 1923 1676 1978 claudendo
1688 1922 1792 1977 exclu-

65 1997 235 2066 lll0⁰⁰dl¹¹¹lt
253 1998 330 2052 ⁸³⁰1st
354 2001 382 2050 ‘³²
405 1997 494 2066 Pilum
516 2014 532 2050 [ἰ
558 1998 615 2068 pila
633 1998 748 2065 dl⁰i¹⁰¹3
766 1999 817 2052 Ubi
833 2000 900 2069 lig·
958 2019 1036 2085 dant,
1054 2021 1082 2071 et
1104 2018 1149 2070 sic
1164 2020 1281 2070 tenuem
1298 2018 1385 2085 atque
1400 2028 1539 2066 serenum
1555 2012 1663 2065 saciant
1680 2010 1789 2064 visum.

66 2088 190 2139 mentum
206 2086 406 2139 contunditur.

93 2174 270 2227 tlcesariesa
283 2174 414 2228 cedendo
430 2180 544 2244 vocata,
557 2175 682 2246 ideoque
699 2178 809 2228 tantum
819 2176 900 2230 viro-

65 2278 122 2315 mm
137 2266 196 2316 est.
216 2262 320 2317 Virum
335 2264 413 2318 enim
429 2266 548 2318 tonsum
564 2280 632 2319 esse
648 2264 742 2318 decet.

93 2350 193 2404 Comae
217 2355 288 2405 sunt
309 2353 427 2422 proprie
444 2353 530 2407 incisi
548 2352 659 2423 capilli,
677 2356 704 2406 et
725 2356 770 2406 est
785 2354 899 2407 Greeus

65 2454 166 2507 sermo,
186 2457 255 2494 nam
269 2457 370 2494 comas
392 2442 497 2508 ttraeci,
509 2443 584 2512 κόμας
603 2458 619 2494 a
636 2441 764 2495 secando
780 2445 897 2510 vocant,

65 2529 132 2582 unde
149 2532 179 2583 et
192 2530 421 2600 ntpccrtonclere.
439 2530 508 2584 lade
525 2533 554 2583 et
569 2530 638 2584 cirri
653 2534 806 2599 vocantur,
819 2531 898 2601 quod

66 2618 145 2671 ctiam
162 2619 243 2672 idem
257 2620 354 2674 Graeci
368 2620 523 2673 multonem
541 2623 656 2673 vocant.

94 2707 329 2778 tlrinesproprie
342 2709 497 2762 mulierum
507 2714 585 2762 sunt.
595 2708 774 2762 Dictiautem
788 2708 897 2774 crines,

66 2809 94 2846 eo
118 2796 198 2865 quod
219 2795 429 2851 discernantur
448 2797 549 2865 vittis,
576 2797 652 2851 unde
676 2800 704 2850 et
728 2796 899 2850 discrimina

66 2881 197 2938 dicuntur
212 2901 229 2938 a
245 2886 354 2956 quibus
370 2886 459 2939 divisi
473 2886 647 2957 religantur.

94 2971 241 3042 Tempora
269 2979 357 3044 sunt,
375 2991 441 3046 quan
470 2975 607 3029 calvariae
637 2974 740 3028 dextra
764 2973 897 3044 laevaque

958 2099 1789 2175 lacrymasalacerationementisquidamputantdictas,

956 2195 1003 2248 alii
1029 2195 1175 2263 lacrymas
1199 2192 1255 2246 dici
1284 2191 1467 2255 existimant,
1495 2189 1559 2243 ideo
1589 2187 1668 2259 quod
1692 2186 1788 2241 Graeci

955 2277 1048 2352 δάκρυα
1069 2285 1185 2335 vocant.
1209 2280 1280 2334 Gilia
1306 2281 1375 2332 scant
1397 2278 1536 2349 tegmina,
1554 2276 1662 2347 quibus
1683 2288 1789 2344 coope-

957 2372 1073 2424 riuntur
1086 2369 1172 2437 oculi,
1182 2372 1209 2423 et
1220 2370 1295 2422 dicta
1312 2368 1378 2421 cilia
1389 2367 1469 2437 quod
1479 2366 1574 2419 celent
1589 2363 1702 2432 oculos,
1712 2377 1789 2433 quos

957 2463 1060 2530 tegunt
1075 2463 1133 2513 tnta
1150 2459 1292 2513 custodia.
1311 2455 1473 2526 Superca'lia
1488 2454 1564 2507 dicta
1580 2451 1659 2523 quod
1683 2465 1790 2520 supcr-

956 2549 1052 2618 posita
1078 2548 1136 2602 sint
1161 2548 1248 2615 ciliis,
1266 2563 1331 2617 quae
1354 2546 1420 2600 ideo
1441 2543 1546 2598 vestita
1571 2542 1641 2595 eunt
1663 2539 1742 2610 pilis,
1759 2540 1791 2592 ut

957 2638 1051 2692 oculis
1068 2637 1279 2690 munimentum
1291 2635 1395 2688 lortius
1406 2649 1493 2704 quam
1504 2630 1653 2701 palpebrae
1666 2629 1791 2698 praeten-

957 2728 1076 2795 dant,et
1100 2729 1130 2780 ut
1152 2727 1291 2779 sudorem
1316 2741 1332 2777 a
1357 2723 1451 2792 capite
1475 2722 1612 2774 fluentem
1633 2717 1787 2787 repellant.

957 2816 1137 2870 lntorcilinm
1153 2831 1224 2868 vero
1240 2816 1286 2868 cst
1304 2812 1431 2866 medium
1448 2809 1528 2876 illud,
1545 2808 1623 2879 quod
1639 2806 1704 2861 sine
1719 2803 1788 2875 pilis

957 2909 1002 2959 est
1017 2906 1093 2959 inter
1109 2903 1267 2973 supercilia
1282 2906 1309 2956 et
1325 2900 1493 2970 palpebras.

991 2995 1081 3049 tlenoe
1091 2997 1159 3046 sunt
1169 2992 1326 3046 interiores
1342 2991 1440 3058 parles
1450 2986 1601 3042 oculorum
1611 2983 1789 3039 undabarba

66 3060 228 3130 subjacent,
242 3079 308 3134 quae
323 3063 389 3118 ideo
405 3064 449 3117 sic
464 3066 681 3133 nuncupantur,
695 3063 763 3133 quia
778 3080 897 3118 moven-
916 3084 1084 3153 cinehoag
1102 3098 1169 3134 nam
1187 3081 1289 3134 Gfflwe
1315 3093 1408 3148 genos
1435 3075 1536 3141 barba,
1553 3074 1621 3127 inde
1639 3076 1668 3128 οι
1690 3087 1788 3145 gom,

65 3153 105 3201 tur
119 3149 246 3222 ipsaque
262 3151 422 3207 mobilitate
437 3152 522 3224 quasi
537 3155 669 3223 tempora
685 3155 841 3206 mutantur.

94 3237 198 3293 Facies
219 3240 297 3294 dicta
312 3241 349 3294 ab
365 3241 476 3312 alligie,
494 3241 536 3294 ibi
558 3240 636 3294 enirn
661 3243 706 3295 est
727 3245 785 3295 tota
801 3241 897 3311 ssgura

65 3325 188 3381 bominis
199 3331 229 3381 et
243 3328 481 3400 uniuscujusque
493 3344 630 3399 personae
643 3329 782 3400 cognitio.
792 3328 897 3382 Vultus

64 3432 129 3470 vero
141 3417 242 3471 dictus
258 3433 294 3471 eo
305 3418 384 3489 quod
399 3433 452 3487 per
461 3434 527 3471 eum
543 3418 681 3472 voluntas
697 3417 785 3471 animi
797 3421 897 3471 osten·

63 3503 143 3574 ditur,
161 3506 329 3560 secundum
348 3505 425 3560 enim
441 3506 622 3560 voluntatem
637 3507 667 3559 in
683 3506 782 3559 varios
799 3509 896 3559 motus

64 3597 204 3660 mutatur,
235 3594 313 3648 unde
327 3592 366 3663 fet
391 3592 528 3649 differunt
551 3595 628 3648 inter
650 3609 693 3661 se,
712 3610 778 3647 nam
803 3593 896 3647 facies

63 3681 234 3751 simpliciter
260 3681 404 3752 accipitur
436 3681 472 3736 cle
500 3681 740 3753 uniuscujusque
771 3682 896 3736 naturali

62 3774 190 3839 aspectu,
207 3770 308 3824 vultus
331 3773 427 3824 autem
442 3771 607 3826 animorum
625 3772 782 3842 qualitates
799 3771 896 3841 signi-

62 3860 133 3912 licat.

91 3946 189 4002 Frons
210 3947 248 4000 ab
273 3947 427 4002 oculorum
451 3947 656 4016 foraminibus,
673 3950 719 4003 vel
742 3966 758 4002 a
781 3965 842 4019 pree
863 3963 897 4002 se

59 4034 178 4090 terendo
205 4036 353 4091 nominata
379 4039 435 4090 est.
453 4036 525 4091 llaec
546 4037 624 4091 enim
642 4038 740 4108 imago
760 4037 897 4107 quaedam

57 4125 141 4178 animi
156 4141 278 4196 quoque
294 4129 405 4180 motum
420 4125 521 4196 specie
536 4142 591 4180 sua
607 4126 754 4196 exprimit,
767 4127 837 4180 dum
849 4125 896 4180 vel

55 4211 115 4266 lota
130 4214 180 4268 vel
197 4213 292 4269 tristis
308 4218 365 4270 est.

86 4301 895 4375 Oculivocatisivequodeosciliorumtegminaoceul·

55 4392 109 4446 tant
122 4407 160 4447 ne
176 4408 236 4463 qua
252 4392 412 4447 incidentis
426 4391 544 4466 injuriae
562 4393 725 4450 offensione
737 4393 891 4465 laedantur,
910 4410 939 4475 D

55 4481 95 4535 rel
109 4482 181 4552 quia
203 4481 353 4536 occultum
374 4482 472 4536 lumen
491 4482 614 4549 babent,
632 4483 660 4536 id
682 4487 728 4537 est
744 4486 892 4536 secretum

55 4569 96 4623 vel
112 4571 194 4624 intus
204 4570 352 4639 positum3
365 4571 395 4624 hi
405 4571 480 4625 inter
491 4587 594 4626 omnes
606 4587 717 4625 sensus
728 4572 890 4626 viciniores

54 4659 155 4713 animae
171 4659 316 4714 existunt.
339 4659 370 4713 ln
392 4660 487 4713 oculis
511 4675 596 4714 omne
618 4662 727 4714 mentis
747 4660 889 4714 indicium

54 4751 104 4813 est,
118 4747 198 4801 unde
210 4750 240 4800 et
249 4748 339 4801 animi
356 4749 535 4817 perturbatio
549 4748 595 4802 vel
607 4748 740 4802 hilaritas
752 4749 780 4800 in
792 4731 889 4801 oculis

54 4841 182 4906 apparet.
204 4836 289 4891 Oculi
305 4840 334 4890 et
349 4836 458 4890 lumina
476 4837 553 4890 idem
569 4841 648 4889 sunt.
667 4835 701 4889 Et
716 4836 786 4888 dicti
802 4836 888 4889 lumi-

54 4940 95 4989 na,
112 4925 194 4995 quod
210 4942 248 4979 ex
261 4926 306 4980 eis
318 4925 415 4978 lumen
426 4928 533 4991 manat,
546 4925 592 4978 vel
605 4925 682 4994 quod
699 4923 735 4977 ab
746 4924 828 4978 initio
841 4927 887 4979 sui

55 5013 182 5068 clausam
207 5018 326 5068 teneant
349 5013 460 5080 lucem,
485 5016 535 5067 aut
557 5013 744 5067 extrinsecus
767 5009 887 5082 accepta

54 5103 127 5158 risui
148 5103 341 5174 proponenda
364 5102 530 5156 refundunt.
552 5101 665 5171 Pupilla
687 5106 732 5156 est
752 5105 888 5155 centrum

55 5192 140 5260 oculi,
163 5193 194 5246 in
215 5207 274 5262 quo
297 5191 344 5243 vis
370 5194 415 5244 est
440 5191 565 5258 viclenti,
590 5191 641 5245 ubi
655 5192 723 5261 quin
739 5190 885 5262 imagines

55 5294 146 5347 parvae
161 5280 310 5346 vorentur,
333 5282 488 5348 propterea
513 5278 631 5348 pupillae
652 5280 799 5346 dicuntur,
816 5295 884 5333 nam

55 5368 159 5432 parvuli
172 5367 277 5437 pupilli
288 5367 435 5421 dic-untur.
451 5366 533 5420 Hanc
544 5367 675 5437 plerique
685 5367 824 5437 pupillam
837 5385 885 5422 ro-

55 5460 121 5522 cant,
138 5471 174 5510 eo
191 5454 271 5526 quod
286 5455 325 5508 sit
340 5471 413 5525 pura
429 5459 457 5509 et
468 5455 618 5525 impolluta
634 5459 665 5509 ut
680 5461 749 5509 sunt
764 5456 882 5525 puellae.

56 5539 164 5612 Physici
181 5543 285 5597 dieunt
304 5544 425 5598 easdem
445 5544 587 5614 pupillas,
610 5561 685 5616 quas
701 5546 837 5600 videmus
852 5545 881 5598 iu

957 3173 1035 3243 quod
1051 3172 1118 3225 inde
1135 3169 1273 3239 incipiant
1288 3166 1389 3220 barbae
1405 3164 1498 3236 gigni.

992 3260 1077 3314 Malae
1092 3262 1161 3312 sunt
1175 3259 1339 3311 eminentes
1359 3254 1415 3308 sub
1435 3251 1531 3308 oculis
1545 3252 1645 3321 partes
1661 3250 1697 3304 ad
1715 3263 1787 3318 pro-

956 3350 1113 3403 tectionem
1133 3363 1234 3402 eorum
1256 3344 1427 3415 suppositae.
1448 3341 1568 3395 Vocatce
1583 3342 1680 3395 autem
1702 3337 1788 3392 malae

956 3439 1030 3507 sive,
1043 3437 1121 3508 quod
1136 3436 1210 3490 intra
1227 3434 1368 3490 oculosin
1385 3431 1592 3487 rotunditatem
1604 3427 1789 3499 promineant

955 3528 984 3581 in
996 3527 1115 3581 modum
1131 3526 1283 3590 malorum,
1292 3540 1358 3594 quae
1370 3520 1464 3575 Graeci
1477 3520 1551 3573 mela
1566 3518 1710 3588 appelant,
1723 3517 1788 3571 sivo

957 3617 1035 3687 qraocl
1052 3615 1111 3670 sint
1127 3632 1216 3686 supra
1232 3613 1378 3667 maxillas.

991 3701 1119 3759 Maxilla
1131 3721 1184 3774 per
1193 3702 1414 3756 diminutionem
1425 3699 1562 3753 dicuntur
1575 3712 1591 3748 a
1606 3694 1701 3762 malis,
1711 3694 1789 3748 sicut

954 3795 1083 3864 paxillus
1100 3811 1115 3846 a
1130 3793 1205 3861 prato,
1216 3789 1334 3843 taxillus
1350 3805 1365 3840 a
1382 3789 1449 3841 talo.

991 3881 1168 3936 blandibubu
1198 3881 1267 3931 sunt
1291 3876 1477 3929 maxillarum
1499 3876 1599 3943 partes
1622 3870 1731 3942 quibus
1759 3872 1789 3925 et

955 3986 1060 4026 nomen
1076 3970 1194 4022 taetram.

990 4058 1115 4112 Barbam
1140 4059 1257 4110 veteres
1282 4055 1472 4121 rocaverunt,
1491 4051 1569 4122 quod
1591 4049 1723 4104 virorum
1737 4046 1786 4115 eit,

954 4163 1012 4203 non
1027 4147 1192 4200 mulierum.
1205 4144 1336 4198 Auribus
1353 4158 1459 4196 nomen
1475 4140 1599 4194 inditum
1614 4140 1660 4192 est
1674 4153 1691 4191 a
1705 4135 1787 4191 voci-

953 4237 1009 4290 bus
1025 4235 1197 4289 hauriendis
1216 4250 1221 4288 :
1241 4233 1325 4287 Unde
1342 4235 1370 4286 et
1386 4230 1529 4300 Virgilius
1546 4244 1553 4297 ς

1127 4359 1287 4430 Vocencque
1306 4357 1354 4411 Itis
1375 4354 1497 4409 auribus
1513 4351 1618 4406 transi:

1148 4466 1277 4535 (l'msru.
1294 4462 1420 4518 AEneid.
1440 4460 1496 4515 lib.
1513 4477 1551 4528 rv,
1565 4474 1645 4513 vers.
1657 4455 1733 4527 359.)

952 4577 1001 4629 aut
1023 4574 1091 4646 quia
1111 4573 1206 4629 Graeci
1231 4587 1335 4627 vocem
1358 4570 1452 4640 ipsam
1472 4566 1544 4633 obla
1564 4565 1658 4619 auden
1679 4566 1787 4619 vocant

952 4664 988 4717 ab
1013 4663 1122 4718 auditu.
1148 4663 1206 4716 Per
1220 4659 1451 4714 immutationem
1474 4656 1552 4710 enim
1571 4654 1675 4708 litlerae
1695 4667 1785 4708 aures

951 4752 1035 4822 qrrasi
1051 4752 1143 4806 audes
1159 4751 1334 4819 nuncupatae
1350 4745 1502 4800 sunt.an
1517 4743 1594 4797 enim
1605 4756 1785 4812 repercussa

950 4857 1002 4909 per
1026 4839 1177 4893 anfractus
1206 4839 1320 4891 aurium
1349 4850 1456 4888 sonum
1477 4832 1563 4901 lacit,
1580 4847 1638 4902 quo
1661 4845 1785 4886 sensum

949 4929 1097 4998 excipiant
1117 4925 1265 4980 audiendi.

985 5016 1108 5070 l‘innuta
1132 5030 1246 5068 summa
1268 5029 1338 5082 pars
1364 5012 1456 5080 auris,
1478 5011 1514 5064 ab
1539 5009 1674 5064 acumine
1696 5008 1783 5064 diota.

950 5105 1065 5158 Pinnon
1094 5103 1171 5157 enim
1194 5102 1305 5173 antiqui
1330 5103 1447 5154 acutum
1471 5099 1618 5153 dicebant.
1644 5097 1728 5152 Unde
1756 5098 1785 5151 el

948 5193 1088 5262 bipennis
1105 5194 1133 5246 et
1147 5192 1245 5261 pinna.

984 5282 1080 5334 Nares
1097 5280 1207 5334 idcirco
1224 5279 1420 5344 nominantur,
1433 5276 1502 5348 quia
1517 5290 1571 5346 per
1585 5289 1636 5329 eas
1651 5272 1698 5328 vel
1713 5273 1786 5328 oder

946 5371 993 5424 rel
1007 5369 1129 5439 spiritus
1141 5385 1259 5423 rnannre
1272 5384 1329 5422 non
1340 5366 1460 5434 desinit,
1471 5365 1534 5419 sive
1546 5362 1614 5434 quia
1626 5362 1716 5416 odore
1728 5376 1784 5415 nos

946 5460 1114 5525 admonent,
1122 5461 1153 5511 ut
1163 5458 1250 5528 gnari
1259 5458 1354 5510 simus
1366 5472 1400 5508 ac
1412 5455 1542 5508 sciamus
1552 5467 1559 5519 3
1569 5449 1784 5504 undeeeontra·

948 5548 992 5600 rio
1009 5547 1177 5600 nescientes
1193 5550 1222 5600 et
1245 5545 1334 5599 rudes
1350 5542 1445 5614 ignari
1463 5541 1609 5595 dicuntur.
1631 5535 1778 5590 Olfecisse

55 5631 149 5703 oculis,
161 5633 325 5687 morituros
341 5635 407 5688 ante
423 5632 554 5688 triduum
566 5647 625 5688 non
641 5633 761 5702 habere,
774 5634 882 5705 quibus
943 5636 1021 5691 enim
1034 5639 1151 5690 veteres
1163 5635 1262 5690 scisse
1277 5632 1424 5688 dicebant.
1443 5627 1620 5683 Terentius:
1640 5645 1652 5672 «
1667 5624 1708 5677 ne
1723 5637 1783 5682 nou
