3796 6022
56 220 116 289 ae

613 221 615 224 ⁴
687 216 998 285 Misenensem.
1022 223 1102 286 ΗΒ.
1127 223 1152 284 I.

1721 228 1781 293 486

56 427 151 499 gnitio
167 424 299 478 veritatis
315 423 474 494 quaerenda
494 427 554 492 cst,
578 426 627 477 ant
649 422 742 476 torma
759 422 887 477 virtutis.
905 407 933 467 Α
948 421 1102 476 suihciens
1122 438 1191 476 esse
1213 423 1417 494 agnoscimus.
1437 424 1486 479 Sic
1509 425 1634 481 solvitur
1651 427 1730 497 quod
1743 443 1781 482 ex

56 515 156 569 Primo
172 513 269 567 studio
286 512 409 566 historia
428 516 455 566 et
477 512 619 582 allegoria
642 511 825 581 proponitur,
843 525 890 564 se·

55 604 153 658 sumlo
170 601 332 672 tropologia
348 605 376 654 et
391 601 420 654 in
437 600 500 670 ipsa
514 600 678 670 tropologia
690 600 799 670 duplex
810 599 892 653 simi-

55 693 123 747 liter
137 692 224 745 lertio
236 694 282 744 cst
295 706 300 743 :
320 690 424 751 l‘rima,
440 706 506 760 qnae
517 689 602 758 plana
615 689 781 742 narratione
794 703 892 741 mores

56 781 192 845 instruit3
214 778 359 845 secunda,
381 794 448 847 qaae
468 777 672 831 exhortatione
687 777 847 831 atlhetuosa
863 777 892 830 in

55 871 155 923 animo
169 867 336 921 auditorum
351 865 498 920 desideria
515 865 633 919 virtutis
650 864 793 919 accondit.

55 959 117 1011 Τιτ.
132 956 200 1009 xlv
214 955 296 1020 Quod
306 955 386 1008 Deus
397 972 460 1007 arum
473 954 589 1007 homino
600 955 641 1006 sit
652 960 776 1025 quatuor
786 953 890 1026 modis.

90 1046 222 1109 Quatuor
237 1043 332 1098 modis
347 1043 503 1097 nobiscum
520 1046 565 1097 est
582 1043 671 1110 lions,
688 1058 741 1112 pcr
756 1057 892 1111 proesen-

55 1134 124 1189 tiam
141 1133 320 1203 majestatie,
345 1147 397 1201 per
411 1131 663 1203 participationem
687 1131 890 1199 humanitatis,

56 1238 109 1293 per
122 1221 273 1275 vinculum
290 1218 451 1289 charitatis,
468 1235 521 1289 per
537 1219 731 1289 patrocinium
746 1219 890 1273 veritatis.

56 1312 87 1365 ln
96 1299 355 1382 primocognosoit
364 1308 438 1362 mala
448 1311 558 1362 nostra.
570 1308 599 1361 ln
609 1307 741 1362 secundo
750 1311 890 1376 expertus

948 509 1110 581 Evangelio
1124 526 1290 581 proponere
1304 513 1410 581 solent,
1428 530 1483 568 cur
1493 514 1572 569 Deus
1583 516 1613 569 in
1628 530 1717 570 carne
1731 531 1783 570 ve·

947 599 1034 651 niens
1050 597 1107 651 illis
1123 601 1245 652 rcrhum
1262 601 1434 670 praedicavit
1447 619 1523 672 quos
1542 604 1639 672 ipsum
1656 603 1781 658 verbum

947 703 1005 740 non
1022 690 1193 756 recepturos
1209 704 1278 742 esse
1299 692 1459 761 praescivit,
1477 695 1503 744 ct
1522 692 1700 761 quibusdam
1715 693 1782 747 aliis

948 775 1167 857 praedicationis
1183 777 1306 831 vcrbum
1322 795 1380 833 non
1395 780 1546 849 impendit,
1563 797 1639 852 quos
1654 781 1783 838 creditu·

948 880 998 918 ros
1021 865 1048 917 si
1068 865 1221 919 docentem
1241 867 1408 936 audissent,
1434 870 1563 940 agnovit.
1583 868 1782 933 Quorumdam

948 954 1025 1007 enim
1042 953 1177 1007 duritiam
1188 954 1356 1026 increpans,
1373 956 1483 1026 quihus
1498 957 1607 1010 veritas
1623 957 1781 1026 proedicata

949 1041 1054 1105 luerat,
1067 1041 1111 1095 sic
1122 1043 1171 1096 ait:
1186 1042 1297 1096 tectim
1309 1045 1472 1113 Cororainr,
1486 1062 1528 1099 rra
1539 1045 1595 1098 tihi
1606 1046 1779 1115 lwtlrsaida,

949 1147 991 1183 ru·
1003 1130 1060 1183 tibi
1071 1131 1275 1201 capharnaum
1284 1133 1295 1184 .'
1305 1133 1371 1203 qnia
1383 1133 1410 1185 si
1420 1133 1450 1185 in
1464 1133 1541 1205 't'pro
1553 1141 1581 1186 rt
1593 1135 1705 1188 Sidone
1717 1134 1780 1189 traco
1873 1153 1880 1167 ⁰

946 1217 1023 1272 tincta
1040 1217 1177 1281 inissent,
1189 1220 1253 1289 jam
1264 1221 1331 1273 olim
1344 1221 1374 1274 in
1386 1222 1489 1275 cincre
1498 1227 1527 1275 ot
1536 1223 1782 1293 cilirropwniten·

947 1307 1779 1382 tianrcgissent(idlrl.).llocergomirumvidetnr,quare
1829 1306 1833 1316 '

55 1405 116 1468 est,
138 1400 168 1453 in
185 1399 272 1452 lertio
297 1398 480 1467 compatitur,
504 1397 534 1451 in
557 1399 662 1467 quarto
686 1396 783 1450 autor-t
803 1399 831 1450 ct
845 1400 891 1449 est
943 1395 1776 1466 lesus,quiintnrorumomuiumscientiamhahuitiuCa·

55 1488 240 1556 Emrnanuot,
257 1487 286 1541 id
302 1489 348 1541 est
362 1486 519 1539 nobiscnm
538 1485 628 1540 Deus.
652 1485 722 1539 ltem
744 1501 812 1539 cnm
826 1484 890 1555 qui·
939 1485 1334 1555 pharnnumpraadicavit,cn
1346 1488 1489 1541 nillorun
1509 1488 1648 1543 duritiam
1669 1492 1777 1543 tantam

55 1577 182 1632 busdam
198 1579 243 1629 est
258 1575 337 1629 Deus
349 1573 543 1644 perseverem
555 1574 668 1644 gratiae,
681 1574 730 1644 qui
746 1589 812 1627 cum
828 1574 888 1627 heo
946 1588 1016 1627 esse
1024 1574 1188 1643 praesciret,
1199 1578 1230 1628 ut
1240 1575 1488 1629 veritatemctiam
1498 1575 1625 1629 oblatam
1638 1592 1695 1630 non
1707 1576 1782 1631 reci·

55 1681 114 1720 non
129 1667 199 1719 sunt
214 1680 266 1734 per
287 1664 421 1717 meritum
443 1662 889 1733 ritae.Cumquihusdan1est
947 1666 1059 1733 pereat.
1071 1662 1205 1733 Elquere
1217 1663 1285 1717 item
1297 1663 1411 1734 inTyro
1423 1664 1570 1718 ctSidona
1581 1664 1629 1718 illa
1642 1668 1781 1736 operatus
1833 1708 1836 1713 .

55 1755 136 1810 Deus
148 1765 201 1824 per
215 1754 345 1808 savorem
356 1753 471 1824 gratiae,
483 1756 511 1805 et
522 1752 578 1821 ipsi
595 1767 662 1806 cum
678 1752 737 1806 Deo
754 1755 823 1806 sunt
837 1766 890 1821 per
908 1731 933 1792 Β
948 1767 1006 1806 non
1022 1753 1078 1820 est,
1095 1767 1161 1822 quac
1178 1755 1316 1821 operatus
1328 1756 1373 1806 est
1389 1753 1418 1805 in
1432 1752 1636 1822 Capharnaum
1647 1757 1676 1808 at
1692 1754 1782 1810 Beth·

54 1843 194 1898 meritum
207 1844 285 1896 vitae.
302 1841 374 1895 Cum
394 1842 571 1912 quibusdam
595 1841 675 1895 Deus
698 1857 756 1896 non
779 1844 823 1896 est
838 1857 891 1911 per
948 1840 1041 1910 saida,
1055 1856 1121 1895 cum
1133 1841 1207 1895 istos
1218 1841 1293 1895 tales
1304 1857 1441 1895 essenon
1453 1842 1612 1913 ignoraret,
1628 1844 1679 1914 qui
1695 1843 1780 1900 facile

54 1932 187 1987 favorem
202 1930 391 1985 manifestum
406 1930 524 2002 gratim,
545 1934 573 1984 ct
587 1930 644 2000 ipsi
665 1946 731 1984 cum
747 1931 807 1984 Deo
823 1932 892 1984 sunt
946 1930 1099 1984 raritatem
1115 1930 1295 2000 reciperent,
1318 1931 1345 1984 si
1360 1930 1462 1985 audire
1477 1931 1556 1985 illam
1572 1936 1600 1986 et
1613 1948 1780 2004 agnoscere
1814 1938 1819 1944 “

55 2037 109 2092 per
124 2021 261 2075 meritum
277 2021 354 2074 vitae.
367 2021 443 2074 llum
464 2019 642 2091 quibusdam
665 2019 744 2074 aens
769 2035 826 2074 non
846 2021 892 2073 est
946 2019 1122 2088 potuissent.
1140 2018 1221 2072 Siout
1236 2018 1314 2072 enim
1331 2018 1452 2089 impium
1467 2019 1583 2074 videtur
1606 2020 1779 2077 obedientes

57 2108 257 2181 periuriorem
273 2109 387 2180 gratiae,
405 2112 433 2162 et
449 2109 506 2179 ipsi
522 2124 581 2163 non
598 2112 667 2163 sunt
682 2125 748 2162 curn
764 2108 825 2163 lico
840 2123 893 2178 par
945 2107 1095 2175 descrere,
1113 2108 1158 2160 sic
1174 2107 1295 2161 stultum
1310 2107 1426 2162 videtur
1442 2109 1560 2162 omnino
1580 2109 1708 2164 rebelles
1725 2109 1780 2166 do·

56 2199 193 2254 meritum
208 2197 285 2252 vitm.
946 2211 1023 2250 cere.
1041 2197 1097 2250 Sed
1114 2196 1185 2250 illud
1199 2195 1303 2266 judicii
1320 2196 1384 2265 luit,
1401 2196 1457 2251 hoc
1473 2197 1610 2268 exempli.
1634 2197 1678 2252 Ne
1701 2199 1780 2254 enim

126 2287 190 2341 Tm.
207 2286 271 2341 XV.
288 2286 332 2341 Dc
349 2287 615 2359 progressionibus
631 2285 819 2357 cognitionis.
945 2285 1032 2338 homo
1048 2285 1144 2339 solum
1159 2283 1296 2339 allectum
1310 2285 1380 2339 boni
1396 2286 1461 2339 sine
1472 2286 1621 2356 agnitione
1638 2287 1779 2344 sulficere

89 2374 226 2447 Quinque
242 2379 312 2431 sunt
331 2377 562 2448 progressiones
584 2376 782 2447 cognitionis:
798 2375 890 2445 prino
945 2376 1034 2442 putet,
1045 2389 1078 2426 ac
1088 2374 1202 2443 perhoc
1213 2372 1349 2427 allectum
1360 2389 1394 2428 se
1406 2374 1654 2430 haberesentiens
1663 2374 1780 2431 bonito·

54 2470 100 2521 est
115 2466 146 2520 in
162 2480 265 2534 sensu,
277 2465 408 2520 secunda
419 2466 449 2518 in
460 2465 684 2536 imaginatione,
702 2464 785 2518 tortia
796 2463 825 2518 in
842 2479 890 2517 ra·
944 2464 992 2527 tis,
1005 2463 1129 2516 verbnm
1139 2463 1272 2517 veritatis
1284 2479 1342 2517 non
1356 2464 1496 2534 requirat,
1513 2463 1580 2518 illos
1596 2466 1777 2538 compunxit,

53 2555 145 2623 tione,
155 2558 258 2626 quarta
267 2555 296 2609 in
305 2552 464 2622 intellectu,
475 2554 575 2623 quinta
585 2552 614 2607 in
622 2552 824 2624 intelligentie.
836 2551 892 2607 Per
944 2566 1003 2606 non
1014 2551 1123 2621 docuit,
1136 2567 1190 2606 ncc
1199 2552 1334 2606 salvavit.
1345 2551 1380 2606 Et
1389 2567 1425 2606 ne
1436 2568 1554 2608 rursum
1567 2553 1661 2608 solam
1670 2555 1780 2610 verita·

55 2641 892 2713 sensumestinistis,estsecunduminista.Perimagina·
944 2640 1782 2717 tisagnitionemsuhicientemputetadsalutem,atlagem

55 2733 166 2788 tionem
176 2748 235 2787 non
246 2734 291 2786 est
302 2731 332 2785 in
347 2731 424 2800 istis,
437 2732 490 2785 sed
506 2729 671 2786 seeundum
686 2731 752 2785 istu.
770 2730 827 2786 Per
841 2746 890 2784 ra·
944 2729 1066 2784 audisse
1081 2745 1140 2784 non
1155 2730 1265 2785 iecisse
1282 2734 1518 2785 consummatam
1531 2730 1687 2802 justitiam,
1704 2734 1780 2790 istos

54 2822 166 2877 tionem
181 2836 277 2892 neque
293 2821 322 2874 in
333 2821 400 2876 istis
409 2822 455 2875 est
466 2836 561 2891 neque
573 2819 735 2874 secundum
748 2819 820 2888 ista3
836 2819 891 2874 scd
944 2819 1053 2884 docuit,
1070 2835 1129 2875 non
1140 2820 1311 2890 compunxit
1321 2823 1350 2874 et
1360 2820 1518 2889 damnavit,
1531 2825 1561 2876 ut
1572 2822 1640 2876 dum
1656 2822 1780 2881 alterum

55 2915 101 2966 est
116 2910 147 2964 in
162 2910 221 2964 illis
237 2914 265 2964 ct
278 2909 314 2964 de
330 2909 389 2963 illis
405 2924 471 2980 quae
487 2914 555 2963 sunt
570 2910 733 2963 secundum
749 2909 816 2963 ista.
835 2908 890 2962 Per
945 2908 1009 2962 siue
1024 2908 1116 2962 altero
1133 2909 1267 2963 vicissim
1283 2909 1392 2963 habere
1409 2916 1633 2981 cognoscuntur
1647 2914 1777 2983 reprobi,

54 3000 237 3056 intellectum
252 3015 311 3053 non
326 3001 372 3053 est
387 3000 417 3052 in
433 2998 501 3067 illis,
519 2998 571 3053 scd
588 2998 624 3052 de
635 2998 703 3053 illis.
718 2997 774 3052 Per
784 2997 889 3052 intelli·
904 3042 930 3104 C
945 2999 1099 3067 utrumque
1114 2998 1317 3052 necessarium
1333 2997 1392 3052 sibi
1416 2997 1479 3053 iore
1493 2999 1659 3071 intelligant
1674 3001 1777 3075 electi,

54 3091 197 3162 gentiam,
214 3103 269 3143 nec
279 3089 309 3142 iu
324 3087 393 3154 illis,
411 3103 466 3143 nec
482 3088 517 3142 de
535 3089 603 3143 illis.
944 3085 1035 3156 etqui
1051 3086 1174 3140 alterum
1190 3086 1299 3141 habere
1310 3102 1344 3140 se
1360 3089 1525 3158 cognoscit,
1541 3103 1600 3141 non
1616 3088 1651 3142 de
1663 3090 1777 3147 viribus

90 3178 154 3233 Tin.
168 3176 246 3232 XVI.
264 3177 346 3243 Quod
360 3177 476 3231 animus
491 3183 614 3249 paratam
629 3175 724 3231 modis
741 3176 854 3249 apenda
944 3175 1008 3228 suis
1024 3178 1194 3244 prasumat,
1211 3175 1265 3229 sed
1280 3176 1316 3228 ab
1333 3175 1382 3229 illo
1398 3176 1547 3230 humililer
1561 3175 1689 3245 postulet
1699 3179 1779 3248 quod
1872 3238 1875 3243 ,

416 3273 534 3320 tractat.
942 3262 1113 3328 nonhabet,
1140 3279 1236 3334 aquo
1264 3263 1442 3334 quibusdam
1470 3264 1594 3318 alterum
1622 3266 1778 3336 accepisse

91 3357 325 3421 Qualuormcdis
333 3356 361 3410 in
371 3360 473 3409 nostro
485 3355 705 3426 animoagcnda
714 3357 888 3409 tractamus:
944 3369 1003 3406 non
1013 3352 1131 3422 proluit,
1149 3352 1287 3422 quoniam
1303 3353 1427 3407 alterum
1451 3354 1583 3408 districte
1605 3353 1776 3425 judicandis

55 3444 735 3520 cogitando,volendo,deliberando,vorendo.
746 3442 890 3514 Cogitatio
944 3456 1003 3495 non
1027 3441 1177 3511 impendit.
1208 3441 1275 3496 Non
1294 3443 1372 3496 enim
1394 3444 1530 3512 accipere
1553 3447 1684 3499 meretur
1698 3446 1779 3517 quod

54 3539 93 3592 ad
107 3536 309 3610 cognitionem
324 3534 460 3605 pertinet,
476 3535 611 3588 voluntas
637 3534 671 3586 ad
698 3532 889 3601 desiderium,
943 3529 1114 3600 nonhabet,
1131 3530 1182 3602 qui
1197 3547 1214 3584 a
1228 3546 1261 3585 se
1278 3531 1387 3586 babere
1407 3546 1441 3585 se
1464 3534 1545 3601 putat
1567 3532 1645 3603 quod
1669 3533 1776 3604 habet;

55 3626 231 3682 deliberatio
252 3625 288 3679 ad
314 3625 508 3694 propositum,
539 3627 567 3675 et
595 3625 631 3675 ad
661 3621 891 3692 promissionem
944 3624 973 3673 et
987 3622 1141 3690 propterea
1161 3619 1459 3675 vicissimednobus
1470 3621 1625 3676 alterumn
1645 3621 1705 3678 lieo
1726 3624 1777 3679 tri·

55 3719 168 3770 votum.
184 3714 214 3769 Si
230 3713 308 3784 quod
324 3712 517 3783 proponimus
535 3728 592 3766 non
608 3711 743 3780 lacimusr,
768 3711 890 3765 lallaces
943 3708 1052 3777 buitur,
1069 3709 1234 3763 etalternm
1264 3709 1457 3778 subtrahitur,
1486 3715 1516 3764 ut
1540 3709 1592 3764 ubi
1620 3714 1778 3785 utrumque

56 3819 174 3859 sumus.
190 3803 220 3857 Si
235 3818 295 3856 non
310 3802 436 3856 iacimus
451 3801 529 3872 quod
545 3799 752 3871 promittimuS,
770 3798 891 3854 fallaces
944 3798 1032 3852 simul
1048 3802 1094 3851 est
1109 3797 1145 3851 ab
1156 3797 1222 3868 ipso
1239 3801 1472 3869 essentiamque
1484 3800 1712 3856 demonstretm·.

55 3899 84 3949 et
100 3892 247 3947 fallentes.
265 3890 309 3945 lbi
331 3890 516 3944 mendacium
540 3889 635 3943 solum
657 3895 825 3957 accinatur,
844 3889 891 3943 hic
944 3885 1388 3958 Tm.XV111.Detide,quidsit,
1403 3894 1432 3940 ct
1448 3888 1776 3961 qnmadeamspccteat.

55 3986 85 4037 et
99 3980 285 4036 mendacium
308 3982 476 4047 accusatur,
503 3981 531 4032 ct
555 3977 735 4047 promissum
750 3978 890 4048 exigitur.
980 3973 1156 4044 Priusquam
1175 3989 1208 4027 ea
1224 3990 1290 4044 quoe
1307 3975 1342 4029 ad
1358 3975 1445 4031 tidem
1460 3978 1608 4047 pertinent
1629 3979 1778 4039 discutere

56 4072 164 4125 Votum
189 4072 287 4124 autem
312 4068 391 4123 aliud
414 4067 561 4122 occultum
577 4067 611 4120 nd
639 4068 729 4121 Deum
749 4069 777 4120 et
793 4082 892 4121 coram
944 4062 1130 4132 incipiamus,
1148 4062 1217 4133 quid
1233 4064 1272 4117 sit
1288 4062 1361 4117 hdes
1377 4063 1441 4134 ipsa
1457 4066 1605 4136 inspicere
1620 4068 1774 4128 debemus.

56 4160 134 4229 ⁰0⁰3
149 4158 231 4212 aliud
247 4157 435 4212 manifestum
450 4156 487 4210 ad
504 4156 595 4210 Deum
612 4160 640 4209 ct
651 4171 750 4209 coram
761 4155 889 4210 homine.
945 4151 1106 4221 Apostolus
1122 4151 1165 4204 sic
1177 4151 1279 4205 detinit
1300 4153 1386 4207 fidem
1402 4169 1409 4208 ι
1426 4153 1519 4210 Fides
1542 4163 1588 4211 est
1609 4158 1778 4231 sqbstantia

54 4247 209 4303 Occuhum
219 4250 320 4301 votum
331 4246 455 4300 hactum
468 4248 618 4315 peccatum
632 4247 692 4310 est;
703 4243 892 4298 manifestum
944 4257 1045 4294 rerum
1055 4240 1279 4312 sperandarum,
1293 4251 1497 4313 argumentum
1506 4262 1563 4300 non
1574 4250 1778 4319 apparentiam

55 4342 157 4392 votum
171 4335 307 4404 hactum,
323 4337 474 4405 peccatum
492 4337 520 4388 et
534 4333 717 4387 scandalum.
905 4327 1288 4416 DtHeh1·.x1).Cumenim
1303 4347 1351 4386 res
1368 4333 1507 4403 quaelibet
1518 4336 1594 4404 apud
1612 4352 1666 4392 nos
1678 4338 1777 4393 subsi-

145 4425 207 4480 Tm.
225 4424 318 4479 xvh.
331 4425 375 4478 lio
391 4422 533 4478 disshnili
548 4423 719 4493 operatione
734 4421 799 4476 Dei.
947 4420 1033 4487 stant,
1042 4418 1088 4472 vel
1097 4422 1248 4488 peractum
1259 4422 1375 4491 quando
1387 4422 1524 4476 videlicet
1535 4428 1699 4493 praesentes
1710 4442 1777 4482 sen·

91 4516 128 4571 Si
150 4515 183 4569 iu
211 4514 289 4586 Tyro
310 4520 339 4568 ct
363 4513 474 4568 Sidone
497 4512 560 4566 hacc
583 4513 659 4566 lhctn
677 4511 814 4576 inissent,
832 4515 888 4566 etc.
946 4524 982 4563 su
999 4507 1297 4577 comprehenduntur,
1314 4509 1359 4563 vel
1375 4526 1428 4580 per
1447 4511 1636 4582 intellectum,
1660 4515 1776 4585 quando

52 4604 176 4674 (nllattlr.
192 4620 237 4672 x13
253 4604 323 4658 Luc.
341 4603 383 4671 x.)
404 4603 612 4657 Demonstrore
629 4600 733 4655 rolens
750 4601 891 4655 llorninus
944 4597 1085 4650 absentes
1101 4596 1147 4650 vel
1163 4598 1249 4651 etiam
1266 4614 1324 4652 non
1345 4599 1507 4653 existentes
1532 4600 1561 4653 in
1586 4602 1776 4658 similitudine

54 4694 136 4766 quod
151 4695 266 4764 abipso
281 4693 320 4746 sit
334 4697 362 4746 at
378 4692 487 4746 donum
503 4690 580 4761 ejas,
599 4693 627 4744 et
642 4690 758 4760 quando
782 4690 892 4743 verita·
944 4688 1041 4739 suaet
1062 4685 1091 4737 in
1121 4684 1328 4757 imaginatione
1353 4688 1517 4756 capiuntur,
1541 4689 1587 4742 vel
1606 4704 1657 4758 per
1683 4706 1776 4762 expe·

54 4785 114 4838 tem
129 4783 354 4857 cognoscimus
371 4784 400 4835 et
414 4780 531 4851 qnando
542 4783 672 4851 agnitam
682 4779 779 4833 dehita
799 4778 891 4832 devo-

54 4871 135 4927 tione
150 4888 338 4939 veneramur,
354 4870 532 4942 quibusdam
548 4867 889 4937 rer-itatempraedicovit,

55 4977 183 5034 quorum
198 4961 288 5017 corda
308 4961 344 5014 ad
360 4959 547 5014 dilectionem
562 4957 694 5012 veritatis
709 4972 768 5009 non
780 4957 891 5010 emolli·

54 5049 113 5119 νῆις
127 5051 322 5121 quorumdam
337 5064 407 5103 vero
424 5048 513 5103 eorda
529 5046 634 5101 attactu
649 5045 789 5101 bonitatis
805 5046 893 5101 emol-

942 4774 1087 4843 rientiom,
1104 4774 1221 4844 quando
1236 4790 1269 4828 ea
1285 4791 1352 4845 qnae
1369 4776 1398 4829 in
1411 4777 1499 4830 nobis
1525 4782 1594 4832 sunt
1610 4779 1775 4837 sentiuntur

943 4880 959 4916 a
974 4863 1070 4931 nobis,
1088 4866 1118 4916 ut
1129 4867 1174 4918 est
1189 4863 1330 4933 gaudium
1344 4870 1373 4918 et
1387 4865 1514 4933 tristitia,
1537 4866 1624 4921 timor
1639 4871 1666 4923 et
1682 4885 1774 4943 amor,

943 4969 1008 5023 quoe
1037 4951 1205 5005 subsistunt
1231 4952 1259 5004 in
1284 4953 1381 5022 nobis,
1410 4957 1438 5007 et
1453 4955 1621 5012 sentiuntur
1643 4960 1775 5034 anobis,

943 5040 1030 5095 Nullo
1046 5041 1151 5094 horum
1168 5041 1321 5096 modorum
1338 5042 1498 5097 invisibilia
1514 5044 1567 5099 liei
1578 5048 1734 5118 capiuntur
1746 5050 1776 5107 in

54 5137 130 5208 livit,
146 5138 201 5194 sed
214 5138 365 5211 agnitione
376 5136 508 5192 veritatis
524 5136 776 5191 nonilluminnvit.
790 5135 821 5190 ln
832 5134 891 5190 illis
943 5128 1040 5199 nobis,
1057 5143 1124 5200 quae
1143 5129 1241 5184 solum
1252 5130 1409 5187 credentur
1422 5148 1439 5186 a
1454 5133 1552 5189 nobis.
1579 5136 1682 5211 Neque
1698 5139 1776 5195 enim

54 5226 431 5295 mvitetnonseminavit,
442 5224 579 5281 duritiam
592 5224 744 5297 hangens,
757 5224 811 5280 sed
826 5239 892 5279 var·
943 5233 996 5290 pet·
1020 5220 1117 5274 actum
1144 5219 1304 5290 prasentia
1328 5223 1407 5290 sunt,
1427 5237 1523 5296 neque
1539 5224 1776 5287 insimilitudine

54 5316 127 5372 bum
142 5332 201 5372 non
212 5331 370 5389 spargens.
383 5315 415 5368 ln
428 5314 494 5370 istis
506 5329 576 5368 vero
588 5314 754 5383 seminarit,
767 5314 822 5369 sed
832 5329 893 5369 non
943 5308 1041 5380 aliqua
1057 5308 1265 5380 comprehendi
1275 5313 1411 5381 possunt,
1425 5327 1520 5384 neque
1529 5316 1775 5386 quemadmodum

55 5405 160 5475 aravit,
173 5406 297 5461 verbum
308 5419 465 5476 spargens,
484 5403 657 5458 ctduritiam
667 5419 727 5458 non
738 5403 890 5476 hnngens,
944 5397 994 5453 illa
1007 5414 1074 5470 quoe
1089 5398 1120 5453 in
1134 5398 1222 5454 nobis
1238 5403 1316 5471 sunt,
1329 5403 1357 5455 et
1371 5401 1539 5458 sentiuntur
1553 5404 1677 5460 anobis.
1695 5402 1776 5477 Ergo

54 5497 88 5551 ut
97 5497 127 5551 at
137 5493 338 5568 utrumqueab
347 5508 458 5549 coesse
467 5493 892 5565 sciamus‚etutrumqueabeo
944 5487 1001 5544 tide
1029 5487 1094 5545 sola
1130 5486 1300 5545 subsistunt
1330 5489 1362 5546 in
1389 5490 1488 5560 nobis,
1520 5494 1548 5546 et
1580 5492 1776 5551 subsistentia

54 5583 325 5659 peterediecamue,
336 5581 715 5640 cumacutrumsincattero
724 5581 892 5640 adsalutem
944 5593 1047 5637 eorum
1065 5582 1112 5636 est
1126 5577 1201 5637 tides
1216 5594 1318 5638 eorum
1333 5594 1391 5656 qna
1413 5579 1583 5654 ereduntur,
1608 5579 1677 5656 quiin
1706 5583 1777 5654 saul
