3796 6022
1788 233 1848 313 168

124 242 184 312 167
505 237 794 309 APPENDIXAD
809 236 1001 310 HUGONlS
1022 233 1166 308 OPERA
1179 238 1446 310 nocuaricn.

127 453 173 504 est
189 447 329 502 Christus
344 447 374 501 in
386 447 493 518 seipso,
507 450 535 500 et
546 447 675 517 quotidie
688 446 853 502 immolatur
863 446 894 500 in
906 462 957 501 sa·
971 434 1002 496 A
1016 446 1046 500 in
1061 449 1131 501 toto.
1148 447 1229 501 Nihil
1246 447 1344 501 minus
1356 446 1464 502 habent
1474 447 1586 519 singuli
1601 463 1689 519 quam
1704 448 1847 503 universi.

127 539 275 591 eramento
291 535 397 604 (Hebr.
415 535 467 603 nr).
1017 535 1121 589 Totum
1137 551 1224 605 unus,
1240 538 1331 590 totum
1346 536 1418 605 duo,
1435 539 1527 590 totum
1538 537 1714 606 plnressine
1725 537 1849 591 diminu-

161 624 234 680 Cum
249 640 321 696 ergo
338 624 479 678 sacerdos
496 610 636 694 Spiritu'm
648 628 781 678 sanctum
796 625 958 678 advocave-
1016 623 1095 677 tione
1111 624 1285 693 percipiunt,
1303 624 1371 694 quia
1387 640 1446 679 non
1467 625 1496 678 in
1513 625 1613 694 specie
1627 625 1675 679 vel
1691 626 1849 696 quantitate

126 714 174 781 rit,
186 716 214 767 et
229 713 308 766 illam
323 712 451 766 hostiam
462 712 655 766 reverandam
667 713 870 780 immolaverit,
884 728 960 766 com·
1017 713 1193 765 sacramenti
1210 715 1255 765 est
1271 712 1378 782 gratia,
1395 711 1448 766 sed
1465 713 1494 765 in
1509 714 1616 766 virtute
1632 712 1754 767 Christi.
1770 712 1849 777 Quo-

126 816 302 871 munemque
314 801 406 854 Deum
422 800 548 855 subinde
567 801 732 872 contigerit,
750 801 799 855 ubi
815 801 885 854 illud
900 800 959 870 (dic
1017 800 1223 871 modocunque
1240 800 1326 871 signa
1340 800 1492 854 varientur
1506 801 1535 854 in
1550 805 1746 871 sacramento,
1764 800 1849 855 Chri-

125 889 208 959 mihi)
217 891 318 943 nostra
327 889 544 943 existimatione
553 890 718 959 ponemus?
729 889 881 958 Perpendc
892 905 961 960 qua·
1018 891 1083 942 stus
1095 903 1213 957 semper
1224 887 1300 941 idem
1312 891 1357 942 est
1365 889 1515 957 inseipso.
1525 887 1608 954 Quod
1619 889 1786 944 evidentius
1795 904 1852 941 ma·

124 978 170 1033 les
187 981 319 1048 oporteat
334 994 403 1032 esse
414 994 519 1031 manns
530 980 675 1031 tantarum
685 993 784 1031 rerum
795 978 958 1044 ministras,
1018 976 1241 1030 nifestavitcum
1251 976 1368 1030 incoena
1376 992 1511 1046 praesens
1521 992 1629 1046 corpus
1640 977 1850 1049 etsanguinem

125 1069 153 1120 et
168 1065 285 1136 qualem
300 1066 430 1138 linguam
447 1065 514 1119 talia
529 1067 620 1119 verba
636 1065 820 1136 tundentem,
838 1069 887 1120 aut
901 1081 959 1135 quo
1019 1080 1106 1118 suum
1117 1064 1272 1134 discipulis
1282 1065 1346 1118 suis
1356 1065 1514 1119 distribuit.
1523 1065 1652 1119 Tradidit
1662 1066 1707 1120 cis
1718 1066 1851 1136 seipsum

126 1169 237 1225 genere
253 1155 370 1208 caeteris
385 1169 444 1208 non
461 1154 643 1208 mundiorem
658 1157 686 1209 et
702 1155 879 1208 sanctiorem
896 1154 960 1207 ani·
1018 1153 1048 1205 in
1065 1156 1250 1206 sacramento
1265 1153 1350 1223 quasi
1370 1153 1473 1222 alium,
1495 1156 1523 1207 et
1544 1157 1639 1208 tamen
1654 1155 1799 1209 eumdem.
1817 1153 1852 1206 Et

125 1259 202 1297 mam
218 1243 285 1297 talis
302 1242 425 1311 spiritus
441 1241 652 1312 receptricem!
670 1242 752 1296 Tunc
766 1244 843 1297 enim
853 1243 962 1296 adsunt
1020 1256 1087 1295 cum
1097 1255 1114 1294 a
1124 1241 1252 1312 singulis
1264 1244 1401 1311 sumptus
1411 1242 1614 1296 comederetur
1622 1245 1649 1297 et
1659 1242 1813 1297 biberetur
1823 1241 1852 1295 in

125 1330 224 1403 angeli
240 1329 389 1384 sacerdoti
401 1332 429 1383 et
444 1330 571 1384 tribunal
586 1333 672 1401 atque
687 1330 788 1385 altaris
804 1331 888 1386 locus
904 1346 961 1385 cae·
1019 1332 1215 1399 sacramento,
1228 1346 1306 1384 unus
1314 1332 1411 1384 tamen
1420 1333 1449 1384 et
1457 1330 1573 1402 integer
1580 1331 1686 1385 mansit
1697 1332 1727 1384 in
1738 1330 1849 1402 seipso.

124 1419 253 1474 lestibns
269 1418 428 1472 virtutibus
440 1418 616 1489 adimpletur
626 1420 655 1473 in
666 1420 809 1474 honorem
821 1420 900 1474 illius
911 1420 961 1490 qui
1019 1417 1124 1471 Divina
1138 1418 1232 1489 gratia
1247 1419 1285 1471 ita
1302 1421 1348 1472 est
1362 1418 1466 1489 libera,
1479 1420 1510 1473 nt
1525 1419 1614 1473 nullis
1630 1419 1781 1474 hominum
1792 1434 1851 1472 ms·

126 1505 304 1561 immolatur.
322 1507 353 1560 ln
365 1507 429 1577 ipsa
440 1507 649 1562 immolationis
660 1509 732 1562 hora
743 1509 779 1563 ad
795 1509 960 1563 sacerdotis
1019 1505 1084 1560 ritis
1099 1506 1145 1560 vel
1161 1506 1258 1560 officis
1274 1506 1313 1560 sit
1327 1507 1466 1577 astricta,
1484 1507 1537 1561 sed
1551 1507 1668 1578 quando
1682 1506 1759 1577 vult,
1776 1522 1850 1577 quo-

124 1611 229 1649 vccem
245 1595 309 1650 caeli
326 1595 507 1665 aperiuntur,
525 1597 554 1649 in
570 1595 620 1649 illo
636 1596 710 1650 lesu
726 1595 835 1651 Christi
850 1602 960 1667 myste-
1019 1595 1106 1649 modo
1122 1594 1198 1663 vult,
1214 1595 1384 1665 ubicunque
1399 1594 1478 1664 vult,
1500 1596 1690 1665 semetipsam
1706 1594 1850 1650 iulundat.

124 1682 169 1738 rio
185 1684 360 1755 angelorum
371 1684 454 1738 chori
466 1685 583 1754 adsunt,
596 1685 721 1738 summis
732 1685 958 1755 imasociantur,
1055 1682 1213 1753 Propterea
1228 1683 1304 1736 intra
1324 1683 1504 1738 Catholicam
1525 1683 1688 1738 Ecclesiam
1705 1684 1735 1737 in
1750 1699 1851 1737 sacra-

125 1775 202 1826 terra
213 1772 539 1844 coelestibusjungitur,
550 1788 686 1827 unumex
694 1773 864 1827 visibilibus
873 1777 960 1844 atque
976 1746 1001 1808 B
1020 1776 1118 1825 mento
1136 1771 1269 1841 corporis
1285 1771 1395 1825 Christi
1410 1772 1483 1825 nihil
1499 1787 1515 1824 a
1529 1772 1606 1826 bono
1622 1771 1730 1843 majus,
1747 1772 1819 1827 nihil
1835 1789 1851 1826 a

123 1860 324 1914 invisibilibus
341 1861 381 1915 ht.
399 1861 456 1915 Scd
472 1877 598 1925 necesse
615 1865 660 1915 est
677 1866 717 1931 ut,
729 1862 797 1915 dum
815 1861 879 1916 haec
894 1863 960 1935 agi·
1019 1859 1095 1913 malo
1111 1860 1208 1913 minus
1220 1860 1372 1930 perficitur
1382 1860 1546 1930 sacerdote,
1559 1861 1628 1931 quia
1638 1877 1697 1915 non
1709 1861 1852 1916 inmerito

124 1964 202 2018 mus,
219 1950 421 2019 nosmetipsos
437 1951 467 2003 in
483 1951 582 2004 cordis
597 1950 771 2005 contritione
786 1952 959 2020 mactemus,
1020 1949 1234 2015 consecrantis,
1248 1948 1301 2002 sed
1313 1949 1444 2003 inverbo
1456 1948 1583 2003 eflicitur
1593 1948 1742 2003 Creatoris
1753 1951 1852 2004 etvir-

128 2037 220 2107 etqui
241 2038 392 2107 passionis
416 2038 576 2092 Dominicae
600 2041 739 2108 mysteria
764 2039 959 2109 celebramus,
1018 2039 1078 2090 tute
1095 2036 1222 2106 Spiritus
1243 2037 1347 2090 sancti.
1371 2037 1473 2091 Omnia
1495 2052 1566 2092 vero
1585 2041 1769 2092 sacramenta
1785 2055 1850 2092 cum

127 2124 271 2179 debemus
287 2126 393 2179 imitari
408 2126 486 2197 quod
502 2127 629 2198 agimus.
645 2127 719 2181 Nam
730 2131 799 2180 tunc
810 2143 880 2182 vere
891 2144 961 2197 pro·
1019 2124 1120 2179 obsint
1130 2125 1250 2196 indigne
1267 2125 1468 2194 tractantibus,
1484 2128 1609 2195 prosunt
1623 2129 1721 2180 tamen
1735 2142 1789 2196 per
1799 2143 1850 2181 eos

125 2213 212 2268 nohis
223 2214 283 2268 Deo
293 2214 389 2268 hostia
401 2217 465 2285 erit,
478 2232 544 2269 cum
556 2217 696 2286 nosipsos
708 2216 835 2270 hostiam
846 2216 959 2271 fecerit.
1019 2214 1108 2285 digne
1120 2214 1317 2269 sumentibus.
1326 2213 1630 2286 Communionamque
1639 2215 1782 2270 malorum
1792 2231 1850 2269 nou

125 2301 159 2356 ln
170 2301 288 2357 Christo
300 2304 391 2357 semel
404 2304 500 2357 oblata
512 2309 557 2357 cst
566 2305 662 2358 hostia
671 2304 706 2357 ad
716 2305 841 2358 salutem
852 2307 960 2375 sempi-
1020 2302 1146 2356 maculat
1157 2302 1284 2374 aliquem
1294 2303 1515 2373 participatione
1526 2307 1788 2374 sacramentorum,
1798 2305 1851 2358 sed

125 2393 208 2445 terna
220 2392 358 2460 potentia,
369 2407 424 2445 nos
434 2407 505 2446 vero
514 2392 712 2462 persingulos
722 2394 785 2448 dies
796 2392 958 2464 offerimus,
1020 2391 1219 2445 consensione
1231 2391 1384 2446 tactorum.
1397 2391 1479 2446 Sicut
1492 2393 1569 2447 enim
1580 2393 1684 2463 ludas,
1697 2393 1743 2447 cui
1755 2392 1852 2447 Domi-

125 2477 264 2548 quoniam
275 2494 328 2548 per
338 2479 475 2548 singulos
486 2480 551 2533 dies
563 2495 717 2550 pecamus3
731 2480 892 2550 offerimus,
906 2482 959 2536 sed
1019 2495 1077 2534 nus
1092 2479 1238 2534 bucellam
1258 2480 1376 2534 tradidit
1395 2496 1454 2535 non
1469 2480 1578 2534 malum
1593 2481 1780 2551 accipiendo,
1799 2483 1851 2536 sed

126 2566 162 2621 ad
178 2567 413 2621 recordationem
433 2568 536 2622 mortis
558 2567 640 2640 ejuS,
665 2572 693 2623 et
713 2586 770 2623 una
786 2573 832 2624 est
846 2571 957 2639 hostia,
1019 2567 1130 2622 bonum
1144 2567 1219 2622 male
1234 2569 1421 2638 accipiendo,
1443 2569 1540 2624 locum
1556 2570 1586 2625 in
1601 2585 1634 2624 se
1648 2570 1775 2640 praebuit
1790 2571 1852 2624 dia-

126 2654 195 2726 quia
210 2655 303 2709 semel
320 2655 436 2710 oblatus
451 2660 497 2711 est
511 2656 658 2712 Christus.
677 2658 740 2713 Hoc
756 2674 827 2714 vero
842 2659 959 2713 sacrifi·
1018 2657 1098 2727 bolo,
1111 2656 1285 2729 sicindigne
1295 2657 1421 2728 quisque
1430 2658 1580 2728 accipiens
1589 2658 1687 2714 locum
1695 2659 1725 2713 in
1734 2674 1768 2714 se
1779 2676 1852 2729 pree·

125 2743 203 2798 cium
218 2745 385 2814 exemplum
400 2749 447 2800 est
468 2745 562 2815 illiue,
585 2746 714 2817 idipsum
737 2763 864 2817 semper,
882 2748 959 2818 idip-
1018 2746 1068 2802 bet
1083 2745 1210 2799 diabolo.
1232 2745 1288 2810 Qui
1303 2761 1375 2818 ergo
1391 2747 1427 2800 dc
1443 2747 1645 2802 criminalibus
1660 2748 1791 2803 nondum
1807 2750 1852 2803 di-

125 2847 192 2887 sum
208 2834 373 2888 secundum
393 2835 604 2904 substantiam,
626 2851 793 2907 quanquam
808 2837 959 2892 diversum
1020 2851 1077 2907 gne
1088 2835 1353 2905 poenituerunt,aut
1361 2835 1457 2889 adhuc
1466 2834 1611 2890 inaffectu
1621 2836 1763 2908 peccandi
1772 2841 1849 2907 sunt,

126 2922 290 2977 secundum
314 2923 448 2978 lormnm.
479 2925 553 2978 llum
582 2924 729 2996 frangitur
752 2924 848 2979 hostia
858 2968 865 2995 ,
890 2927 959 2980 dum
1019 2923 1066 2978 vel
1081 2924 1208 2995 aliquem
1224 2923 1372 2978 hominem
1388 2925 1454 2978 odio
1469 2924 1594 2993 habent,
1617 2942 1726 2996 corpus
1742 2925 1851 2980 Christi

125 3013 251 3085 sanguis
269 3013 303 3066 de
321 3013 411 3067 calice
431 3013 460 3067 in
483 3029 533 3068 ore
550 3013 679 3068 fidelium
700 3013 840 3084 tunditur,
857 3015 958 3069 Domi·
978 3019 1078 3083 cnon
1094 3013 1251 3082 accipiant,
1270 3028 1306 3067 ne
1321 3013 1492 3068 moriantur.
1510 3014 1618 3068 lncesti
1633 3030 1703 3069 vero
1720 3017 1748 3068 et
1764 3014 1850 3069 luxu-

123 3099 182 3156 nlci
200 3103 335 3172 corporis
352 3103 580 3157 immolationem
595 3103 623 3156 in
642 3119 729 3158 cruce
744 3102 870 3174 ejusque
887 3120 958 3158 san·
1017 3102 1091 3156 ricsi
1106 3102 1306 3171 periculosius
1319 3104 1448 3172 sumunt,
1462 3103 1599 3173 quoniam
1610 3103 1682 3157 nihil
1693 3104 1737 3157 sic
1748 3104 1851 3158 adver·

124 3190 225 3263 guinis
241 3192 276 3246 de
288 3191 378 3246 latere
390 3190 564 3246 effusionem
578 3192 736 3263 signifieat.
751 3193 957 3247 Verumtamen
1018 3195 1102 3246 satur
1110 3191 1261 3244 munditiae
1270 3191 1390 3244 amatori
1402 3194 1431 3243 ut
1440 3190 1556 3244 feditas.
1567 3191 1659 3246 Porro
1669 3192 1717 3262 qui
1727 3207 1850 3262 peccare

124 3279 957 3351 cnmChristusinsacramentoquotidieimmoletur,non
1017 3279 1851 3351 quievit,quamvispcccatoadhucmordeatur,peccandi

123 3366 229 3422 dieitur
244 3369 322 3439 quod
337 3370 443 3423 iterum
463 3370 623 3437 occidatur,
642 3370 695 3423 scd
711 3370 789 3441 quod
804 3385 872 3424 vera
889 3370 956 3440 ejus

123 3455 281 3511 immolatio
297 3460 498 3527 representata
515 3458 591 3511 idem
607 3474 685 3512 nnnc
704 3459 733 3512 in
754 3463 955 3528 sacramento,

123 3545 203 3616 quod
218 3548 286 3599 tunc
303 3546 332 3598 in
349 3561 446 3614 cruce,
464 3546 789 3615 operetu1·.Eademcst
812 3547 860 3600 hic
876 3551 904 3601 et
918 3547 960 3601 ibi

126 3633 261 3703 corporis
278 3636 305 3688 εῖ
321 3635 477 3706 sanguinis
493 3633 601 3688 Christi
621 3634 799 3704 substantia,
820 3635 955 3706 quamvis

122 3722 153 3777 in
168 3723 268 3793 spacia
290 3722 395 3792 altera,
419 3723 579 3793 cademque
603 3723 708 3777 salutis
725 3726 835 3778 nostrae
852 3725 955 3795 gratia.

124 3808 201 3865 Vera
217 3812 324 3867 etenim
345 3828 412 3866 caro
436 3811 547 3866 Christi
568 3814 628 3880 est,
653 3828 741 3882 quam
763 3811 857 3867 torma
871 3813 956 3883 panis

125 3904 256 3972 opertam
273 3902 302 3955 in
318 3904 503 3956 sacramento
515 3901 670 3970 sumimus,
683 3905 711 3955 et
725 3917 815 3956 verus
832 3902 956 3973 sanguis

124 3988 244 4058 Christi,
262 4007 349 4061 quem
366 3990 497 4044 subrini
518 3991 617 4060 specie
637 4006 672 4044 ac
688 4006 794 4061 sapore
809 3994 956 4061 potamus.

125 4077 309 4132 Mortalitatis
329 4078 414 4132 cibus
438 4080 568 4133 exterius
592 4079 718 4148 videtur,
742 4080 810 4150 quia
826 4080 904 4151 quod
922 4079 957 4134 de

126 4166 213 4222 uobis
228 4166 360 4220 exterius
376 4171 505 4236 apparet,
522 4168 643 4222 mortale
659 4173 714 4222 cst.
732 4168 811 4221 Nihil
827 4169 957 4223 exterius

126 4253 304 4323 immutatur,
320 4255 388 4326 quia
403 4256 476 4309 nihil
493 4257 528 4310 de
544 4257 630 4310 nobis
642 4257 773 4311 exterius
790 4258 955 4312 innovatur.

1015 3370 1113 3422 tamen
1129 3368 1166 3422 de
1178 3372 1285 3422 caetero
1297 3383 1356 3422 non
1366 3367 1472 3421 habeat
1483 3368 1672 3437 voluntatem,
1686 3371 1851 3423 communi-

1016 3472 1083 3511 care
1098 3473 1157 3510 non
1180 3457 1304 3511 desinat.
1332 3456 1484 3521 Quomodo
1509 3456 1640 3526 quotidie
1662 3459 1809 3511 tentamur
1824 3461 1851 3512 et

1014 3545 1150 3613 labimur,
1164 3546 1293 3617 quotidie
1310 3545 1447 3599 Christus
1462 3545 1492 3599 in
1504 3547 1688 3600 sacramento
1699 3562 1752 3615 pro
1763 3546 1849 3600 nobis

1014 3635 1189 3689 immolatur.
1206 3632 1279 3687 Cum
1294 3649 1366 3705 crgo
1382 3648 1490 3704 corpus
1504 3632 1613 3687 Christi
1630 3648 1680 3688 ore
1696 3635 1842 3701 suminus,

1014 3723 1157 3778 amicitias
1173 3727 1200 3777 et
1215 3722 1359 3776 beneficia
1374 3721 1441 3793 ejus
1457 3722 1546 3776 corde
1567 3722 1747 3793 cogitemuS,
1771 3738 1845 3793 quo-

1014 3812 1102 3866 modo
1114 3827 1222 3882 passus
1233 3814 1262 3865 et
1272 3815 1405 3864 mortuus
1417 3814 1463 3864 est
1477 3825 1530 3881 pro
1541 3812 1639 3881 nohis,
1651 3815 1679 3866 εῖ
1689 3815 1783 3866 ιιιοιῖε
1794 3827 1847 3866 sua

1014 3904 1138 3955 amorte
1154 3903 1263 3954 aeterna
1279 3914 1333 3953 nos
1349 3899 1492 3953 liberavit.
1511 3899 1735 3970 Partioipatione
1750 3903 1847 3954 autem

1015 3989 1149 4060 corporis
1161 3989 1208 4042 sui
1219 3974 1275 4043 nos
1286 3985 1343 4041 sibi
1355 3988 1589 4057 concorporavit,
1601 3992 1632 4042 ut
1641 3991 1772 4043 transeat
1782 3989 1846 4059 ipse

1014 4078 1044 4134 in
1055 4078 1142 4132 nobis
1154 4077 1189 4131 ad
1205 4077 1330 4142 Patrem,
1344 4080 1530 4130 transeamus
1546 4080 1574 4131 et
1589 4092 1645 4132 nos
1656 4077 1687 4131 in
1696 4076 1746 4131 illo
1756 4093 1848 4132 unum

1014 4168 1083 4222 lacti
1100 4182 1166 4221 cum
1182 4166 1241 4235 illo,
1259 4169 1290 4219 ut
1305 4166 1403 4235 ipsum
1413 4180 1466 4234 per
1480 4166 1578 4234 ipsum
1595 4166 1757 4220 habeamus
1773 4183 1848 4238 gus-

1013 4260 1075 4311 tum
1091 4257 1120 4309 in
1135 4256 1198 4325 via,
1214 4256 1377 4308 satietatem
1393 4253 1423 4306 in
1446 4255 1554 4324 patria,
1577 4254 1625 4308 hic
1644 4255 1800 4325 viaticum,
1822 4257 1851 4308 et

124 4342 251 4399 Interius
272 4360 343 4399 vero
363 4344 420 4399 hoc
442 4345 519 4399 idem
543 4345 572 4399 in
593 4346 679 4400 nobis
700 4347 863 4415 accipimus
878 4346 958 4417 quod
972 4328 999 4389 D
1015 4345 1057 4400 ibi
1071 4344 1235 4414 praemium.

124 4431 160 4487 da
176 4433 226 4487 illo
243 4433 402 4503 credimus,
418 4435 655 4505 quoniamvitnm
670 4435 707 4488 de
722 4435 780 4487 rita
798 4435 956 4504 sumimuS,

126 4537 180 4593 per
194 4538 280 4593 quam
295 4522 491 4577 reformamur
503 4523 539 4576 ad
551 4523 649 4576 vitam.
661 4521 743 4576 Sicut
753 4523 831 4576 enim
841 4523 877 4576 de
891 4523 958 4578 Vir-

126 4610 196 4683 gine
210 4628 265 4682 per
277 4612 418 4682 Spiritum
433 4627 503 4665 vera
518 4627 587 4665 caro
603 4611 668 4665 sine
684 4611 761 4665 coitu
773 4614 899 4682 creatur,
913 4612 958 4666 sic

122 4715 176 4772 per
190 4701 329 4755 eumdem
345 4700 485 4770 Spiritum
505 4700 541 4754 de
563 4699 728 4753 substantia
748 4701 833 4769 panis
853 4701 958 4755 etvini

122 4788 246 4858 mystice
267 4788 345 4842 idem
361 4805 470 4858 corpus
485 4787 594 4843 Christi
612 4791 813 4842 consecratur.
831 4789 866 4842 Et
881 4791 959 4844 sicut

123 4876 202 4947 quod
211 4875 323 4947 ubiquc
333 4875 464 4947 ollertur,
475 4893 564 4931 unum
577 4893 686 4948 corpus
695 4880 750 4946 cst,
761 4880 789 4930 et
800 4893 859 4931 non
870 4879 959 4932 multa

124 4978 258 5033 corpora,
272 4963 310 5016 ita
320 4980 411 5017 unum
422 4966 603 5020 sacrificium
615 4966 745 5020 diversis
754 4965 855 5019 locisa
866 4967 961 5021 diver·

124 5052 170 5107 sis
187 5051 357 5106 hominibus
374 5053 567 5123 sacrificatur,
586 5058 614 5109 et
628 5055 737 5125 ubique
749 5058 795 5109 est
805 5055 891 5111 idem.
904 5056 961 5112 Per

122 5142 222 5212 partes
234 5139 382 5209 dividitur,
396 5145 450 5195 eta
467 5141 566 5196 multis
583 5144 735 5212 accipitur,
748 5146 776 5197 et
787 5159 905 5213 semper
915 5151 961 5199 est

123 5229 281 5301 integrum.
294 5228 462 5284 Sicutenim
471 5230 655 5284 individuum
666 5235 712 5285 est
727 5247 793 5285 cum
809 5232 957 5304 dividitur,

123 5317 169 5375 sic
179 5317 381 5389 incorruptum
393 5334 459 5373 cnm
471 5318 559 5374 luerit
570 5321 729 5389 sumptum.
742 5318 863 5376 Chistus
874 5322 905 5375 in
916 5337 960 5377 sa-

123 5410 272 5465 cramento
283 5422 337 5477 per
351 5415 449 5476 partes
464 5407 658 5461 manducatur
673 5410 700 5462 et
717 5410 814 5463 manet
828 5409 955 5483 integer,

123 5495 958 5569 totusincoelo,totusincordetuc,totusintracto,totusin

121 5583 377 5666 integralitatem
386 5585 601 5664 ectinexiguo,
612 5588 753 5665 quantum
763 5591 878 5650 consul
886 5603 956 5649 esse

1051 4433 1198 4499 Quaeritur
1214 4448 1266 4485 cnr
1282 4447 1390 4502 corpus
1402 4434 1430 4486 et
1440 4431 1565 4503 sanguis
1577 4431 1688 4486 Christi
1697 4432 1727 4487 in
1737 4447 1813 4502 pane
1823 4434 1852 4487 et

1016 4523 1085 4578 vino
1102 4521 1198 4593 magis
1214 4524 1406 4574 consecretur
1421 4537 1508 4591 quam
1520 4521 1678 4575 incaeteris
1694 4536 1851 4591 corporum

1017 4611 1187 4683 speciebus.
1199 4609 1244 4663 hd
1256 4608 1334 4679 quod
1345 4609 1543 4678 respondetur
1554 4609 1693 4679 quoniam
1704 4609 1782 4663 sicut
1796 4624 1849 4680 pa·
1871 4598 1879 4610 '

1016 4703 1064 4756 nis
1080 4717 1118 4754 ex
1132 4699 1232 4753 multis
1248 4697 1365 4769 granis,
1383 4702 1411 4751 ct
1426 4697 1526 4751 vinum
1542 4712 1579 4751 ex
1595 4697 1695 4751 multis
1709 4698 1788 4767 uvis,
1805 4698 1850 4752 sic

1017 4789 1152 4844 Ecclesia
1172 4788 1208 4842 de
1229 4787 1357 4841 diversis
1380 4785 1518 4856 personis
1542 4785 1700 4857 colligitur.
1721 4785 1850 4857 Dignum

1016 4880 1104 4933 etiam
1118 4877 1172 4931 luit
1187 4880 1218 4930 ut
1233 4876 1346 4929 eisdem
1361 4874 1536 4944 speciebus,
1554 4873 1663 4945 quibus
1679 4889 1747 4929 caro
1762 4875 1850 4928 alitur

1017 4970 1045 5022 et
1059 4969 1176 5022 creatur
1190 4965 1220 5018 in
1242 4964 1373 5034 quolibet
1395 4963 1513 5019 homine
1534 4963 1714 5032 naturaliter,
1736 4964 1849 5018 eisdem

1017 5053 1253 5111 consecreturin
1272 5052 1425 5107 Dominico
1448 5052 1565 5107 homine
1589 5052 1795 5122 potentialiter.
1818 5053 1850 5107 Si

1016 5145 1102 5216 panis
1117 5145 1146 5197 in
1162 5155 1290 5211 carnem,
1303 5141 1441 5195 etvinum
1452 5141 1481 5194 in
1497 5141 1672 5212 sanguinem
1688 5141 1850 5212 cujuslibet

1016 5232 1243 5288 transformatur
1264 5229 1444 5298 naturaliter,
1470 5229 1561 5284 multo
1586 5231 1697 5302 magis,
1721 5230 1748 5284 si
1770 5230 1850 5284 Deus

1015 5321 1152 5391 voluerit,
1165 5322 1194 5374 in
1206 5335 1324 5374 carnem
1333 5322 1362 5374 et
1370 5319 1546 5391 sanguinem
1557 5334 1644 5374 suum
1656 5318 1852 5375 transferetur

1015 5410 1220 5483 potentialiter.
1232 5408 1305 5466 Cum
1316 5423 1389 5480 ergo
1399 5408 1485 5478 panis
1504 5408 1534 5463 in
1552 5423 1685 5479 carnem,
1703 5411 1731 5464 et
1746 5408 1849 5464 vinum

1015 5499 1046 5556 in
1061 5500 1238 5573 sanguinem
1252 5498 1344 5552 verbo
1361 5497 1477 5553 Domini
1491 5502 1627 5569 mutetur,
1642 5498 1705 5570 jam
1719 5514 1779 5555 non
1794 5499 1848 5555 de·

1015 5595 1115 5668 speret
1127 5591 1159 5647 in
1172 5589 1287 5665 Corpus
1301 5586 1412 5670 Christi
1425 5586 1524 5666 trajici
1534 5587 1686 5647 rationalis
1702 5591 1846 5666 creatura,
