3796 6022
133 315 194 378 747
500 314 722 397 APPENDIX
743 311 801 376 AD
824 309 1017 377 HUGONIS
1040 312 1185 376 OPERA
1205 312 1474 377 DOGMATICA.
1800 313 1859 378 748

134 492 242 566 plexus
265 494 406 566 speciem,
431 493 551 548 inclinat
570 511 669 550 ramos
693 510 766 550 snos
791 494 889 549 arbori
906 495 967 565 pnl—
982 494 1012 556 A
1026 509 1100 548 meae
1115 493 1220 566 (illidi.
1236 493 1352 559 Quem?
1366 493 1858 567 illumquipraeceditQuo?cdvi·

135 599 202 654 mae,
219 600 308 655 quam
323 599 433 638 maram
448 586 556 638 vocant
570 587 599 638 et
612 584 648 638 ab
664 583 714 638 illo
729 586 845 655 recepta
859 583 967 638 femina
1025 585 1093 652 tem,
1110 583 1137 637 si
1158 582 1296 655 diligens,
1318 583 1353 638 ed
1371 588 1502 653 mortem,
1520 585 1547 637 si
1562 584 1732 656 negligens,
1748 584 1860 655 quiesi

135 673 255 743 expetiti
276 672 450 728 concubitus
474 674 568 745 gratia
588 689 657 727 sese
673 673 703 728 in
717 673 845 743 priorem
861 675 969 727 statum
1025 687 1120 750 caecus
1128 688 1204 727 caeco
1214 673 1349 726 ducatum
1357 678 1493 744 praestat,
1502 673 1618 728 embola
1629 672 1746 727 teroem
1754 673 1858 728 cadant

134 777 205 816 mox
229 761 346 832 redigit.
373 760 421 815 Sic
446 761 610 831 spiritualis
635 762 880 832 contemplativus
899 778 970 816 sen·
1024 759 1856 831 (Memnxv).Quomodopraecedit?vitaetdoctrina.Sic

134 849 211 904 tiens
228 865 261 904 se
276 849 404 903 fructum
420 854 539 904 aeternae
555 850 622 905 vitae
638 866 813 922 generasse,
831 866 884 920 per
904 851 972 904 acti·
1024 848 1075 903 det
1085 848 1257 904 anumovile
1269 857 1298 904 et
1309 867 1382 904 unns
1389 850 1599 922 prasterldoan.
1610 848 1820 919 x).Unusinse
1832 855 1856 904 ct

133 954 202 992 vem
222 953 256 992 se
278 937 400 992 inclinat
423 938 600 1008 minoribuS,
624 955 662 993 ex
686 940 795 1010 quibus
813 942 971 1011 postquam
1024 953 1103 992 nnus
1117 954 1185 993 cum
1200 954 1303 1011 grege.
1317 939 1402 993 Unus
1422 940 1452 992 in
1468 955 1512 1008 se,
1526 943 1556 993 ut
1568 938 1646 1010 quod
1661 938 1749 994 docet
1759 939 1857 993 verbis

134 1026 356 1097 praedicationis
379 1027 508 1082 tractum
531 1028 686 1099 receperit,
714 1030 821 1083 iterum
844 1029 881 1082 ad
903 1044 972 1083 con·
1024 1026 1144 1096 impleut
1162 1027 1323 1097 operibus3
1344 1043 1432 1097 nnus,
1445 1031 1475 1082 ut
1491 1043 1549 1082 non
1566 1030 1695 1082 mutetur
1707 1029 1857 1099 prosperis

134 1115 356 1187 temptationem
371 1117 538 1170 revertitur.
1025 1113 1073 1169 vel
1083 1115 1221 1170 adversis
1234 1130 1241 1184 3
1255 1131 1332 1170 unus
1344 1132 1410 1170 cum
1422 1131 1525 1188 grege,
1537 1118 1594 1170 uta
1605 1115 1736 1170 subditis
1746 1132 1808 1171 non
1818 1117 1857 1170 di-

133 1203 196 1260 Tm.
213 1203 348 1258 CXXIX.
365 1203 410 1259 Dc
426 1203 559 1268 culcitra,
576 1205 720 1259 cervicali
740 1213 769 1262 et
789 1207 974 1279 coopertorio
1026 1203 1419 1275 videturperpretiosiorem
1431 1203 1587 1259 cibumve!
1598 1203 1858 1275 habitum,dumtlt

453 1292 655 1347 eonscientiae.
1006 1350 1009 1355 ,
1027 1307 1104 1346 unus
1116 1307 1170 1362 per
1182 1293 1420 1363 compassionem
1440 1292 1577 1362 infirmis,
1594 1308 1648 1363 per
1664 1293 1865 1364 dispensatio-⁴

170 1381 215 1437 Sit
225 1380 330 1436 animae
341 1381 436 1436 beatae
446 1381 568 1435 culcitra
576 1383 767 1438 conscientie
776 1400 840 1439 suee
849 1385 972 1456 parites,
1027 1396 1095 1436 nem
1111 1397 1177 1436 cum
1193 1381 1339 1452 delicatis,
1354 1385 1385 1437 ut
1400 1382 1478 1437 dieat
1494 1398 1560 1437 cum
1578 1382 1740 1452 Apostolo:
1761 1382 1858 1437 Omnia

134 1470 174 1527 sit
183 1470 310 1525 cervical
322 1473 372 1524 aut
383 1469 505 1540 capitale
524 1471 731 1542 tranquillitas,
753 1474 972 1543 coopertorium
1028 1470 1509 1543 omnibnstactussnmtICor.1x),
1521 1485 1580 1525 non
1590 1470 1742 1542 fugientes
1754 1486 1790 1526 ee
1800 1488 1858 1543 que

135 1559 292 1629 securitas,
306 1562 334 1614 et
348 1559 379 1612 in
395 1559 452 1613 hoe
467 1562 559 1613 strato
575 1559 790 1616 delectabiliter
805 1562 932 1616 dormiat
946 1565 975 1617 et
1027 1558 1630 1631 praecipiunt,imponentescnereqravia,
1640 1559 1859 1632 quaenecdigito

135 1648 263 1705 feliciter
275 1648 453 1719 requiescat.
1032 1647 1129 1702 volunt
1140 1663 1261 1702 movere
1269 1648 1389 1719 (Metili.
1407 1648 1500 1717 xxia).
1512 1648 1591 1702 Talis
1602 1651 1649 1702 est
1658 1652 1763 1719 pastor
1773 1650 1859 1722 negli-

170 1737 232 1793 Trr.
244 1737 366 1792 cxxX.
378 1738 423 1793 lle
433 1737 614 1793 diversitate
629 1754 729 1794 eoram
744 1741 793 1812 qni
805 1746 939 1812 praesunt
1029 1752 1117 1809 gens,
1128 1736 1858 1808 quietmercenariusdicitur.Taleseuntquiprava

340 1833 370 1882 et
387 1842 488 1881 corum
503 1826 610 1898 quibus
622 1834 768 1898 praesunt.
990 1808 1017 1873 Β
1031 1828 1133 1899 agunt,
1143 1827 1172 1879 et
1179 1825 1475 1896 reprebendinolunt.
1484 1827 1578 1896 Libet,
1586 1826 1680 1898 inquit
1688 1827 1856 1899 Gregorius,

171 1915 266 1988 Scire,
287 1931 390 1987 posse,
412 1920 441 1970 et
464 1915 541 1970 velle
556 1932 701 1987 praeesse,
719 1916 871 1972 charitatis
886 1921 932 1973 est
947 1917 975 1972 si
1030 1917 1063 1970 ut
1076 1930 1143 1968 eum
1153 1912 1277 1969 licenter
1287 1915 1375 1969 etiam
1389 1914 1488 1969 illicita
1500 1914 1619 1984 iaciunt,
1629 1930 1717 1971 nemo
1727 1915 1857 1971 subdito·

135 2004 228 2061 veliut
236 2006 381 2077 prodesse
393 2021 399 2074 3
412 2004 573 2075 superbire,
585 2006 611 2059 si
623 2005 727 2060 nolint.
737 2005 831 2077 Scire,
843 2009 975 2077 possset
1029 2019 1094 2058 rum
1106 2003 1297 2074 contradicat,
1310 2003 1425 2058 cunctis
1440 2019 1474 2059 se
1489 2003 1660 2059 existimant
1674 2004 1804 2075 amptius
1815 2021 1857 2060 sa·

135 2094 214 2152 nolle
225 2095 398 2149 humilitatis
409 2099 466 2164 est,
484 2093 510 2148 si
527 2097 674 2164 renuunt3
691 2096 815 2165 inertiae,
834 2096 859 2149 si
878 2096 975 2150 onmi-
1028 2108 1109 2163 pere,
1122 2092 1231 2163 quibus
1250 2108 1284 2147 se
1299 2093 1401 2147 vident
1411 2093 1538 2164 amplius
1554 2108 1656 2163 posse.
1675 2094 1742 2148 Hoc
1756 2097 1856 2163 amant,

107 2214 111 2219 ·
136 2200 175 2240 no
187 2184 346 2239 desistunt.
359 2184 421 2238 Nec
434 2183 522 2252 scire,
536 2198 591 2237 nec
602 2199 703 2254 posse,
717 2185 770 2238 sed
781 2185 867 2254 velle,
879 2184 974 2240 ambi·
1028 2180 1123 2234 videri
1134 2181 1295 2252 sapientes,
1308 2185 1336 2236 ct
1347 2196 1416 2236 esse
1428 2185 1573 2252 potentes.
1583 2182 1858 2239 Haecestcausaan·

135 2273 222 2329 tiosae
241 2272 409 2343 cupiditatis
429 2275 484 2342 est,
507 2272 553 2326 vel
569 2273 712 2326 stultitiae.
733 2272 796 2327 Nee
815 2273 904 2343 scire,
921 2289 975 2327 nec
1028 2270 1133 2343 gelioae
1149 2275 1178 2325 et
1197 2270 1332 2325 humane
1351 2271 1454 2326 ruinae.
1468 2271 1601 2343 Angelus
1617 2272 1858 2328 cumvelleteese

136 2378 239 2434 posse,
257 2378 312 2416 nec
329 2362 415 2430 velle,
433 2361 624 2415 discretionis
636 2364 682 2416 est
696 2365 725 2415 et
738 2362 774 2416 ad
790 2361 846 2416 hoc
857 2362 974 2416 coelitus
1029 2360 1187 2430 potentior,
1210 2360 1287 2430 ruit,
1310 2360 1399 2415 bomo
1425 2376 1492 2415 cum
1519 2360 1690 2431 sapientior,
1726 2362 1858 2433 desipuit.

138 2450 214 2505 datee
237 2450 411 2520 prudentiae.
434 2450 565 2514 Quatuor
588 2465 625 2503 ex
650 2449 709 2519 bis,
735 2450 825 2504 idest
841 2450 974 2521 stultitia,
1029 2447 1104 2502 Tres
1119 2451 1217 2502 autem
1232 2452 1301 2503 sunt
1316 2450 1434 2519 species
1460 2450 1710 2521 negligentiarum
1726 2452 1859 2522 praelato·

137 2537 811 2609 inertia,cupiditasctsuperbiancgligentiam
820 2542 974 2610 generant.
1029 2554 1104 2592 rum.
1123 2537 1219 2591 Prima
1235 2541 1282 2592 est
1296 2553 1400 2592 eorum
1415 2539 1465 2609 qui
1475 2538 1551 2593 bene
1563 2539 1676 2607 vivunt,
1689 2544 1718 2594 et
1728 2541 1859 2596 subditos

139 2627 265 2697 Reliqua
284 2642 355 2681 vero
374 2629 509 2696 quatuor,
528 2626 558 2680 id
575 2629 621 2680 est
640 2627 804 2697 prudentie,
823 2627 974 2698 discretio,
1029 2626 1104 2681 mele
1125 2627 1227 2680 vivere
1253 2628 1433 2696 permittunt.
1451 2627 1587 2682 Secunda
1602 2631 1648 2683 est
1663 2629 1715 2700 qui
1730 2629 1807 2684 male
1821 2629 1860 2682 vi·

138 2715 291 2771 humilitas
303 2715 481 2785 eteberitas,
493 2714 975 2789 sinutritafuerintnegligentiem
1029 2718 1111 2786 vunt,
1139 2718 1167 2770 et
1191 2715 1328 2770 subditos
1352 2717 1428 2771 bene
1450 2717 1552 2771 vivere
1569 2722 1688 2788 cogunt.
1707 2718 1806 2774 Tertia
1822 2721 1862 2774 est

139 2804 974 2877 eliminantadprudentiamquidempertinetconsilium,
1030 2805 1079 2876 qui
1104 2805 1179 2859 niele
1200 2804 1313 2875 vivunt,
1338 2809 1366 2860 et
1389 2806 1526 2861 subditos
1546 2807 1620 2861 male
1635 2807 1738 2862 vivere
1753 2808 1860 2863 volunt.

139 2895 176 2949 ed
186 2893 561 2966 discretionemjudicium,
574 2895 610 2948 ed
620 2894 813 2949 bumilitatem
828 2896 973 2966 custodia,
1030 2893 1120 2948 Primi
1141 2893 1255 2949 similes
1271 2894 1347 2963 Heli,
1364 2895 1453 2966 cujus
1469 2896 1521 2949 tilii
1536 2911 1602 2950 oum
1614 2896 1862 2969 mulieribusque

139 2985 177 3040 ad
186 2985 357 3040 charitatem
366 2984 527 3056 diligentia.
538 2985 701 3039 tionsilinm
710 2985 874 3055 prudentiae
886 3001 976 3056 sepa·
1031 2983 1231 3038 observabant
1241 2983 1276 3038 ad
1289 2986 1398 3039 ostium
1410 2985 1591 3039 tabernaculi
1601 2985 1804 3057 dormiebant3
1818 2986 1861 3058 qui

139 3077 184 3129 rat
197 3074 292 3129 malos
304 3091 320 3128 e
331 3074 430 3143 bonis,
444 3073 590 3146 judicium
605 3075 795 3129 discretionis
811 3075 975 3147 eligitque
1031 3073 1185 3128 venientes
1200 3074 1230 3126 in
1245 3072 1306 3128 Silo
1323 3074 1493 3128 sacriticere
1509 3089 1568 3128 non
1582 3074 1802 3145 permittebant,
1814 3074 1863 3131 sed

139 3165 263 3219 meliora
274 3167 353 3233 sunt,
367 3163 539 3217 humilitatis
551 3164 696 3235 custodia,
714 3164 818 3217 damae
831 3165 903 3219 vitet
913 3165 976 3218 vir·
1033 3165 1191 3233 antequam
1212 3163 1425 3217 incendebatur
1448 3164 1483 3217 ad
1499 3179 1574 3233 opus
1591 3163 1733 3219 sacrificii
1748 3180 1864 3220 carnem

139 3256 244 3324 tutum,
257 3253 419 3325 diligentia,
432 3253 607 3322 periculum.
630 3253 661 3306 ln
677 3253 724 3307 bis
736 3253 918 3325 negligentia
929 3254 975 3309 lo·
1034 3253 1155 3306 crudam
1169 3252 1322 3322 rapiebant
1336 3252 1362 3313 (I
1376 3253 1449 3325 lth.
1466 3255 1507 3323 n).
1527 3252 1618 3317 Quasi
1643 3253 1695 3307 lilii
1718 3254 1787 3309 Heli
1801 3256 1864 3309 sunt

141 3357 208 3396 oum
223 3358 282 3397 non
302 3342 400 3396 babet.
421 3341 491 3395 lllos
511 3357 582 3396 vero
608 3343 658 3412 qui
680 3343 844 3411 prudentiae
869 3343 976 3399 oculos
1033 3341 1084 3412 qui
1099 3341 1155 3395 sub
1171 3341 1301 3411 praelatis
1316 3341 1392 3397 bene
1409 3343 1579 3397 viventibus
1593 3342 1752 3414 dormiunt,
1769 3344 1817 3400 vel
1828 3359 1865 3399 re

141 3433 260 3501 apertos
272 3430 392 3499 habent,
405 3429 532 3501 caligine
544 3434 640 3485 tamen
651 3430 977 3503 stultitiae,quieabono
1032 3431 1116 3485 aliter
1138 3447 1204 3484 cum
1230 3431 1328 3485 carnis
1354 3432 1512 3487 desideriis
1533 3448 1566 3487 se
1583 3432 1782 3505 conjungunt.
1799 3433 1864 3488 llloe

142 3534 231 3588 opere
250 3518 361 3572 inertes
381 3521 507 3588 torpent,
524 3519 604 3589 quod
614 3535 669 3588 per
679 3520 868 3589 cupiditatem
877 3522 913 3575 ad
924 3537 978 3576 vo-
1032 3519 1082 3590 qni
1098 3520 1220 3575 veniunt
1235 3520 1264 3574 in
1283 3520 1354 3592 Silo,
1376 3536 1412 3575 ne
1428 3522 1597 3576 sacrificent
1610 3522 1786 3593 impediunt,
1804 3536 1865 3578 cum

141 3606 279 3678 luptuosa
291 3607 505 3676 distrahuntur,
517 3612 546 3661 et
557 3623 610 3678 per
626 3609 797 3679 superbiam
816 3610 978 3665 humilibus
1033 3610 1150 3663 noviter
1164 3625 1339 3680 conversos,
1355 3611 1448 3665 verbo
1473 3615 1502 3665 et
1526 3610 1661 3681 exemplo
1685 3611 1865 3666 retrabunta

141 3712 201 3753 non
212 3696 464 3766 condescendunt,
480 3696 661 3768 negligentia
674 3697 818 3766 possidet.
835 3701 891 3753 Per
901 3700 978 3753 stul·
1033 3697 1122 3752 bono.
1139 3698 1311 3769 accipiendi
1321 3699 1494 3770 adipemjus
1510 3700 1658 3754 sacerdoti
1674 3716 1735 3755 non
1750 3702 1864 3771 permit·

139 3785 539 3858 titiemintratnegligentie3
559 3786 758 3856 perinertinm
770 3788 978 3859 manettlnpi·
1034 3789 1106 3852 tunt,
1139 3787 1207 3857 quia
1228 3789 1375 3843 exstincto
1404 3790 1475 3860 igne
1501 3789 1652 3844 charitatis
1681 3789 1865 3845 dnlcedinem

141 3875 239 3931 ditetis
258 3877 408 3931 desiderio
428 3875 569 3946 pascitur,
589 3891 643 3946 per
668 3877 838 3946 snperbiam
863 3882 977 3949 regnat.
1034 3876 1135 3930 cordis
1159 3876 1246 3931 bonae
1271 3877 1379 3931 actioni
1400 3893 1460 3932 non
1474 3877 1641 3939 infundunt.
1658 3877 1786 3934 Carnem
1801 3895 1864 3934 cni·

141 3964 248 4018 Audiet
256 3964 415 4036 negligens
427 3968 529 4033 pastor
540 3964 610 4034 quid
622 3963 704 4018 sibia
717 3964 851 4038 diligenti
860 3970 979 4036 pastore
1034 3965 1101 4019 dam
1117 3981 1175 4020 non
1191 3968 1304 4020 coctam
1314 3971 1460 4037 quoerant,
1474 3967 1542 4037 quia
1553 3966 1755 4022 tribulationis
1771 3968 1865 4040 ignem

143 4051 266 4106 dieitur:
285 4053 386 4106 Bonas
398 4060 505 4123 pastor
519 4053 645 4107 enimam
661 4069 743 4107 suam
754 4055 902 4126 ponitpro
913 4057 979 4111 ovi·
1033 4053 1194 4126 fugientes,
1218 4056 1381 4125 paupertati
1406 4059 1435 4110 ct
1458 4055 1552 4110 labori
1576 4071 1609 4110 se
1631 4055 1822 4112 subtrahunt.
1840 4057 1865 4110 ln

142 4138 199 4194 bus
211 4139 276 4193 suis
286 4139 378 4205 (doen.
391 4143 431 4209 xl.
443 4141 527 4194 Ponit
538 4141 588 4212 qui
599 4157 652 4211 per
662 4142 770 4196 ostium
781 4143 980 4200 intransinter
1033 4145 1149 4198 camino
1164 4145 1242 4198 enim
1259 4146 1440 4214 paupertatis
1456 4145 1582 4217 decoqui
1598 4144 1695 4199 solent
1712 4146 1783 4200 vitia
1806 4162 1864 4201 car·

142 4226 261 4300 linguas
273 4228 454 4283 adulantium
472 4234 500 4283 et
518 4229 734 4284 detrahentium
744 4233 859 4287 medius
870 4234 979 4288 incedit
1034 4233 1092 4303 nie,
1117 4248 1237 4287 carnem
1261 4233 1383 4287 crudam
1408 4233 1474 4287 ideo
1498 4233 1678 4304 desiderant,
1695 4238 1728 4289 ut
1742 4234 1863 4306 quando,

144 4317 284 4389 omnium,
304 4317 442 4373 omnibus
453 4333 487 4372 se
502 4318 646 4388 subdens,
659 4323 686 4374 et
694 4321 900 4390 pusillanimes
909 4338 978 4378 con·
1035 4335 1132 4392 quam,
1148 4326 1176 4376 et
1192 4324 1332 4392 quantem
1347 4322 1449 4377 volunt
1464 4323 1523 4377 sibi
1538 4327 1678 4394 coquant.
1698 4323 1790 4379 Tales
1804 4325 1865 4380 suat

144 4406 258 4463 solatur
274 4410 304 4462 et
324 4406 479 4477 confortat,
501 4406 641 4477 superbis
656 4409 778 4464 resistit.
791 4412 871 4466 Talis
881 4386 1020 4482 potestD
1035 4410 1086 4482 qui
1101 4410 1130 4465 id
1145 4410 1274 4466 claustro
1290 4411 1377 4482 quasi
1391 4412 1421 4465 in
1435 4412 1496 4466 Silo
1512 4411 1552 4465 nil
1568 4412 1689 4482 iaciunt,
1705 4413 1767 4469 nisi
1783 4411 1864 4486 qnod,

144 4495 263 4552 dicere:
281 4497 431 4570 Cognosce
445 4512 520 4552 oves
534 4513 616 4552 maes
626 4503 655 4552 ct
664 4507 842 4571 cognoscunt
852 4517 979 4557 mameae
1036 4500 1084 4554 vel
1100 4501 1216 4570 quando
1227 4499 1275 4554 vel
1289 4503 1430 4570 qnantum
1446 4501 1558 4556 volunt.

144 4585 254 4657 (ibid).
269 4585 462 4658 Cognoscunt
476 4601 548 4641 oves
565 4587 649 4641 maloe
665 4590 814 4658 pastorem
826 4590 980 4661 increpan·
1036 4590 1098 4644 Tra.
1113 4588 1238 4642 cxxxi
1254 4589 1299 4643 De
1311 4590 1504 4660 prelatorum
1519 4591 1685 4645 constentia
1701 4598 1732 4646 et
1748 4591 1864 4647 duritie.

144 4678 214 4745 tem,
239 4676 442 4731 consolantem
466 4675 564 4731 bonae.
590 4677 753 4748 Cognoscit
776 4680 878 4749 pastor
908 4695 980 4735 oves
1071 4678 1336 4732 Tantaconstantia
1351 4679 1645 4733 debetinessebonis
1660 4680 1866 4751 pastoribusct

145 4779 245 4818 mores
262 4769 291 4819 et
305 4769 389 4819 aetus
400 4781 501 4820 earnm
512 4765 670 4837 diligenter
683 4766 879 4836 inspiciendo.
898 4769 981 4824 Unde
1036 4767 1187 4838 tortitudo,
1205 4769 1236 4821 ut
1250 4783 1305 4821 nec
1320 4766 1458 4822 laudibus
1472 4783 1527 4822 neo
1542 4767 1695 4823 blanditiis
1717 4785 1733 4823 a
1749 4771 1865 4825 veritate

146 4852 318 4907 dictumest
335 4869 341 4907 :
359 4853 476 4909 Vultum
491 4856 612 4925 pecoris
631 4855 796 4928 diligenter
812 4858 980 4928 considere,
1036 4857 1201 4925 flectantur,
1213 4870 1268 4910 nec
1283 4855 1427 4911 conviciis
1444 4859 1626 4911 moveantur.
1642 4856 1728 4923 Quod
1745 4857 1866 4914 ostendit

146 4955 200 5010 per
229 4939 450 4996 confessionem
478 4944 578 5014 corda,
607 4960 661 5014 per
685 4946 983 5015 circumspectionem
1037 4946 1181 5000 Dominus
1192 4945 1296 4999 dicens
1306 4945 1543 5016 adl’rophetem:
1560 4945 1597 4999 Ut
1608 4946 1796 5002 adamantem
1806 4950 1865 5003 ctat

147 5043 247 5099 opera.
268 5029 355 5084 Addit
371 5030 537 5087 Dominus:
560 5033 601 5086 Et
623 5049 720 5088 vocem
743 5050 837 5089 mcem
860 5035 982 5091 endinnt
1037 5035 1153 5089 silicem
1162 5033 1233 5089 dedi
1242 5033 1349 5089 taciem
1359 5040 1436 5088 tuem
1445 5035 1566 5097 (Eaeclr.
1576 5035 1629 5107 ιιι).
1638 5035 1867 5107 Lapidisutrius-

147 5117 248 5190 (ibid.)
270 5119 345 5174 Tres
369 5124 437 5174 sunt
460 5136 551 5175 voees
573 5123 714 5193 pastoris,
741 5123 855 5193 suavis,
872 5124 980 5195 dulcis,
1038 5139 1094 5195 qne
1116 5123 1223 5177 duritia
1235 5139 1343 5196 magne
1358 5127 1414 5194 est,
1430 5124 1484 5179 sed
1498 5140 1587 5195 nnus,
1598 5123 1627 5178 id
1638 5125 1867 5198 estadamus,ia

148 5206 216 5262 alte.
233 5207 339 5262 Suavis
355 5209 392 5263 ad
406 5210 564 5277 intlrmum,
583 5209 679 5265 dulcis
694 5212 730 5265 ed
745 5213 929 5283 morientem,
946 5213 983 5268 ad
1037 5213 1131 5284 pretio
1141 5212 1285 5283 babetur;
1300 5212 1510 5284 elterpedibus
1521 5212 1722 5270 conculcatur.
1736 5214 1867 5288 listergo

147 5296 273 5351 surdum
299 5299 426 5366 pertinet
454 5299 521 5354 alta.
559 5299 726 5354 Intlrmatur
762 5302 813 5371 qui
844 5305 981 5375 tentetur,
1038 5303 1116 5358 sicut
1131 5302 1250 5356 adamas
1265 5303 1368 5373 pastor
1391 5301 1535 5359 Ecclesiae
1553 5303 1669 5375 quando
1684 5302 1824 5360 laudetur
1837 5303 1868 5359 ab

148 5385 274 5441 moritur
308 5387 359 5457 qui
387 5387 534 5455 desperet,
562 5388 673 5442 surdus
697 5391 743 5443 est
771 5389 823 5460 qui
844 5407 904 5446 non
929 5409 983 5447 an·
1039 5392 1208 5447 bominibus
1223 5394 1252 5446 et
1267 5391 1870 5462 bonoratur,nectamenlaudeveladula·

149 5476 200 5531 dit.
229 5476 288 5532 Sed
314 5475 450 5529 intirmus
481 5490 604 5530 suavem
635 5478 714 5532 audit
743 5493 847 5535 vocem
873 5496 983 5537 conso·
1038 5481 1117 5536 done
1132 5497 1150 5535 a
1164 5484 1246 5537 recto
1260 5481 1433 5538 deflectitur.
1446 5481 1500 5537 Est
1509 5482 1597 5538 etiam
1605 5483 1795 5540 duritiaboni
1805 5500 1870 5557 pes·

148 5559 279 5635 lationis,
296 5563 461 5634 desperans
476 5564 662 5621 dulcedinem
677 5567 904 5642 obsecrationis,
921 5587 985 5627 sur·
1038 5570 1556 5647 torissicutduritiasilicis,quando
1572 5588 1625 5646 pro
1638 5570 1757 5647 iustitia
1773 5573 1872 5649 despi-

150 5652 206 5712 dus
235 5654 432 5737 asperitatem¹
445 5654 667 5731 increpationis.
694 5657 733 5715 at
753 5665 918 5736 sequuntur
937 5677 985 5719 me
1039 5663 1116 5719 citur
1133 5665 1162 5720 et
1184 5663 1375 5721 conculcetur
1389 5666 1418 5723 et
1441 5663 1562 5745 indigne
1582 5681 1603 5722 a
1622 5664 1709 5724 melis
1733 5668 1874 5727 mentm
