3796 6022
58 228 120 304 tea

536 231 593 302 aa
615 227 778 303 aurora
800 227 1014 301 coaroms
1034 184 1090 302 ar
1112 180 1318 306 salmana.

1728 235 1789 311 294

57 453 130 495 esse
146 437 236 494 debet
251 454 361 494 sermo.
384 437 515 493 Primum
535 439 566 493 tlt
586 455 685 494 sermo
701 438 752 494 Dei
768 439 891 509 educa,
907 422 937 484 Α
952 454 1046 509 ειιρει
1060 439 1220 509 Christum,
1233 444 1303 496 tuuc
1319 441 1403 513 quasi
1413 442 1449 496 ad
1458 442 1659 513 pontificatum
1675 444 1787 502 electus

55 531 162 599 postea
173 543 273 583 sermo
284 531 386 591 noster
395 529 431 582 ad
443 529 545 583 Deum.
555 529 680 584 Duobus
689 531 785 584 autem
797 528 893 583 modia

952 531 1008 582 est.
1025 527 1148 592 Quando
1162 529 1192 583 in
1207 534 1305 584 monte
1325 530 1436 585 dictum
1454 535 1510 601 est,
1527 534 1597 587 tune
1613 535 1698 605 quasi
1713 551 1788 604 pon-

56 618 86 671 at
102 633 205 672 sermo
222 617 274 671 Dei
289 616 324 670 ad
341 632 407 686 nos,
424 618 549 672 interius
564 620 593 672 et
607 618 748 672 exterius.
766 617 893 672 lnteriue
949 613 1023 670 titex
1038 621 1085 670 εει
1100 617 1253 672 ordinatus
1268 623 1296 672 et
1310 623 1393 674 vesta
1413 620 1534 674 indutus
1549 620 1666 692 gloriosi
1681 621 1788 678 Postea

54 721 109 777 per
120 706 346 776 inspirationem
355 707 486 761 exterius
497 722 550 777 per
560 707 810 776 praedicationem.
822 706 894 761 ltem

55 812 109 867 per
131 795 356 865 inspirationem
375 795 492 850 duobus
512 796 623 863 modis,
646 811 699 865 per
718 797 851 849 naturam
867 798 894 849 ct

55 899 110 955 per
125 885 262 956 gratiam.
275 883 332 938 Per
346 888 490 952 naturam,
502 884 618 956 quando
634 884 759 939 conditis
772 884 895 954 inspirat

56 973 260 1044 cognitionem
275 972 363 1042 boni3
378 989 432 1044 per
452 974 592 1045 gratiam,
614 973 731 1044 quando
750 973 895 1044 reparatis

56 1062 199 1134 suggerit
209 1077 340 1117 amorem
351 1061 431 1116 boni.
445 1061 568 1116 Duobus
585 1063 672 1117 etiam
687 1062 783 1118 modis
798 1062 829 1116 ht
843 1077 896 1117 no·

56 1153 121 1204 ster
131 1166 233 1205 sermo
244 1150 280 1204 ad
297 1150 464 1221 ipsum,ch
481 1150 663 1205 consulendo
680 1151 832 1220 rationem,
847 1151 895 1205 vel

56 1238 212 1294 reddendo
222 1240 376 1294 rationem.
388 1238 419 1293 Si
435 1239 522 1294 modo
537 1240 680 1294 rationem
695 1255 733 1294 ex
746 1239 895 1295 voluntate

58 1328 220 1383 consulere
236 1327 271 1382 ad
287 1327 453 1382 iaciendum
465 1327 614 1398 nolumus,
626 1332 695 1383 tuno
707 1344 745 1384 ex
759 1329 895 1384 necessi-

56 1419 116 1471 tato
132 1418 170 1471 de
185 1416 272 1471 iactis
288 1417 431 1471 rationem
446 1417 623 1472 reddemus:
641 1418 718 1472 sicut
733 1417 763 1472 in
779 1419 895 1488 Apoca-

57 1505 135 1576 lypsi
157 1505 297 1560 dicuntur
318 1505 385 1560 libri
410 1504 517 1577 aperti,
543 1509 572 1561 et
595 1507 700 1562 deinde
721 1506 798 1561 liber
819 1506 896 1562 alius

58 1597 183 1666 apertus
199 1595 250 1666 qui
266 1597 312 1649 est
325 1595 409 1665 vitae,
431 1598 534 1666 postea
547 1594 698 1666 judicatos
713 1598 845 1650 mortuos
859 1611 897 1650 ex

57 1683 95 1738 iis
108 1699 178 1756 quae
190 1684 301 1755 scripta
312 1687 394 1739 erant
407 1685 437 1739 in
450 1683 535 1739 libris
545 1683 647 1756 (Apoc.
661 1685 722 1752 xx).
736 1683 817 1738 Libri
828 1686 898 1738 suut

57 1772 150 1828 corda
166 1772 328 1828 homanum.
346 1772 437 1828 Liber
450 1774 518 1828 vitm
534 1775 581 1828 est
591 1773 744 1844 sapientia.
763 1773 816 1828 Dei
830 1773 898 1829 libri

58 1861 244 1932 aperiuntur,
254 1861 372 1934 quando
383 1862 540 1930 manifesta
551 1866 620 1917 sunt
629 1865 743 1917 secreta
753 1862 896 1918 cordium.

58 1949 152 2005 Liber
168 1952 237 2006 vitm
252 1950 410 2022 aperietur,
427 1951 544 2022 quaudo
560 1952 719 2023 unicuique
740 1952 805 2007 luce
820 1953 897 2006 iute-

58 2039 134 2094 riori
145 2039 309 2098 maniteste
322 2042 454 2111 patescet
468 2056 554 2095 omne
566 2041 643 2112 quod
658 2040 825 2096 laciendum
840 2044 896 2096 est.

59 2127 95 2182 Et
111 2127 222 2182 mortui
237 2142 275 2182 ex
290 2127 337 2183 bis
354 2144 421 2203 quae
432 2129 461 2183 in
472 2129 557 2185 libris
568 2133 647 2199 suut,
664 2146 723 2185 non
738 2146 804 2201 quoe
819 2130 848 2184 in
864 2129 898 2184 li·

58 2215 126 2285 bro,
140 2215 323 2288 judicantur,
340 2217 408 2288 quia
428 2221 600 2290 peccatores
620 2234 658 2272 ex
676 2217 740 2272 suis
757 2218 909 2290 operibus.-

55 2304 281 2376 judicabuntur.
306 2305 389 2361 Libri
410 2308 506 2362 nostri
530 2306 566 2361 ad
590 2306 697 2362 librum
720 2307 771 2361 Dei
795 2307 898 2378 scripti

59 2396 141 2465 sunt,
159 2394 229 2467 quia
243 2394 333 2449 corda
344 2399 446 2451 nostra
456 2397 493 2450 ad
508 2395 731 2451 similitudinem
744 2396 897 2466 sapientiae

61 2482 116 2538 Dei
131 2483 250 2538 condita
266 2487 335 2539 suut
346 2483 423 2539 sieut
434 2485 558 2540 dicitur:
575 2483 731 2557 Signatum
747 2491 792 2540 cst
808 2500 899 2556 super

61 2571 222 2628 nostumen
231 2571 328 2627 raltus
336 2573 388 2641 tui,
399 2573 542 2645 Domine(
543 2572 625 2629 Psal.
634 2575 686 2644 ιιι).
694 2573 798 2629 Adbuc
806 2572 898 2628 scribi

62 2661 175 2743 debent
187 2660 256 2717 libri
270 2662 367 2719 nostri
386 2663 551 2718 seeundum
571 2663 722 2735 exemplar
735 2662 803 2717 libri
817 2663 897 2731 ritae,

62 2749 899 2821 sicutdicithpostolus:Estoteimitatorastristisicut

61 2837 121 2894 lilii
142 2838 317 2895 charissimi
341 2840 466 2914 (Epiros.
484 2841 524 2907 vl.
541 2841 605 2896 Etsi
619 2840 721 2911 scripti
738 2856 798 2895 non
813 2843 897 2910 sunt,

62 2928 171 2984 saltem
190 2929 361 3003 corrigendi
379 2933 458 2985 sunt.
481 2929 675 2985 Corrteramus
692 2929 789 3001 itaque
804 2929 899 2984 libros

951 706 981 759 in
996 706 1080 761 tertia
1095 723 1169 760 voce
1185 723 1251 778 quaa
1266 708 1302 760 ad
1318 723 1384 762 eum
1403 708 1483 763 venit
1506 709 1542 763 de
1561 710 1646 780 coelo,
1663 711 1787 769 dicens:

951 793 992 847 Et
1007 793 1182 861 clarihcari,
1200 801 1230 848 ει
1246 796 1354 849 iterum
1364 795 1535 851 claritieabo
1549 797 1636 866 (dean
1646 800 1728 869 xvir),
1739 817 1790 872 ap-

951 882 1094 954 probatus
1109 886 1137 936 et
1153 884 1344 938 confirmatus
1364 889 1410 938 cst
1424 885 1454 939 iu
1470 885 1612 956 dignitate
1629 903 1695 957 sua,
1711 888 1790 945 sicut

952 974 1051 1025 Aaron
1066 975 1134 1042 post
1144 971 1369 1041 ordinationem,
1382 973 1449 1044 quia
1463 975 1607 1044 quosdam
1623 976 1747 1031 aemuloe
1759 980 1788 1034 et

953 1075 1008 1114 suo
1025 1060 1191 1115 sacerdotio
1210 1061 1388 1132 derogantes
1405 1061 1547 1130 babuit,a
1567 1064 1628 1118 Deo
1646 1065 1789 1134 probatus

953 1151 998 1202 est
1009 1151 1037 1202 ot
1051 1149 1253 1204 contlrmatus
1272 1150 1303 1202 ln
1319 1153 1416 1204 monte
1428 1154 1540 1204 vestem
1554 1151 1658 1223 gloriae
1669 1154 1699 1208 in
1710 1156 1790 1210 ordi-

952 1238 1100 1291 nationem
1108 1238 1236 1307 accepit,
1248 1238 1502 1293 inresurrectione
1511 1239 1547 1293 ad
1559 1239 1724 1297 offerendas
1735 1261 1789 1315 ριο

952 1325 1151 1396 nobispreces
1160 1324 1469 1382 ueumtnanftbmms
1482 1343 1546 1382 uam
1553 1330 1744 1401 quapontitex
1753 1349 1793 1389 ex

951 1415 1121 1469 homiuibus
1131 1421 1297 1486 assumptus
1304 1432 1361 1486 pro
1371 1416 1540 1471 homiuibus
1554 1419 1746 1475 constituitur
1757 1422 1788 1476 in

952 1503 1002 1559 his
1013 1520 1078 1576 quoe
1086 1511 1153 1558 snat
1165 1505 1202 1559 ad
1213 1505 1314 1569 Deoia,
1327 1511 1356 1559 ut
1368 1503 1475 1560 atterat
1483 1506 1648 1562 oblationes
1659 1513 1688 1563 et
1699 1510 1791 1565 sacri·

953 1591 1020 1647 heia
1034 1609 1090 1664 pro
1102 1594 1237 1664 peccatis
1248 1593 1355 1662 (Hebr.
1371 1595 1414 1665 v.)
1429 1594 1545 1665 Duplex
1561 1611 1630 1650 esse
1645 1596 1793 1654 debebas·

954 1682 1083 1752 sumptio
1095 1697 1197 1738 eorum
1208 1684 1257 1753 qui
1268 1682 1481 1754 praeficiuntur,
1494 1682 1608 1738 scilicet
1623 1688 1654 1739 ut
1663 1685 1792 1756 primum

953 1771 1034 1825 intus
1048 1773 1236 1844 pergratiam
1250 1775 1442 1826 assumantur
1455 1772 1491 1825 ad
1508 1773 1713 1830 excellentiam
1727 1777 1791 1832 vir·
1861 1778 1865 1786 ‘

954 1860 1035 1930 tutis,
1045 1861 1232 1931 postmodum
1244 1859 1317 1914 ioris
1328 1876 1382 1931 per
1392 1860 1589 1916 obedientiam
1602 1868 1744 1920 rocentur
1753 1865 1791 1922 ad

955 1948 1159 2003 excellentiam
1175 1949 1339 2020 dignitatis.
1357 1947 1415 2002 atii
1438 1954 1633 2006 assumuntur
1646 1952 1736 2019 intua,
1762 1955 1792 2009 et

955 2052 1014 2091 nou
1031 2036 1103 2091 toris
1119 2036 1275 2090 sicutboni
1289 2035 1428 2108 subiecti.
1445 2037 1502 2090 atii
1514 2041 1790 2098 assumunturioria

955 2129 983 2179 ει
999 2141 1058 2179 ιιοιι
1073 2125 1153 2179 intus
1173 2125 1250 2179 sicut
1264 2124 1332 2179 mali
1354 2125 1477 2196 praelati‚
1494 2127 1544 2180 alii
1568 2128 1643 2184 ioris
1658 2134 1686 2185 et
1709 2129 1789 2186 intua

955 2214 1033 2268 sicut
1055 2214 1125 2268 boni
1150 2212 1273 2284 praelati,
1296 2213 1344 2266 alii
1366 2230 1421 2269 nec
1444 2214 1518 2272 ioris
1536 2233 1590 2273 nec
1609 2218 1688 2274 intua
1712 2219 1791 2277 sicut

956 2303 1024 2357 mali
1035 2301 1173 2375 subiecti.
1189 2302 1328 2374 Sequitur
1343 2318 1350 2359 ε

990 2391 1053 2447 Pro
1076 2391 1246 2447 hominibus
1269 2393 1463 2447 constituitur
1477 2394 1508 2449 iu
1524 2394 1573 2449 bis
1593 2401 1739 2468 quaesunt
1754 2397 1793 2455 ad

955 2479 1048 2535 Deum
1063 2480 1163 2551 (ibid).
1188 2480 1300 2536 Dicitur
1322 2481 1353 2535 ιιι
1374 2481 1558 2554 Evangelio:
1575 2484 1705 2543 Reddite
1729 2503 1793 2559 quaa

957 2575 1025 2624 sunt
1038 2568 1169 2624 Caesaris
1181 2568 1303 2638 Caesari,
1316 2575 1345 2625 et
1357 2588 1419 2644 quaa
1429 2571 1561 2627 suntllei
1571 2572 1633 2629 Deo
1641 2574 1791 2649 (mcxx).

956 2657 1039 2714 Sicut
1053 2657 1155 2713 Caesar
1169 2659 1256 2714 babet
1270 2659 1429 2731 praefectos
1445 2676 1517 2716 suos
1535 2661 1570 2716 ad
1585 2663 1726 2734 populum
1741 2665 1793 2739 qui

957 2748 1077 2820 exigant
1088 2763 1121 2802 ea
1133 2764 1199 2819 quae
1210 2748 1341 2804 Caesaris
1353 2754 1432 2820 sunt,
1443 2750 1524 2805 sicet
1535 2751 1613 2808 Deus
1625 2753 1792 2827 habetprae·

957 2836 1052 2892 lectos
1068 2852 1141 2892 suos
1156 2837 1193 2891 ad
1208 2838 1348 2909 populum
1364 2855 1460 2909 suum,
1475 2841 1568 2911 quiea
1579 2843 1707 2913 quaeDei
1721 2847 1792 2902 sunt

957 2927 1117 2998 requirant.
1135 2927 1169 2981 Et
1185 2927 1262 2981 sieut
1275 2927 1407 2998 praetecti
1424 2928 1555 2984 (lae-saris
1575 2933 1721 3003 legatione
1737 2950 1792 3006 po·

62 3021 188 3074 nostros
200 3033 266 3073 eum
281 3019 338 3074 boc
353 3018 443 3089 libro,
457 3022 488 3072 ut
502 3018 527 3072 si
543 3019 612 3089 quid
628 3019 713 3074 aliter
728 3019 898 3090 habuerint,
916 2993 941 3056 0
957 3016 1016 3086 puli
1030 3015 1193 3088 iunguntur
1207 3016 1242 3069 ad
1259 3016 1510 3087 intercedendum,
1527 3023 1555 3072 et
1566 3019 1713 3090 legatione
1731 3023 1793 3079 Cae·

62 3108 264 3180 corrigantur,
276 3123 313 3162 ne
323 3107 354 3162 in
364 3107 413 3161 iila
424 3107 524 3162 ultima
536 3108 701 3179 collatione,
714 3108 741 3164 si
751 3107 901 3181 quidpiam
958 3105 1036 3160 saria
1055 3105 1092 3159 ed
1111 3104 1251 3176 populum
1272 3105 1307 3159 ad
1330 3105 1542 3176 imperandum,
1556 3108 1600 3160 sic
1616 3112 1644 3162 et
1658 3110 1792 3180 praetecti

62 3196 150 3253 aliter
166 3194 276 3251 inventi
288 3196 397 3251 luerint
410 3196 568 3269 babentes,
586 3197 772 3270 abjiciantur.
789 3197 838 3254 Sic
854 3198 900 3252 in·
958 3193 1020 3263 Dei,
1039 3194 1125 3248 idest
1140 3193 1253 3264 praelati
1267 3195 1298 3247 in
1309 3194 1443 3248 Ecclesia
1454 3195 1600 3266 legatione
1611 3198 1711 3269 populi
1725 3199 1792 3256 iun·

62 3284 158 3359 telligi
174 3289 283 3357 potest,
299 3285 335 3340 ad
352 3302 449 3358 quem,
467 3286 496 3341 id
511 3289 559 3342 est
569 3303 736 3342 sermonem
752 3292 798 3342 est
813 3286 900 3343 nobis
958 3287 1069 3355 guntur
1083 3282 1120 3338 ad
1136 3284 1227 3338 Deum
1240 3285 1270 3338 ut
1279 3283 1445 3354 obsecrent,
1463 3284 1527 3340 sive
1539 3284 1685 3358 legatione
1694 3288 1746 3355 Dei
1754 3290 1792 3347 ad

63 3390 178 3431 sermo.
197 3372 250 3430 Vel
267 3374 361 3445 aliter,
378 3375 414 3430 ad
433 3392 521 3448 quem
541 3380 586 3431 est
605 3377 693 3432 nobis
715 3392 823 3433 sermo.
842 3377 901 3433 Lo·
957 3373 1096 3445 populum
1112 3371 1283 3444 utjubeant.
1302 3372 1530 3427 aliudestenim
1542 3375 1793 3449 officiumpraelati

62 3481 192 3537 quamur
204 3463 240 3518 ad
255 3447 408 3519 ¹Christum
423 3465 459 3519 de
475 3465 577 3535 nobis,
600 3469 631 3521 ut
655 3466 718 3537 ipse
734 3466 770 3521 ad
785 3466 901 3523 Patrem
958 3464 1130 3535 inquantum
1146 3465 1192 3516 εει
1208 3460 1324 3533 legatus
1335 3462 1433 3532 populi
1449 3464 1484 3517 ad
1498 3464 1601 3535 Deum,
1614 3471 1641 3520 et
1651 3466 1731 3522 aliud
1746 3471 1795 3525 εει

62 3553 204 3625 loquatur
214 3569 271 3632 pro
285 3552 388 3622 nobis,
411 3553 478 3626 quia
493 3555 627 3625 pontifex
646 3559 707 3625 est,
725 3559 755 3610 ut
771 3555 902 3610 conterat
958 3554 988 3607 in
1005 3555 1145 3624 quantum
1161 3551 1277 3623 legatus
1294 3551 1346 3605 Dei
1360 3552 1394 3604 ad
1412 3552 1562 3622 populum.
1579 3554 1611 3608 ln
1628 3555 1677 3611 illo
1693 3556 1792 3614 oltleio

63 3642 126 3698 Deo
147 3644 216 3697 vota
239 3640 355 3713 populi,
379 3645 407 3697 et
428 3659 565 3716 magnus.
590 3645 716 3717 Magnus
738 3645 902 3699 secundum
959 3639 1197 3713 quoestllegatus
1205 3639 1305 3712 populi
1317 3655 1388 3712 erga
1397 3641 1500 3712 Deum,
1513 3643 1698 3700 devotionem
1707 3647 1793 3702 exbi-

63 3730 264 3801 divinitatem,
282 3731 351 3803 quia
374 3730 466 3786 Filius
490 3733 563 3802 Dei3
590 3749 716 3804 magnus
739 3734 903 3788 secundum
958 3730 1029 3784 bere
1045 3730 1139 3794 debet,
1156 3733 1188 3784 ut
1202 3745 1269 3785 eum
1286 3730 1484 3786 oblationibus
1499 3736 1527 3786 ει
1543 3733 1690 3790 sacriticio
1701 3737 1792 3807 epiri-

67 3819 293 3890 bumanitatem,
303 3821 371 3892 quia
380 3824 512 3892 penetrat
522 3822 625 3876 coelos.
635 3822 821 3877 Accedamus
830 3838 902 3894 ergo
958 3818 1030 3873 tuali
1043 3819 1243 3891 precibusque
1252 3819 1396 3890 placatum
1408 3821 1520 3875 reddat.
1534 3822 1566 3874 ln
1577 3838 1611 3877 eo
1621 3822 1721 3879 otllcio
1732 3840 1791 3898 quo

64 3925 135 3964 cum
145 3908 254 3964 ilducia
265 3908 301 3963 ad
312 3910 449 3965 thronum
460 3912 564 3981 gratiae
575 3910 652 3983 eiua,
663 3910 691 3965 id
703 3913 749 3965 est
758 3909 795 3964 ad
806 3909 904 3981 ipsum
960 3911 1006 3962 est
1020 3907 1136 3980 legatus
1146 3908 1197 3962 Dei
1214 3909 1249 3962 ad
1261 3909 1410 3979 populum,
1420 3910 1456 3963 ad
1466 3911 1562 3981 ipsum
1571 3914 1696 3981 pertinet
1707 3914 1792 3987 igno·

64 3998 96 4053 in
111 4013 172 4070 quo
192 4001 298 4070 regnat
317 3998 421 4070 gratia.
444 3998 542 4055 Gratia
566 4001 663 4054 autem
685 3998 714 4052 in
734 4015 770 4054 eo
786 4000 903 4056 duobus
959 4001 1059 4051 rantes
1069 3998 1186 4066 docere,
1199 4001 1356 4067 peccantes
1366 4001 1527 4071 corrigere.
1540 4001 1581 4054 Dc
1591 4001 1639 4056 illo
1651 4003 1749 4059 oltieio
1762 4004 1792 4060 iu

64 4086 166 4143 modis
180 4089 295 4159 regnat,
308 4086 377 4159 quia
391 4102 446 4142 nec
462 4088 492 4141 in
507 4103 541 4142 eo
558 4089 667 4144 malitia
682 4091 739 4158 est,
756 4105 822 4160 quae
839 4088 906 4145 atle-
960 4102 1018 4157 quo
1034 4089 1080 4140 est
1094 4085 1210 4158 legatus
1222 4086 1321 4157 populi
1332 4088 1368 4141 ad
1384 4089 1476 4142 Deum
1488 4090 1664 4163 dictumest,
1677 4094 1707 4147 ιιι
1722 4092 1793 4149 olle·

66 4179 148 4232 ctum
163 4174 267 4248 gratiae
282 4174 420 4246 impediat
435 4176 505 4248 quin
521 4177 604 4247 velit,
627 4193 681 4232 nec
699 4177 728 4231 in
744 4178 833 4234 nobis
848 4179 904 4233 mi·
960 4178 1004 4229 rat
1019 4174 1165 4229 sacrificia
1181 4179 1209 4229 et
1220 4175 1384 4231 oblationes
1400 4180 1604 4248 propeccatis
1619 4180 1660 4235 De
1671 4181 1720 4237 illo
1732 4180 1795 4238 olil-

66 4264 148 4321 seria
161 4263 232 4336 quin
242 4264 348 4336 possit.
358 4264 701 4338 Accedamusergocum
711 4267 905 4340 tlducia,quo-
919 4277 946 4338 1)
962 4264 1007 4319 cio
1022 4264 1051 4317 iu
1068 4266 1187 4336 quaest
1203 4263 1320 4336 legatus
1336 4265 1387 4319 Dei
1403 4266 1439 4320 ad
1455 4268 1604 4340 populum,
1622 4270 1794 4328 dictumest

68 4355 150 4410 niam
166 4356 195 4409 et
209 4353 339 4410 ottloium
358 4353 426 4427 ejus
448 4357 494 4410 est
519 4358 550 4409 ut
571 4372 624 4425 pro
639 4356 726 4411 nobis
742 4361 818 4427 oret,
835 4359 904 4429 quia
962 4352 991 4407 ui
1001 4353 1077 4407 sciat
1092 4353 1217 4423 compati
1226 4352 1326 4425 risqui
1348 4355 1524 4427 ignorantet
1536 4365 1641 4414 errant
1657 4358 1799 4427 Quoniam

68 4441 206 4516 pontifex
217 4444 393 4498 constitutus
404 4460 411 4513 3
423 4447 451 4499 ει
466 4444 599 4499 ιιιειιιιιιιι
611 4444 706 4515 ιρειιιε
717 4448 748 4499 ut
759 4446 903 4517 impetret,
963 4448 992 4497 et
1001 4441 1506 4514 ipsecircumdatusestintirauitate
1514 4447 1662 4520 (Hebae).
1671 4449 1796 4515 Quidam

70 4532 140 4604 quia
154 4531 267 4603 justus.
285 4532 416 4604 Denique
431 4532 557 4588 libenter
576 4535 777 4605 compatietur,
794 4535 861 4606 quia
878 4540 906 4591 et
964 4532 1032 4585 sunt
1047 4529 1096 4601 qui
1113 4546 1146 4585 se
1161 4531 1191 4585 in
1206 4532 1373 4586 infirmitate
1385 4548 1454 4588 asse
1464 4540 1658 4608 cognoscunt,
1676 4540 1730 4594 sed
1741 4541 1796 4597 cin·

70 4621 139 4691 ipse
161 4624 280 4691 propter
304 4637 359 4675 nos
384 4621 603 4677 inhrmitatibus
628 4622 827 4678 circumdatus
848 4628 904 4680 εει.
965 4619 1118 4674 cumdatos
1134 4619 1301 4675 infirmitate
1317 4638 1375 4675 nou
1386 4625 1497 4692 putant,
1514 4623 1542 4677 bi
1554 4624 1691 4681 videlicet
1704 4630 1796 4700 quiin

72 4709 260 4767 (ἱοιιειιιιιιιιε
275 4712 330 4780 εει,
343 4711 411 4781 quia
422 4726 438 4764 a
450 4711 521 4765 Deo.
534 4711 601 4766 Non
611 4712 689 4766 enim
705 4712 769 4782 ipse
785 4728 818 4766 εε
835 4729 908 4767 con·
966 4709 1143 4781 quibusdam
1157 4709 1323 4765 actionibus
1340 4711 1404 4764 suis
1420 4711 1511 4765 fortes
1527 4728 1560 4766 se
1571 4729 1639 4767 esse
1656 4718 1796 4777 couside-

73 4799 180 4869 stituit,
191 4799 244 4854 sed
257 4799 336 4853 Deus
348 4798 428 4852 illum
440 4798 626 4871 glorificavit,
639 4802 689 4872 qui
705 4800 795 4856 dixit:
812 4801 909 4857 Filios
966 4801 1040 4854 rant.
1061 4798 1116 4864 Qui
1132 4799 1247 4854 veroin
1263 4800 1400 4854 omnibus
1417 4800 1481 4854 suis
1496 4816 1529 4855 se
1545 4801 1688 4860 infirmari
1705 4821 1796 4865 cons-

74 4904 161 4945 meua
175 4904 209 4943 es
223 4893 274 4942 ta:
290 4902 345 4958 eqo
358 4887 446 4942 bodie
461 4890 551 4961 genui
568 4895 596 4944 te
606 4888 701 4959 (Psel.
713 4907 749 4961 ¹¹3
760 4890 867 4947 llattlr.
878 4908 908 4962 ιι,
967 4889 1087 4961 piciunt,
1098 4888 1799 4972 inquantumadexistimationemsuamundique

74 4992 153 5035 xvu:
167 4973 461 5048 Marc.1x).Quando
477 4978 507 5034 in
518 4977 664 5050 baptismo
677 4979 734 5036 boc
744 4979 853 5034 dictum
865 4983 911 5036 est
968 4979 1134 5034 infirmitate
1151 4979 1321 5033 circumdati
1337 4982 1416 5038 suut.
