3816 6030
47 305 111 381 745
644 292 961 363 miscenam.
978 331 1015 344 -
1031 296 1111 361 ΗΒ.
1128 298 1184 362 lv.
1711 307 1771 372 746

47 500 209 570 Christus3
234 503 262 555 et
285 498 416 569 sinister,
443 501 475 554 ut
494 497 549 554 llas
573 496 804 569 blasphemator,
826 511 885 551 non
899 501 929 562 Α
942 494 1775 575 primointervirumetlratremsuum3insecundo,inter

49 590 220 647 consessor,
942 584 1256 656 animametspiritum3
1268 589 1297 642 in
1305 590 1401 660 tertio,
1410 591 1775 662 interspirilumetlleum.

50 681 115 735 Trr.
131 678 236 734 CXXI.
254 677 342 734 Mons
359 676 406 732 Oli
411 677 471 731 reti
484 693 537 731 cur
551 677 593 732 sit
607 691 690 730 mons
706 675 795 730 trium
806 675 888 730 lumi-
943 672 985 728 lle
995 673 1042 727 his
1052 674 1148 728 tribus
1159 675 1298 731 claustris
1310 679 1420 734 isaias:
1445 679 1532 751 Vade,
1544 682 1668 754 populus
1683 697 1775 751 mens,

89 786 156 824 uum
172 767 281 836 dictus,
298 773 327 822 et
343 783 396 821 cur
415 765 592 821 Trinitatem
608 764 728 836 figuret,
741 764 820 820 etde
832 765 887 819 tri·
942 761 1062 816 intrain
1077 763 1210 818 cubicula
1228 770 1275 820 tua
1284 785 1293 831 ;
1309 767 1412 823 claude
1425 784 1516 840 super
1533 776 1561 825 te
1577 772 1653 826 ostia
1664 778 1694 827 et
1707 772 1779 828 aas·
1828 803 1831 806 ·

85 857 160 931 plici
173 856 284 912 lumine
299 857 330 910 in
346 854 442 911 nobis.
944 851 1073 906 condere
1083 853 1227 907 modicum
1238 855 1276 909 ed
1286 864 1470 924 momentum,
1484 859 1577 915 donec
1583 865 1780 931 pertranseat

90 947 176 1002 Mons
187 945 293 1000 Oliveti
304 945 457 999 dicebatur
468 943 886 999 olimmoustriumluminum:
943 940 1112 1011 iadipnau'o
1127 957 1190 996 mee
1206 943 1273 1003 (Isn.
1293 947 1385 1015 xxvi).
1404 947 1436 1000 ln
1451 948 1545 1018 primo
1562 950 1700 1006 eubiculo
1715 951 1779 1006 sive

52 1035 101 1090 Ex
111 1037 194 1106 parte
204 1032 305 1104 templi
316 1033 430 1088 habens
442 1032 679 1087 lumenluoernae
692 1031 888 1099 exadvers03
946 1028 1086 1100 elaustro,
1115 1032 1266 1101 quoniam,
1290 1033 1433 1103 scriptum
1457 1039 1512 1106 est,
1540 1041 1705 1094 monstrum
1735 1042 1782 1094 est

52 1140 92 1180 ex
103 1124 282 1193 alteraparte
295 1121 609 1177 lumenorientiesolis
622 1120 890 1191 ,inseipsolumen
945 1117 1109 1172 monachus
1134 1119 1164 1171 in
1187 1119 1280 1190 urbe3
1307 1121 1464 1178 abscondit
1486 1140 1606 1182 carnem
1624 1128 1782 1184 atumultu

53 1212 153 1269 olivae.
170 1213 258 1267 Mons
271 1213 328 1266 iste
344 1211 499 1280 Divinitas,
514 1210 630 1265 scilicet
645 1210 744 1265 lumen
759 1208 890 1265 lucernae
949 1206 1016 1261 vitae
1031 1205 1186 1261 saeoularis
1200 1208 1250 1276 3in
1266 1211 1409 1280 secundo,
1421 1212 1534 1284 abipsa
1546 1217 1781 1288 carneanimam,

50 1306 184 1373 paternae
199 1300 303 1370 Filius,
320 1300 371 1370 qui
385 1303 432 1356 est
447 1300 499 1354 lux
511 1315 581 1354 vera
593 1299 762 1354 illuminans
774 1313 891 1354 omnem
947 1310 983 1349 ne
1000 1310 1100 1349 curam
1125 1294 1193 1366 eius
1218 1297 1350 1367 perficiat
1374 1299 1405 1354 in
1430 1300 1608 1373 desideriis3
1634 1305 1664 1360 in
1685 1307 1782 1376 tertio,

52 1391 205 1446 hominem
227 1389 395 1444 venientem
420 1389 449 1443 in
474 1388 553 1443 huno
577 1388 729 1458 mundum,
745 1391 774 1442 et
792 1387 892 1442 lumen
947 1384 1035 1439 etiam
1050 1400 1066 1437 a
1081 1384 1244 1455 semetipso
1261 1388 1406 1457 spiritum,
1424 1405 1461 1444 ne
1476 1407 1543 1445 eum
1559 1394 1687 1462 reperiat
1704 1411 1784 1464 prae·

53 1481 177 1535 orientis
206 1479 290 1544 solis,
309 1478 404 1532 Pater.
423 1477 507 1532 Unde
523 1477 626 1532 oriens
641 1482 687 1532 est
703 1492 807 1532 nornen
827 1477 893 1548 ejus
948 1473 1076 1543 sumptio
1086 1474 1215 1543 propriae
1225 1476 1395 1533 voluntatis.
1407 1478 1448 1533 De
1457 1479 1514 1535 hoc
1531 1480 1695 1538 Dominus:
1713 1482 1784 1538 Cum

52 1568 157 1638 (Zaela.
174 1568 239 1630 vul:
257 1565 345 1638 cujus
361 1565 453 1620 radiis
468 1581 555 1620 mons
568 1565 892 1620 illuminatur.Tertium
948 1561 1175 1618 oraverisintra
1187 1563 1389 1620 incubiculnm
1399 1573 1486 1633 tuum,
1498 1575 1527 1623 et
1536 1569 1635 1625 clauso
1645 1571 1721 1627 ostio
1732 1584 1784 1626 ora

53 1657 164 1725 lumen,
182 1655 261 1728 quod
275 1658 321 1711 est
336 1654 452 1724 Oliveti,
469 1657 515 1710 est
530 1654 659 1724 Spiritus
670 1653 893 1709 sanctus.Unde
949 1650 1073 1705 Patrem
1083 1656 1161 1705 tuum
1172 1652 1202 1705 in
1212 1653 1784 1733 abscondiloillattlr.vr).Primumfugu

56 1746 158 1802 unctio
169 1744 278 1799 dicitur
295 1759 302 1799 :
323 1743 429 1799 Unctio
439 1743 513 1815 ejus,
525 1743 790 1814 inquitapostolue,
808 1743 893 1798 docet
951 1738 1043 1810 hujus
1064 1739 1167 1794 saeculi
1183 1740 1253 1795 lacit
1267 1744 1296 1796 et
1311 1758 1381 1798 oum
1392 1745 1560 1815 disciplinae
1573 1751 1602 1802 et
1616 1749 1740 1821 regulae,
1757 1752 1787 1805 et

58 1850 110 1890 vos
132 1835 170 1889 de
193 1832 328 1889 omnibus
347 1831 376 1901 (I
388 1831 471 1887 dean.
488 1833 530 1900 ιι).
547 1831 687 1886 Similiter
700 1831 730 1886 in
745 1830 834 1887 nobis
848 1835 898 1886 est
910 1809 937 1872 Β
950 1829 981 1883 in
996 1844 1032 1882 eo
1047 1829 1201 1898 proximus
1217 1830 1388 1902 oedificatur,
1406 1836 1435 1887 et
1454 1849 1522 1889 earo
1546 1837 1740 1909 crucifigitur,
1757 1841 1788 1893 et

56 1923 166 1995 triplex
181 1921 290 1991 lumen,
307 1925 431 1991 naturae,
452 1920 568 1992 gratiae,
589 1920 742 1975 doctrinae.
763 1920 894 1976 Primum
952 1917 1193 1987 concupiscentia
1204 1919 1356 1974 oculorum
1368 1923 1500 1989 moritur,
1511 1923 1706 1997 fallacemque
1714 1928 1789 1982 reci·

59 2027 218 2068 commune
232 2011 319 2067 honis
330 2014 359 2065 et
375 2009 470 2080 malis,
483 2009 551 2080 quia
567 2024 670 2064 omnes
685 2010 721 2064 ad
736 2009 896 2080 imaginem
951 2007 994 2078 pit
1002 2007 1264 2077 dispensationem.
1276 2008 1446 2065 Secundum
1457 2016 1644 2084 contemptus
1652 2015 1787 2086 volupta-

60 2102 89 2155 et
98 2100 324 2155 similitudinem
333 2098 400 2169 Dei,
417 2098 583 2153 secundum
594 2098 669 2152 solis
681 2098 779 2168 bonis,
792 2099 842 2168 qui
853 2113 899 2153 se-
951 2096 999 2164 tis,
1010 2095 1039 2149 in
1050 2111 1110 2166 quo
1120 2096 1208 2151 homo
1220 2097 1354 2167 seipsum
1365 2100 1543 2171 moderatur,
1563 2103 1659 2157 anime
1675 2104 1787 2175 sepeli-

60 2189 192 2244 eundum
207 2188 368 2260 imaginem
383 2190 410 2242 et
427 2186 661 2256 similitudinem,
678 2187 714 2241 ad
729 2202 818 2257 quam
828 2186 898 2241 iacti
950 2188 1007 2254 tur,
1020 2185 1119 2239 carnis
1132 2185 1372 2256 concupiscentia
1384 2189 1517 2260 moritur,
1534 2193 1562 2245 et
1575 2191 1627 2245 vix
1638 2191 1728 2247 ullam
1738 2208 1788 2248 re-

60 2281 142 2348 sunt,
159 2278 282 2346 vivunt;
298 2277 416 2332 tertium
431 2276 491 2330 illis
507 2279 631 2345 tantum,
643 2275 694 2346 qui
707 2291 769 2346 pree
780 2276 898 2330 emtor-is
951 2272 1022 2342 cipit
1033 2273 1296 2343 dispensationem.
1307 2275 1437 2331 Tertium
1453 2278 1568 2347 perlicit
1583 2282 1740 2353 amerDei,
1758 2282 1788 2338 in

61 2369 241 2437 acceperunt
256 2365 455 2439 cognitionem
466 2364 575 2419 divinae
587 2365 664 2436 legis
675 2369 703 2419 et
718 2365 861 2420 veritatis.
952 2377 1010 2432 quo
1020 2362 1100 2416 Deus
1111 2362 1282 2433 honoratur,
1293 2365 1418 2434 spiritus
1425 2367 1565 2440 resurgit,
1574 2370 1789 2439 superbieritoe

62 2457 126 2511 Tra.
142 2455 261 2510 CXXII.
278 2454 435 2525 Dojanuis
451 2453 549 2508 tribus
572 2459 602 2508 et
621 2454 708 2509 ostiis
732 2453 899 2525 disciplinae
952 2451 1086 2521 moritur,
1102 2454 1132 2506 et
1145 2467 1270 2522 prorsus
1288 2452 1397 2508 nullam
1407 2454 1662 2527 dispensationem
1672 2460 1789 2531 recipit.

290 2542 469 2598 adversario
484 2542 670 2597 claudendis.
1019 2539 1081 2595 Trr.
1096 2539 1229 2595 CXXIII.
1246 2541 1291 2596 De
1307 2544 1423 2598 arantis
1438 2544 1600 2617 allegorico
1611 2546 1720 2604 oldaia.

92 2634 245 2705 'Exemplo
261 2632 485 2702 discipulorum,
502 2632 570 2686 licet
585 2647 644 2687 non
658 2635 779 2702 propter
793 2634 901 2687 metum
988 2629 1142 2684 Bubulcus
1156 2630 1207 2700 qui
1228 2630 1259 2684 in
1279 2630 1377 2686 bobus
1393 2635 1466 2703 arat,
1483 2633 1571 2689 debet
1585 2636 1696 2692 habere
1713 2636 1790 2694 duo:

62 2724 246 2792 ludaeorum,
263 2725 360 2776 tamen
376 2724 497 2792 propter
512 2723 621 2775 metum
635 2724 904 2790 peccatorumeon-
952 2719 1038 2773 vocis
1068 2719 1254 2789 suavitatem,
1280 2735 1338 2792 qua
1367 2721 1495 2777 mulceat
1522 2724 1656 2780 laborem
1679 2726 1792 2782 bonum

62 2816 206 2887 gregatos
217 2827 274 2867 vos
284 2810 430 2865 admoneo
440 2812 469 2864 et
479 2808 901 2881 exhortor:lllauditejanuas
954 2807 1155 2878 operantium,
1179 2811 1208 2862 et
1229 2808 1365 2863 aculeum
1390 2815 1580 2885 pungentem,
1606 2830 1666 2887 quo
1690 2818 1793 2888 torpo-

65 2907 193 2958 vestras.
206 2900 281 2966 Quid
292 2900 370 2955 enim
380 2899 502 2970 prodest
512 2898 540 2952 si
551 2915 610 2952 non
618 2898 705 2954 exitis
717 2899 753 2953 ed
764 2899 901 2953 inimicos
956 2913 1018 2952 rem
1033 2897 1163 2951 excutiat
1177 2896 1389 2975 pigritantium.

65 2994 195 3060 vestros,
213 2991 240 3046 si
256 3005 309 3045 eos
323 2990 360 3044 ad
379 3003 434 3044 vos
450 2989 560 3042 intrare
575 2988 767 3058 permittitis?
781 2987 850 3042 Sive
865 2987 901 3042 de
993 2986 1055 3040 Tm.
1066 2984 1200 3040 CXXIV.
1211 2985 1256 3040 De
1273 2987 1387 3058 triplici
1398 2988 1482 3044 inodo
1497 2994 1527 3044 et
1540 2989 1600 3045 tine
1614 2991 1756 3048 faciendi.

66 3078 390 3150 caulisadlupumovis
401 3081 496 3145 exeat,
507 3077 571 3132 sive
582 3077 618 3131 ad
627 3092 691 3131 eam
703 3077 790 3147 lupus
801 3077 900 3147 intret,
995 3074 1035 3129 Ea
1060 3090 1126 3146 quae
1148 3074 1278 3146 agimus,
1293 3075 1342 3130 vel
1356 3077 1386 3130 iu
1403 3077 1512 3132 lumine
1526 3079 1627 3134 vultus
1643 3081 1795 3138 hominum

66 3186 149 3226 mors
163 3168 273 3224 similis
283 3170 339 3222 est.
352 3167 512 3238 Propterea
521 3165 618 3221 sobrii
628 3171 723 3221 estote
735 3172 764 3221 et
779 3165 901 3238 vigilate
919 3162 1096 3262 eiecimus.
1121 3166 1153 3218 ut
1176 3164 1315 3219 omnibus
1338 3165 1525 3237 placeamus3
1551 3168 1598 3223 vel
1625 3170 1655 3224 in
1683 3170 1794 3227 lumine

63 3260 95 3316 in
111 3258 305 3328 omtionibus,
333 3257 400 3329 quia
422 3255 619 3312 adversarius
645 3261 748 3310 vester
765 3253 902 3310 diadolus
958 3253 1058 3308 vultus
1074 3253 1180 3320 nostri,
1198 3257 1230 3308 ut
1244 3254 1320 3309 hene
1335 3269 1391 3309 nos
1406 3254 1505 3311 facere
1521 3259 1601 3328 quod
1620 3259 1729 3315 malum
1748 3263 1796 3316 eet

64 3354 201 3421 tanquam
211 3347 258 3403 leo
266 3361 392 3418 rapiens
403 3345 511 3399 circuit
523 3359 660 3416 quaerens
670 3360 754 3416 quem
763 3345 899 3400 devoret.
958 3343 1132 3412 credamus3
1157 3342 1205 3397 vel
1227 3342 1383 3399 inlumina
1404 3345 1504 3400 vultus
1529 3347 1591 3417 Dei,
1609 3352 1641 3402 ut
1655 3349 1715 3419 ipsi
1738 3349 1796 3405 soli

64 3437 122 3494 Cui
135 3437 272 3493 resistite
286 3435 383 3491 fortes
398 3436 429 3489 in
444 3433 503 3489 lide
524 3433 552 3497 (I
565 3433 651 3489 Patr.
668 3434 709 3506 v),
732 3436 760 3488 et
775 3432 902 3489 claudite
956 3431 1101 3504 quidquid
1115 3432 1186 3486 honi
1200 3433 1232 3486 in
1246 3432 1334 3488 nobis
1350 3436 1397 3488 est
1412 3434 1563 3490 humiliter
1577 3438 1774 3496 ascribamus.

61 3527 172 3600 januae
187 3527 305 3580 vestras
320 3539 412 3595 super
425 3538 491 3578 vos.
509 3522 542 3576 ln
558 3523 613 3577 hac
624 3522 703 3577 enim
714 3523 801 3578 domo
813 3522 903 3577 disci·
991 3520 1053 3575 Tm.
1069 3520 1188 3575 (lxxv,
1202 3520 1283 3586 Quod
1293 3538 1374 3577 mors
1386 3523 1549 3595 tripliciter
1560 3531 1606 3580 est
1614 3529 1759 3599 pretiosa.

64 3616 155 3688 plinae
170 3618 232 3670 tres
247 3611 905 3684 suntjanuee.Primaobservantiaestregu·
991 3611 1156 3665 Pretiosam
1178 3614 1302 3666 mortem
1330 3612 1489 3683 aliquando
1512 3614 1581 3669 lacit
1605 3618 1676 3688 vita,
1703 3621 1734 3672 ut
1762 3618 1794 3674 in

64 3705 150 3772 laris,
161 3708 192 3758 ut
200 3703 362 3772 silentium,
374 3701 562 3769 abstinentia,
577 3704 606 3756 et
618 3704 724 3757 oaetera
736 3700 902 3772 ejusmodi3
956 3699 1196 3769 confessoribus,
1213 3699 1371 3771 aliquando
1387 3702 1446 3755 vita
1463 3707 1492 3756 et
1506 3719 1607 3774 causa,
1624 3709 1655 3759 ut
1669 3707 1700 3760 in
1716 3722 1797 3762 mar-

66 3809 136 3867 qum
152 3793 179 3848 si
194 3792 306 3853 luerint
316 3791 421 3845 laxatae
437 3794 487 3846 aut
500 3793 620 3861 apertae,
637 3791 746 3845 intrant
769 3790 903 3862 loquaci·
955 3789 1080 3860 turibus,
1097 3788 1256 3861 aliquando
1272 3791 1332 3843 vita
1348 3794 1376 3845 et
1391 3806 1491 3861 causa,
1508 3795 1540 3846 ut
1555 3793 1585 3847 in
1599 3794 1764 3867 plerisque.

68 3886 125 3952 tas,
143 3881 272 3952 crapula,
285 3883 313 3936 et
322 3879 517 3949 caeteravitia,
529 3878 589 3934 illis
600 3880 736 3950 opposita
746 3895 754 3948 3
765 3883 903 3951 patetque
992 3880 1055 3934 Tra.
1064 3878 1197 3933 thliVl.
1209 3878 1253 3933 De
1263 3880 1304 3933 iis
1319 3895 1383 3951 quae
1397 3880 1428 3933 in
1444 3880 1545 3937 fronte
1556 3881 1759 3955 praeterimus.

67 3972 155 4028 locus
169 3969 363 4039 dissensioni,
380 3983 435 4023 uec
451 3968 539 4023 hahet
548 3984 661 4038 pacem.
674 3968 904 4039 Secundaquin-
993 3969 1024 4023 ln
1041 3968 1137 4023 fronte
1152 3967 1310 4038 aliquando
1327 3968 1452 4041 leprum,
1469 3971 1627 4042 aliquando
1642 3974 1724 4046 thau,
1740 3973 1796 4030 ali-

66 4077 125 4135 que
142 4063 212 4117 sunt
225 4075 337 4115 sensus
361 4074 415 4128 per
441 4073 517 4129 quos
543 4058 752 4113 commercium
767 4060 814 4113 est
828 4059 906 4113 inter
957 4058 1075 4131 quando
1090 4057 1229 4111 laminam
1250 4073 1371 4113 auream
1394 4059 1539 4132 gerimus.
1564 4062 1691 4133 Leprem
1710 4063 1798 4121 luxu·

67 4149 210 4206 mundum
225 4151 254 4204 et
268 4148 405 4203 animam.
422 4147 506 4202 Hanc
522 4148 549 4202 si
559 4148 713 4218 aperueris
724 4163 806 4202 mors
816 4148 905 4202 intrat
957 4151 1071 4204 riantes
1090 4150 1119 4201 et
1142 4147 1328 4218 petulantes,
1353 4149 1424 4204 thau
1445 4153 1642 4224 poenitentes3
1659 4155 1798 4210 laminam

67 4240 155 4312 quasi
176 4254 230 4309 per
244 4237 403 4292 fenestras.
421 4236 519 4291 Tertia
534 4240 581 4292 est
594 4237 743 4307 voluntas,
759 4237 904 4306 perhanc
959 4252 1090 4307 auream,
1107 4237 1239 4309 gloriose
1255 4237 1317 4293 Deo
1333 4238 1479 4311 civeniae,
1491 4241 1562 4296 dum
1571 4242 1615 4297 eie
1626 4243 1678 4298 lux
1693 4248 1795 4300 nostra

66 4330 199 4400 apertam
213 4341 299 4382 omne
314 4325 424 4381 malum
438 4328 467 4381 et
481 4325 589 4396 solum,
607 4342 660 4398 per
674 4327 806 4382 clausam
817 4341 904 4382 omne
959 4327 1039 4383 lucet
1061 4340 1161 4381 eoram
1185 4325 1368 4399 hominibus,
1385 4331 1417 4384 ut
1432 4329 1599 4401 glorificent
1614 4331 1731 4387 Patrem
1746 4333 1798 4405 qni

66 4418 181 4473 bonum
195 4419 224 4472 et
239 4415 336 4472 solum
349 4416 438 4470 intrat
458 4415 495 4469 ad
510 4415 599 4472 illam.
616 4416 689 4471 llaec
703 4419 750 4471 est
764 4416 944 4517 nimirum-D
959 4417 990 4472 iu
1006 4416 1091 4471 ecelis
1106 4418 1153 4470 est
1170 4413 1287 4473 (Mattlr.
1303 4416 1342 4477 vl.

64 4505 158 4579 janua
171 4506 207 4561 de
223 4521 280 4577 qua
296 4505 438 4575 propheta
457 4519 463 4560 :
484 4504 577 4560 Porta
592 4505 656 4560 lime
678 4505 776 4561 clause
797 4507 857 4560 erit
873 4512 903 4561 et
1014 4507 1075 4560 Trr.
1087 4503 1234 4560 cxxvfl.
1249 4504 1294 4560 De
1308 4505 1450 4561 tuniculis
1464 4507 1570 4579 quibus
1585 4509 1743 4567 tranimur.

68 4596 233 4668 aperietur,
249 4602 279 4650 et
294 4596 405 4649 virnon
414 4594 543 4648 transiet
550 4609 608 4665 per
618 4610 691 4662 eam,
702 4595 836 4667 quoniam
846 4595 904 4651 Do-
996 4597 1031 4651 In
1045 4594 1154 4650 mundo
1170 4593 1229 4650 isto
1243 4595 1320 4650 inter
1332 4595 1503 4665 paradisum
1518 4599 1547 4651 et
1561 4597 1709 4654 internum
1725 4615 1798 4656 eon-

69 4685 169 4739 minus
181 4685 263 4740 Deus
277 4683 375 4739 Israel
389 4683 547 4756 ingressus
562 4689 609 4738 est
624 4700 682 4755 per
702 4700 765 4739 eam
780 4684 906 4756 (Eaeclr.
960 4684 1063 4751 stituti,
1080 4698 1097 4737 a
1113 4683 1244 4737 diversis
1266 4683 1302 4737 ad
1321 4683 1440 4737 diversa
1465 4684 1610 4740 trahimur
1623 4689 1652 4741 et
1668 4687 1798 4745 diversis

69 4774 161 4836 xciv).
179 4774 279 4845 ltaque
294 4773 471 4828 utbreviter
487 4772 632 4842 dicamus,
657 4772 711 4827 tria
726 4776 797 4829 sunt
811 4775 909 4829 claus-
960 4773 1114 4830 funiculis.
1130 4773 1155 4826 Α
1172 4773 1257 4826 Patre
1266 4771 1408 4826 luminum
1417 4773 1453 4826 ad
1464 4773 1590 4844 gloriam
1600 4775 1677 4847 coeli,
1689 4778 1799 4850 triplici

70 4866 116 4919 tra
131 4863 161 4916 iu
177 4878 244 4933 quae
260 4862 297 4917 ad
313 4862 478 4933 discipulos
493 4877 568 4917 suos
583 4861 807 4932 clausisjanuis
820 4864 910 4918 intrat
960 4863 1104 4931 funiculo,
1122 4860 1200 4930 lidei,
1216 4860 1282 4930 spei
1297 4864 1325 4914 et
1341 4860 1503 4917 charitatis,
1522 4865 1545 4916 Α
1564 4863 1649 4920 Patre
1664 4867 1799 4923 tenebra·

70 4951 237 5007 Christus:
265 4951 397 5006 Primum
420 4950 566 5021 corporis,
589 4951 668 5022 quod
691 4954 737 5006 est
759 4951 908 5022 exterius,
960 4968 1027 5007 rum
1041 4951 1078 5006 ad
1088 4950 1228 5005 tenebras
1237 4949 1413 5021 exteriores,
1425 4950 1557 5008 funiculo
1568 4954 1687 5028 triplici,
1699 4958 1798 5014 incre·

71 5040 237 5096 secundum
253 5041 369 5110 animas,
387 5040 465 5111 quod
481 5043 528 5094 est
544 5040 688 5109 interius3
711 5042 830 5096 tertium
845 5040 910 5112 spi·
962 5040 1103 5109 dulitatis,
1132 5039 1350 5108 desperationis
1379 5043 1408 5093 ct
1436 5040 1506 5096 odii.
1539 5042 1637 5100 Primo
1668 5046 1800 5116 postulat

71 5130 160 5200 ritus,
176 5129 255 5201 quod
271 5132 317 5184 est
330 5129 476 5184 intimum.
497 5129 593 5183 Habet
618 5129 847 5202 unumquodque
859 5129 910 5202 ja·
961 5130 1039 5185 trahi
1054 5130 1102 5183 cui
1117 5129 1292 5183 ceciderunt
1308 5128 1443 5183 tanesia
1455 5132 1615 5201 praeclaris
1625 5134 1720 5203 (Psal.
1737 5142 1798 5207 xv),

70 5234 149 5276 uuae
163 5233 246 5273 suns.
271 5217 403 5273 Primum
428 5217 635 5273 observantias
650 5219 794 5289 quaedam
809 5224 838 5274 et
851 5224 910 5274 tra-
962 5223 991 5275 et
1001 5219 1049 5274 cui
1064 5217 1150 5273 dicit:
1173 5217 1401 5290 l'ralremepost
1413 5225 1442 5274 te
1452 5219 1548 5281 (Cant.
1561 5222 1591 5283 ι).
1610 5223 1651 5277 De
1666 5224 1798 5279 secundo

71 5307 201 5364 ditiones
208 5306 355 5380 majorum
366 5323 373 5378 3
386 5307 562 5377 secundum,
573 5307 788 5364 oblectamenta
798 5323 910 5365 sensus
962 5308 1088 5363 dicitur:
1113 5307 1160 5362 Vae
1176 5307 1225 5379 qui
1240 5307 1364 5362 traditis
1382 5307 1481 5363 lunam
1496 5310 1528 5364 in
1544 5311 1674 5368 laniculo
1687 5311 1800 5386 iniqui·

71 5395 363 5469 eorporisaertium,
375 5396 636 5468 praesumptionem
644 5397 773 5468 propriae
781 5397 912 5455 volunta·
964 5398 1044 5468 tatis,
1063 5401 1093 5452 et
1107 5396 1210 5451 tacitis
1224 5396 1344 5469 longam·
1359 5400 1493 5454 vestem!
1506 5400 1589 5471 (lsai.
1606 5400 1645 5461 v).

70 5486 123 5543 tis.
144 5485 201 5541 llis
223 5485 336 5559 apertis
357 5500 478 5556 semper
498 5485 636 5552 diabolus
656 5487 745 5541 intrat
769 5502 824 5558 per
846 5503 908 5558 eas,
962 5489 1025 5545 'lin
1040 5485 1201 5541 cxxviii.
1223 5485 1268 5541 lle
1283 5488 1511 5560 contemplativo
1525 5489 1563 5545 ad
1578 5491 1705 5544 activum
1721 5504 1800 5546 com·

71 5574 212 5633 Ghrislue
235 5591 295 5632 non
319 5575 379 5631 uisi
399 5591 453 5647 per
468 5574 587 5633 clausas
603 5575 757 5647 reeipitur,
771 5579 910 5651 receptus
1031 5579 1139 5650 pareto
1145 5575 1338 5649 perpalrnam
1348 5575 1507 5633 masculam
1522 5583 1553 5634 et
1567 5576 1726 5637 femellam.

71 5679 179 5745 paoem
189 5663 331 5740 loquitur.
341 5661 513 5816 Panionia
526 5664 625 5740 (loen.
639 5672 699 5742 xx),
715 5665 823 5748 inquit,
836 5669 867 5727 et
879 5666 912 5727 in
998 5665 1100 5728 Palma
1123 5679 1192 5746 qim
1214 5665 1354 5743 ductrice
1376 5668 1520 5744 genem,
1536 5666 1743 5740 nmmum
1755 5676 1841 5738 uo.-³

217 5754 346 5827 Paraou.
366 5753 415 5816 Gla
445 5750 538 5820 xvii.
