3796 6022
117 240 178 312 ⁷19
223 219 225 222 .
524 249 746 314 APPENDlX
760 248 818 312 ΑΙ)
834 246 1026 313 HUGONlS
1042 247 1187 312 OPERA
1202 248 1288 312 DOG
1296 248 1465 312 MATICA.
1803 247 1861 312 ⁷20

115 449 230 521 teriori,
240 449 363 523 vigilia,
373 448 499 521 ieiunia,
509 449 603 519 labor,
611 452 640 504 et
652 451 758 504 cratera
770 464 836 520 quae
844 448 881 503 ad
892 464 961 503 sen·
976 430 1005 493 Α
1021 449 1089 518 sint,
1098 449 1211 505 diversi
1218 451 1316 505 tamen
1328 451 1398 505 sunt
1407 449 1526 521 coloris,
1534 453 1563 505 et
1571 450 1693 505 diverso
1701 450 1790 505 modo
1798 465 1858 520 per

118 556 187 598 eum
203 539 304 594 caruis
312 539 469 609 pertinent.
477 538 519 592 De
531 537 588 592 hoc
599 541 696 593 autem
708 538 792 592 altari
801 538 881 609 ignis
890 537 962 591 hau·
1020 539 1126 594 niciam
1137 539 1285 611 ingerunt.
1295 539 1425 593 Primum
1436 539 1543 593 humen
1560 538 1658 593 inanis
1668 539 1776 611 gloria,
1793 540 1855 593 niti·

118 631 272 686 riturcum
287 627 323 681 ad
336 627 479 682 interiora
493 628 646 696 transitur,
662 627 731 699 quia
746 626 782 681 de
802 627 962 680 altlictione
1020 626 1089 681 dum
1105 630 1160 696 est,
1187 629 1313 699 quodam
1334 629 1428 683 nitore
1449 627 1628 698 superducto
1652 627 1786 699 placens,
1804 628 1854 681 sed

120 717 267 789 corporiS,
290 716 402 771 doloris
426 716 473 769 vis
495 716 531 770 ad
556 731 608 770 cor
632 715 859 784 transmittitur3
884 715 963 769 unde
1020 716 1119 770 subito
1127 715 1158 770 iii
1173 732 1207 771 se
1223 717 1344 771 trahens
1359 719 1494 772 incautos
1510 720 1538 771 et
1553 717 1743 788 demergens,
1754 733 1856 772 secun-

118 805 308 880 postmodum
325 804 562 874 compunctionis
583 806 738 859 incensum
754 804 962 858 inflammatur.
1020 805 1090 859 dum
1104 805 1213 860 llumen
1229 806 1338 859 invidia
1355 806 1475 860 lividum
1491 809 1546 870 est,
1563 806 1688 877 quadam
1708 805 1854 860 horrenda

111 897 160 952 -Ut
173 899 271 951 autem
288 894 446 948 sacerdotii
463 893 595 948 officium
611 893 728 962 plenius
750 897 961 964 cognoscatur,
1021 894 1218 963 profunditate
1246 898 1436 965 suspectum3
1458 895 1574 949 tortium
1589 894 1642 965 ira,
1665 894 1814 949 fervidum
1829 899 1854 949 ot

110 986 179 1041 duo
195 986 264 1039 sunt
278 998 345 1055 quaa
361 982 397 1036 ad
415 982 513 1053 ipsum
528 983 678 1052 praecipue
689 982 836 1052 pertinent
853 997 964 1052 :popu·
1021 983 1240 1052 turbulentum3
1256 986 1391 1055 quartum
1407 984 1533 1052 tristitia,
1550 987 1656 1038 tetrum
1672 987 1700 1038 et
1711 984 1852 1054 nubilum,

111 1074 181 1130 vlum
195 1061 226 1127 in¹
240 1074 307 1144 lege
323 1071 439 1126 Domini
451 1071 616 1140 instituere,
635 1072 663 1125 et
671 1087 724 1141 pro
740 1070 849 1141 populo
865 1071 963 1124 Domi·
1022 1072 1140 1127 omnino
1154 1073 1374 1143 periculosum,
1390 1074 1524 1144 quintum
1539 1073 1671 1143 avaritia,
1695 1071 1795 1143 Scylla
1810 1073 1853 1127 vel

108 1178 192 1220 num
205 1177 311 1217 verum
321 1160 449 1230 placare,
461 1175 587 1230 quorum
598 1176 686 1213 unum
696 1160 827 1230 Moyses,
839 1159 963 1213 alterum
1021 1159 1186 1231 Charybdis
1201 1177 1303 1231 rapax,
1328 1163 1424 1215 omnia
1442 1162 1563 1216 trahens
1579 1161 1615 1215 od
1626 1178 1670 1232 se,
1687 1160 1852 1234 deglutiens

120 1252 220 1307 Aaron
236 1249 420 1325 exsequitur.
438 1248 523 1303 Unde
538 1248 646 1302 dicitur
663 1264 669 1302 :
686 1249 810 1321 Moyses
822 1253 851 1303 et
861 1249 962 1303 Aaron
1020 1249 1236 1319 etahsorbens3
1246 1254 1364 1305 sextum
1375 1251 1454 1322 gula,
1464 1251 1598 1321 quaedam
1609 1266 1732 1322 vorago,
1741 1253 1771 1304 et
1778 1250 1854 1304 bara·

119 1338 365 1396 insooerdotibus
372 1338 445 1410 ejus
456 1336 700 1392 etSamuelinter·
708 1353 759 1392 eos
767 1337 851 1408 quiin
858 1341 963 1391 vocant
1019 1337 1118 1393 thrum
1133 1338 1228 1393 foedas
1240 1355 1388 1410 generans
1404 1356 1440 1393 cx
1456 1355 1488 1393 se
1500 1339 1704 1394 exhalationes
1719 1341 1748 1393 et
1758 1354 1853 1393 corro-

121 1428 317 1499 nomenque.
335 1426 368 1480 ln
382 1425 518 1482 Samuele
535 1425 643 1480 donum
659 1425 822 1496 prophetiae
842 1425 960 1480 eminet.
1018 1427 1851 1499 ptelas;septimumluxuria,lutoumetxiscosum.hlusoa

120 1517 182 1574 Cur
195 1531 269 1589 orgo
285 1514 479 1586 intereosqui
489 1515 637 1583 invocant,
649 1530 709 1569 non
719 1514 818 1584 potius
827 1515 961 1578 intereos
1019 1516 1109 1587 igilur
1125 1520 1171 1571 est
1189 1516 1285 1571 anima
1301 1520 1411 1588 nostra,
1428 1518 1568 1588 inquieta,
1585 1516 1706 1571 sordida
1721 1519 1751 1571 et
1765 1517 1850 1588 impu-

120 1605 488 1679 quiprophetizantquam
505 1604 582 1657 inter
598 1604 716 1674 eosqui
737 1602 961 1658 invocant‘?Sa-
1019 1604 1084 1658 dica
1104 1621 1170 1676 quae
1186 1605 1381 1660 discurrendo
1398 1605 1604 1677 huncpungit,
1621 1605 1704 1660 illum
1719 1605 1848 1675 maculat,
1895 1624 1897 1639 ·

119 1694 201 1750 muel
215 1693 343 1749 libenter
357 1692 548 1764 prophetizat,
567 1695 595 1747 et
610 1692 652 1746 illi
669 1691 795 1746 libenter
810 1692 902 1746 Deum
919 1692 962 1745 in·
1018 1694 1108 1748 alium
1123 1710 1238 1749 veneno
1252 1695 1370 1749 malitiae
1394 1696 1564 1765 oorrmnpit,
1591 1694 1668 1748 sicut
1683 1708 1797 1762 musca,
1813 1695 1848 1748 in-

119 1784 315 1840 vocantinter
330 1798 406 1853 quos
426 1781 617 1852 prophetizat.
639 1780 715 1835 Novi
739 1781 893 1852 prophetia
909 1780 961 1835 Sa·
978 1747 1004 1808 B
1020 1783 1127 1854 quieta,
1144 1783 1265 1837 sordida
1281 1787 1309 1837 et
1333 1783 1455 1854 lasciva,
1472 1785 1510 1836 ila
1525 1783 1649 1837 molesta
1675 1782 1813 1837 omnihus
1827 1786 1848 1836 ot

120 1873 228 1929 muelis
244 1874 290 1928 est
305 1871 415 1941 iacere,
431 1885 501 1925 verc
518 1872 667 1939 invocare,
685 1873 714 1924 et
737 1871 860 1924 incitare
876 1886 962 1925 oran·
1020 1886 1112 1926 exosa
1140 1871 1310 1942 ubicunque
1330 1872 1448 1940 insidet,
1474 1872 1580 1944 pungit
1598 1871 1645 1926 vel
1667 1872 1804 1944 maculat,
1821 1870 1848 1925 Et
1894 1924 1897 1933 ,

120 1965 178 2018 tce.
190 1961 304 2027 Quanto
320 1961 399 2016 enim
418 1960 486 2031 quis
506 1959 690 2030 frequentius
707 1959 882 2030 cogitaverit
895 1975 962 2031 quae
1020 1960 1214 2015 haecmovens
1226 1961 1262 2015 de
1271 1961 1350 2015 tonte
1363 1962 1522 2030 superbiae,
1535 1964 1563 2015 oi
1573 1960 1847 2031 peromniatlumina

119 2052 243 2124 proemia
257 2051 351 2123 justis
367 2050 398 2104 in
419 2049 505 2119 coelo,
522 2064 589 2120 quoe
615 2050 759 2103 tormenta
783 2049 884 2119 pravis
904 2049 964 2102 sint
1019 2049 1192 2104 discurrens
1202 2051 1337 2120 pervenit
1348 2050 1501 2104 adssumeu
1516 2050 1642 2104 luxuriae
1655 2049 1736 2121 quod
1747 2052 1793 2104 ost
1806 2064 1847 2102 ex·

119 2142 253 2213 reposita
277 2141 307 2194 in
321 2139 450 2206 inferno,
476 2140 555 2192 tanto
571 2138 673 2192 verius
689 2139 782 2192 Deum
796 2139 915 2192 invocat
936 2140 964 2192 et
1019 2140 1145 2193 tremum
1159 2139 1267 2192 llumen
1284 2138 1406 2210 AEgypti
1423 2138 1524 2210 hujus.
1546 2138 1710 2209 Postquam
1730 2141 1848 2208 pertran-

120 2231 263 2287 attentius
288 2231 361 2283 orat.
392 2227 449 2282 Sed
471 2227 497 2279 si
513 2226 622 2280 desinit
643 2226 760 2281 Samuel
776 2227 962 2312 prophetare,
1019 2228 1209 2283 sieritomnia
1220 2227 1618 2297 lluminaviliorum,oapitur
1629 2243 1734 2282 musca
1745 2231 1847 2295 nostra,

122 2319 296 2376 sacerdotes
306 2317 445 2372 desinunt
454 2316 595 2370 invocare
607 2317 636 2370 et
650 2331 745 2386 orare,
762 2318 831 2387 quie
846 2317 963 2387 quando
1020 2317 1191 2387 delectatur,
1209 2317 1357 2372 sordescit
1372 2320 1398 2370 ct
1410 2317 1449 2370 ita
1466 2317 1632 2386 implicatur
1646 2321 1746 2370 utnon
1759 2316 1848 2383 minis,
1895 2352 1897 2357 -

120 2408 155 2464 tlt
168 2408 335 2463 futurorum
351 2405 557 2476 contemplatio
569 2405 674 2474 rarior,
687 2408 766 2458 tanto
780 2404 854 2459 redit
871 2404 963 2458 oratio
1019 2422 1078 2461 non
1099 2407 1269 2476 promissis,
1285 2412 1354 2461 ‘non
1369 2406 1557 2475 verberibus,
1574 2422 1633 2460 non
1648 2406 1850 2477 praedicatione
1895 2394 1897 2401 ⁴

120 2496 257 2568 tepidior,
265 2499 294 2550 et
309 2496 407 2567 surgit
417 2495 565 2549 invocatio
576 2494 697 2548 tardior.
709 2494 747 2548 Ut
759 2509 831 2566 ergo
842 2494 963 2564 Moyses
1018 2495 1065 2549 vcl
1082 2495 1285 2550 exhortatione
1296 2496 1392 2566 possit
1407 2496 1478 2549 inde
1494 2495 1617 2564 moveri,
1634 2494 1755 2550 facilius
1765 2493 1851 2549 occidi

123 2586 273 2642 discretus
288 2585 327 2639 sit
342 2585 372 2638 in
382 2584 592 2655 praeceptione,
605 2587 636 2637 ut
650 2585 749 2636 Aaron
760 2583 886 2637 devotus
896 2597 963 2653 per·
1018 2587 1216 2657 possetquam
1232 2584 1330 2655 avelli,
1347 2600 1402 2639 neo
1418 2587 1497 2638 certe
1513 2585 1787 2656 avelliturunquam
1801 2585 1852 2638 nisi

123 2678 241 2732 maneat
254 2676 285 2730 in
300 2674 442 2744 oratione,
454 2687 581 2728 necesse
596 2675 642 2726 est
657 2676 689 2726 ut
708 2671 825 2727 Samuel
842 2670 962 2725 subtilis
1018 2673 1107 2728 sibilo
1125 2674 1187 2728 Dei.
1204 2673 1316 2728 Sibilus
1328 2674 1384 2728 iste
1396 2673 1501 2744 dulcis,
1513 2674 1615 2728 suavis
1626 2673 1704 2728 lenis
1717 2675 1854 2744 estinspl·

120 2769 152 2822 et
165 2766 295 2837 diligens
310 2762 528 2835 perseveratio
543 2761 799 2831 contemplatione.
818 2760 856 2814 Ut
870 2759 965 2831 igitur
1018 2763 1092 2817 ratio
1104 2762 1231 2833 Spiritus
1247 2763 1391 2817 sancti.Si
1406 2764 1497 2835 igitur
1508 2779 1618 2817 muscae
1635 2763 1703 2833 pius
1716 2762 1852 2818 Dominus

122 2870 157 2912 ea
171 2869 239 2926 quae
255 2852 393 2908 diliusius
412 2852 542 2906 diximus
557 2851 594 2905 ad
619 2850 825 2920 compendium
840 2865 963 2904 revoce·
1019 2852 1140 2906 sibilare
1157 2853 1297 2924 dignatur
1312 2857 1339 2907 et
1359 2852 1595 2922 compunctionis
1617 2854 1744 2924 gratiam
1759 2851 1853 2907 infun·

120 2959 200 3014 mue,
216 2943 253 2997 ad
268 2943 392 3014 Moysen
406 2941 532 3013 pertinet
555 2940 633 3012 quod
650 2938 817 2993 faciendum
831 2942 877 2994 est
893 2954 962 3010 pru·
1019 2942 1099 3012 dere,
1117 2942 1147 2995 in
1163 2942 1282 2996 tlumino
1298 2957 1357 2996 non
1381 2942 1487 3011 poterit
1511 2941 1644 2996 detineri.
1657 2941 1776 2996 Gratias
1799 2942 1853 2995 Deo

110 3034 226 3090 denter
240 3032 423 3101 discernere,
441 3030 477 3085 ad
488 3030 587 3084 Aaron
603 3032 716 3100 spectat
731 3028 767 3083 ad
778 3044 812 3082 ca
827 3043 893 3099 quae
908 3043 962 3098 per
976 3068 1002 3130 Ο
1019 3032 1070 3103 qui
1085 3047 1139 3086 nec
1153 3031 1228 3085 tales
1249 3046 1369 3085 muscas
1392 3047 1407 3084 a
1432 3047 1486 3085 sua
1515 3029 1722 3085 misericordia
1742 3030 1854 3102 repulit,

122 3137 179 3179 nos
201 3138 261 3178 non
285 3137 448 3193 possumus
470 3119 602 3173 divinum
622 3117 763 3172 auxilium
786 3117 959 3187 implorare;

123 3212 253 3270 Samueli
268 3211 412 3266 incumbit
431 3209 502 3280 quid
524 3223 562 3262 cx
577 3223 609 3261 re
633 3205 764 3278 qualibet
786 3206 918 3261 utilitatis
934 3210 961 3260 et

40 3330 45 3335 ·
121 3301 247 3374 periculi
262 3300 420 3371 provenire
429 3298 616 3369 possitcaute
631 3295 799 3366 providere.
811 3296 962 3366 Perldoy-

123 3406 180 3446 sen
189 3390 281 3463 igitur
295 3389 447 3456 discretio,
464 3402 518 3456 per
532 3388 632 3439 Aaron
643 3385 772 3454 devotio,
789 3398 842 3455 per
857 3384 963 3439 Samu-

123 3480 199 3535 elem
215 3478 391 3550 intelligitur
410 3474 648 3544 circumspectio.
665 3473 861 3528 Disoretionis
883 3489 964 3527 nam-

123 3563 964 3642 queastmorescomponere,devotionisDeosupplioare;

125 3655 403 3728 circumspectionis
414 3667 485 3708 vero
502 3653 538 3707 de
553 3652 779 3723 superventuris
796 3652 963 3721 providere.

125 3747 156 3804 Si
174 3748 265 3821 igitur
276 3742 508 3816 deprehenderis
520 3741 609 3796 vitam
619 3743 698 3795 tuam
712 3742 841 3811 inopere
853 3741 965 3794 discre-

128 3841 199 3909 tam,
215 3838 246 3892 in
262 3835 394 3890 oratione
409 3832 554 3898 devotam,
574 3831 604 3885 in
620 3832 888 3902 circumspectione
898 3845 966 3900 pro-

125 3926 242 3995 vidam,
270 3922 382 3994 poteiis
406 3924 435 3975 et
462 3923 532 3975 tuno
570 3936 638 3974 oum
665 3920 809 3991 propheta
837 3920 964 3974 dicere:

126 4013 251 4084 Moyses
267 4017 296 4065 et
310 4010 423 4082 Aaron,
440 4013 496 4065 etc.
509 4010 661 4064 Nemeum
672 4010 708 4063 ad
720 4009 967 4079 sacerdotesper-

126 4101 218 4157 tineat
237 4100 379 4172 populum
393 4100 552 4177 praeceptis
574 4097 734 4153 informare
751 4101 779 4152 et
795 4098 887 4152 Deum
902 4112 968 4167 pre-

130 4191 216 4246 cihus
232 4189 360 4261 placere,
376 4189 565 4243 manifestum
581 4190 627 4242 est
640 4203 695 4242 eos
710 4189 776 4242 sino
788 4186 967 4241 discretione

129 4283 158 4336 et
173 4279 340 4349 devotione,
354 4277 440 4350 quasi
452 4278 518 4332 sine
536 4277 639 4348 Moyse
648 4280 676 4332 et
687 4277 796 4345 Aaron,
808 4275 968 4330 sacerdotii

1020 3122 1179 3175 miseretur
1202 3121 1332 3176 omnium
1357 3124 1386 3174 et
1407 3120 1479 3175 nihil
1495 3120 1555 3175 odit
1571 3136 1674 3174 eorum
1699 3135 1768 3191 quae
1792 3119 1856 3174 iecit

1019 3211 1087 3281 quia
1102 3211 1251 3283 benignus
1267 3214 1311 3265 est
1324 3215 1352 3264 et
1372 3211 1555 3280 misericorS,
1571 3213 1625 3264 etc.
1644 3209 1758 3264 Sibilat
1774 3211 1855 3264 etiam

1019 3300 1067 3370 api
1083 3316 1145 3372 qum
1160 3305 1206 3354 est
1217 3300 1248 3352 in
1265 3306 1347 3354 terra
1361 3300 1469 3354 Assur.
1488 3301 1586 3353 Assur
1596 3298 1674 3352 enim
1686 3300 1855 3370 interpreta-

1018 3393 1067 3443 tur
1083 3389 1188 3444 elatus.
1202 3390 1258 3442 Hic
1273 3389 1465 3443 ostdiabolus
1482 3388 1632 3459 superbiae
1643 3391 1751 3458 caput,
1768 3387 1855 3460 hujus

1018 3483 1097 3533 terra
1113 3482 1159 3533 est
1173 3479 1338 3532 maledicta.
1348 3477 1400 3532 Est
1410 3481 1508 3532 autem
1518 3478 1574 3532 alia
1589 3481 1667 3531 terra
1682 3477 1854 3533 benedicta:

1020 3568 1104 3623 Unde
1123 3584 1128 3622 :
1151 3567 1352 3633 Benedixisti,
1370 3566 1504 3638 Domino,
1527 3573 1640 3621 terram
1664 3573 1744 3621 tuem
1765 3565 1855 3635 (Psal.

1019 3658 1163 3729 (cxxxiv).
1173 3657 1252 3711 Deus
1261 3657 1378 3710 mandat
1388 3656 1518 3711 nubibus
1528 3657 1593 3711 suis
1604 3659 1635 3710 ut
1645 3656 1748 3727 pluant
1756 3657 1788 3710 in
1798 3671 1857 3711 eam

1021 3752 1049 3802 ct
1064 3749 1129 3817 ipsa
1145 3747 1269 3800 imbrem
1285 3746 1456 3816 suscipiens
1467 3747 1614 3817 germinat
1627 3745 1752 3800 herbam
1767 3746 1857 3800 viren-

1022 3841 1080 3891 tem
1096 3834 1263 3891 devotionis
1274 3851 1341 3906 quae
1355 3835 1443 3890 bonis
1459 3837 1544 3907 aquis
1559 3835 1655 3890 alitur.
1681 3835 1776 3890 Terra
1790 3850 1856 3889 vero

1021 3925 1176 3981 maledicta
1186 3927 1322 3995 producit
1332 3926 1435 3996 spinas
1452 3928 1479 3980 ot
1494 3926 1630 3980 tribulos.
1647 3925 1749 3980 Unde:
1763 3923 1856 3979 ‘diale-

1022 4021 1101 4076 diola
1119 4022 1247 4077 terrain
1273 4035 1361 4091 opere
1383 4023 1439 4085 tuo,
1465 4019 1521 4070 otc.
1549 4014 1636 4083 (Gon.
1654 4018 1709 4083 nr).
1728 4013 1802 4067 llaec
1816 4015 1856 4066 est

1021 4114 1098 4165 terra
1115 4113 1222 4165 Assur.
1240 4110 1272 4164 ln
1291 4109 1346 4163 hac
1363 4108 1514 4162 morantur
1525 4119 1607 4174 apes,
1620 4103 1647 4157 id
1665 4106 1713 4157 est
1728 4101 1858 4173 hypocri-

1022 4203 1069 4270 tae,
1091 4200 1141 4272 qui
1157 4201 1234 4254 sicut
1249 4214 1320 4268 apes
1335 4196 1392 4251 mol
1408 4196 1438 4249 in
1455 4210 1515 4264 ore,
1528 4194 1581 4247 sed
1601 4191 1737 4246 aculeum
1752 4191 1856 4246 habent

1022 4289 1053 4344 in
1084 4289 1186 4359 cauda,
1213 4288 1249 4342 de
1274 4287 1382 4357 quihus
1408 4284 1551 4338 Dominus
1577 4282 1622 4336 sio
1646 4281 1855 4353 conqueritur:

129 4370 178 4426 ⁸¹¹1
193 4369 324 4426 ⁰ffi⁰i¹¹ffl
336 4384 396 4422 ¹1⁰ss
411 4381 502 4438 P⁰⁸⁸0
519 4366 651 4436 implete·
669 4365 750 4431 QUOS
765 4366 834 4420 dum
849 4365 966 4420 &muel
982 4374 1009 4434 D
1027 4377 1295 4435 Circumdederunt
1310 4391 1356 4429 me
1367 4375 1443 4428 sicat
1454 4388 1525 4445 apes
1535 4370 1629 4443 (Psal.
1640 4371 1721 4439 cini).
1735 4370 1857 4425 Veniunt

130 4460 201 4516 iacit
215 4459 251 4515 de
267 4458 375 4513 futuris
397 4456 526 4526 timidos,
546 4454 644 4510 reddit
657 4471 710 4510 eos
724 4456 755 4509 in
771 4455 902 4509 oratione
918 4455 967 4509 de·

130 4552 227 4617 votos,
240 4552 269 4604 et
279 4549 309 4603 in
321 4547 374 4601 Dei
391 4546 577 4601 invocatione
593 4545 744 4599 assiduos.

131 4639 194 4696 Tra.
206 4638 298 4693 XLII.
308 4637 353 4692 Do
368 4633 809 4715 septemilunrinibusAEpypti,
820 4634 909 4689 idest
927 4631 969 4685 ri·

169 4709 343 4779 tiismundi,
357 4708 434 4763 etde
448 4722 557 4773 rnusoa,
565 4704 598 4760 id
610 4711 656 4760 est
666 4721 762 4759 anima
772 4703 966 4770 illisindeota,

169 4781 247 4835 etde
261 4779 351 4835 sibilo
365 4778 422 4833 Dei
436 4793 490 4850 quo
505 4776 542 4831 ab
558 4775 621 4830 illis
631 4776 782 4832 avellitur.
800 4776 840 4830 Et
856 4776 892 4830 de
904 4790 968 4847 epe,

168 4850 201 4905 id
221 4855 267 4904 est
282 4850 448 4922 hypocrita,
469 4848 557 4903 etiam
573 4864 588 4901 a
605 4847 728 4903 Domino
753 4848 866 4917 abacta,
884 4859 912 4902 et
933 4845 970 4900 de

169 4921 280 4992 duplici
296 4926 389 4990 terra,
407 4920 482 4976 bona
499 4925 528 4974 et
543 4919 629 4974 mela.

170 5010 205 5064 In
214 5008 265 5063 illa
281 5009 330 5064 die
344 5008 480 5063 sibilabit
490 5008 748 5063 Dominusmuscrn
757 5024 818 5080 quie
828 5012 873 5063 est
881 5007 912 5060 in
920 5022 971 5061 ex·

138 5096 972 5171 tremoiluminumAEgypti,etapiquaueslinterraAssur

134 5194 166 5246 et
174 5188 294 5244 venient
306 5193 335 5242 et
346 5188 536 5259 requiescent
548 5203 649 5242 omnes
661 5189 691 5241 in
704 5185 891 5241 torrentibus
908 5184 971 5240 ral-

134 5278 216 5346 lium,
225 5278 293 5334 etin
302 5293 335 5331 oa
341 5278 444 5332 vernis
446 5282 602 5348 petrarum
612 5275 681 5346 (isa.
691 5277 753 5346 vn).
764 5275 915 5347 AEgpptus
927 5277 972 5329 est

133 5367 264 5425 muudus
271 5366 403 5422 tenebris
415 5364 528 5420 erroris
545 5363 658 5434 peccati
669 5363 844 5435 ignorantie
858 5363 972 5418 involu-

133 5456 374 5528 tuslnAEgypto
385 5459 499 5524 septem
510 5455 580 5507 eunt
590 5451 710 5506 flumina
721 5466 759 5506 ex
773 5468 832 5508 uno
842 5454 932 5524 sonte;
942 5454 972 5509 iu

1025 4469 1122 4524 ludoei
1137 4483 1202 4521 oum
1218 4465 1395 4519 Herodianis
1407 4463 1538 4517 dicentes
1556 4478 1561 4516 :
1579 4461 1740 4532 Magister,
1753 4461 1857 4514 scimus

1026 4558 1093 4632 quia
1107 4570 1249 4620 reraxes,
1259 4557 1314 4607 etc.
1324 4553 1441 4623 (tlatth.
1450 4552 1532 4622 xxn).
1542 4551 1619 4604 Ecce
1628 4549 1778 4621 quomodo
1789 4563 1856 4603 com·

1025 4647 1135 4718 ponant
1150 4645 1235 4698 faros
1250 4647 1279 4698 et
1289 4643 1376 4696 mella
1387 4641 1580 4713 congregent,
1603 4638 1657 4693 sed
1671 4638 1742 4710 quia
1757 4650 1855 4708 capere

1027 4737 1163 4808 quaerunt
1173 4735 1203 4789 in
1219 4747 1367 4803 sermone,
1387 4732 1520 4785 aculeum
1536 4729 1645 4783 hahent
1661 4729 1690 4781 in
1706 4728 1810 4797 cauda,
1826 4726 1854 4781 de

1027 4823 1299 4897 quibuspropheta:
1315 4822 1371 4887 Qui
1380 4820 1641 4892 loquunturpacom
1653 4833 1718 4871 cunr
1726 4816 1855 4889 proximo

1027 4931 1080 4970 suo
1095 4913 1191 4983 (Psnl.
1204 4912 1310 4982 xxvii.)
1327 4911 1403 4965 Ecce
1418 4909 1474 4963 mol
1494 4908 1524 4961 in
1544 4923 1611 4978 ore,
1626 4906 1703 4960 mala
1722 4910 1818 4961 autem
1832 4904 1854 4957 in

1029 5003 1169 5059 cordibus
1182 5018 1294 5071 eorum,
1309 5015 1378 5055 ecce
1392 4999 1515 5054 aculeus
1532 4998 1561 5051 in
1577 4996 1680 5050 cauda.
1698 4996 1779 5066 Apes
1792 5007 1854 5066 ergo

1029 5094 1165 5149 habitans
1180 5091 1210 5145 in
1221 5092 1308 5145 terra.
1326 5090 1423 5143 Assur
1438 5091 1484 5143 est
1492 5086 1655 5158 hypocrita,
1665 5086 1736 5140 totis
1752 5083 1856 5140 deside

1028 5182 1082 5237 riis
1097 5180 1234 5235 habitans
1251 5179 1280 5233 in
1295 5178 1416 5232 mundo.
1440 5176 1471 5231 Si
1486 5191 1558 5248 ergo
1573 5175 1643 5229 huic
1654 5177 1683 5229 et
1695 5189 1811 5229 muscae
1824 5171 1857 5227 si·

1028 5272 1099 5327 bilet
1114 5270 1204 5339 Deus,
1220 5268 1340 5324 venient
1353 5266 1495 5338 passibus
1513 5265 1580 5319 fidei
1597 5268 1626 5319 et
1641 5265 1764 5334 amoris,
1782 5265 1810 5319 et
1824 5276 1858 5317 re

1029 5361 1183 5433 quiescent
1205 5360 1236 5414 in
1258 5357 1393 5413 cavernis
1421 5359 1580 5426 petrarum,
1600 5352 1709 5409 melius
1725 5352 1859 5426 quamn

1029 5441 1861 5519 extremotluminumAEgyptirelterraAssur,quiatribu

134 5546 366 5617 mundoseptem
379 5543 450 5599 vitia
460 5557 498 5596 ex
507 5557 567 5597 una
576 5540 676 5595 radice
688 5542 846 5612 superhiae.
856 5542 973 5598 lnitium
1028 5537 1279 5611 Iatioetanpnstia
1292 5537 1323 5591 in
1337 5551 1449 5592 omnem
1461 5534 1587 5589 animam
1598 5533 1753 5607 operantis
1761 5532 1860 5589 malurn

122 5633 361 5716 ·omuispeooati
384 5631 536 5713 superbia.
547 5629 619 5703 Quae
629 5630 765 5711 quamvis
775 5645 882 5690 exano
891 5631 972 5693 tonte
1028 5627 1263 5708 (nonnil-llius
1272 5626 1350 5685 enirn
1359 5624 1467 5704 quietis
1482 5622 1726 5683 extremainotos
1736 5626 1861 5705 occapd.
