3796 6022
643 227 872 296 SERMONES
895 229 1072 296 CENTUM

1631 230 1711 297 1218
1765 213 1770 223 '

64 409 162 467 redcat
169 411 206 466 ad
216 411 361 484 hocquod
371 411 487 467 dixerut
502 411 599 467 hiems
615 412 748 483 transiit3
759 413 817 468 hoc
830 412 860 474 Α
876 413 1160 483 tuatPsaI.xvr.)Et:
1178 413 1324 470 Torrente
1348 412 1507 487 voluptatis
1522 418 1578 468 tuae
1590 412 1710 485 potabis

66 499 146 572 quod
161 499 231 554 dicit
245 501 338 555 rincae
353 500 499 557 tlorcntcs
522 501 641 557 odorem
657 501 815 572 dederunt,

64 588 162 660 tquod
177 588 291 643 dixerat
312 589 411 644 imber
430 590 507 645 abiit
526 594 556 645 ct
585 591 724 645 recessit.
744 589 818 656 Quia

64 693 74 733 r
89 676 186 732 biems
206 678 333 748 transiit,
359 679 449 733 liores
464 682 679 749 apparuerunt,
707 681 736 733 et
750 678 820 750 quia

65 764 161 820 rubiit
176 768 205 820 et
220 766 356 835 recessit,
366 767 462 823 rineae
477 768 617 823 florentes
630 768 752 822 odorem
766 767 819 822 de-

64 856 97 910 rt.
123 854 227 909 Hiems
249 855 375 924 transiit,
392 855 483 911 llores
507 860 716 927 apparuerunt.
743 856 818 912 Nam

64 943 119 1012 gelu
133 943 248 999 brumae
271 959 364 999 verno
390 944 487 1000 calore
509 945 652 1016 liquatum
681 944 818 1016 solvitur,

64 1047 123 1087 nuo
139 1036 228 1100 terro,
240 1032 332 1087 radiis
343 1034 511 1103 tepentibus
538 1037 624 1104 tactu,
643 1049 675 1090 sc
701 1035 737 1089 ad
752 1050 820 1105 par·

64 1121 181 1192 iperitur
195 1122 278 1177 Tunc
289 1125 318 1177 et
328 1123 460 1195 germina
472 1127 500 1177 et
516 1123 605 1178 tiores
616 1122 772 1194 prodeunt,
790 1126 819 1177 et

64 1212 116 1265 'tur
140 1226 260 1265 rursum
288 1210 376 1265 tellus
392 1210 500 1266 decore
525 1227 591 1266 suo.
611 1211 691 1285 Ergo
720 1211 818 1267 hiems

64 1298 109 1370 iit,
126 1303 155 1354 et
169 1300 259 1355 tiores
274 1302 472 1371 apparuerunt
492 1301 523 1356 in
536 1304 625 1356 terra.
646 1301 720 1356 Num
748 1301 818 1372 quia

63 1404 80 1444 r
98 1388 170 1444 abiit
198 1392 226 1445 et
246 1390 382 1461 recessit,
400 1389 538 1445 continuo
562 1390 657 1445 vinee
678 1390 817 1446 florentes

64 1492 105 1533 sm
129 1477 283 1534 dederunt.
300 1478 376 1533 Nam
390 1478 502 1534 imbres
522 1478 635 1534 inimici
651 1480 720 1534 sunt
734 1478 817 1533 tlori-

78 1569 107 1622 et
129 1568 386 1622 vehementissimi
409 1568 522 1622 imbres
550 1568 640 1623 llores
662 1569 817 1623 vinearum

64 1655 145 1726 liunt,
163 1659 192 1711 et
212 1656 278 1712 ideo
296 1658 365 1729 quia
380 1657 474 1712 imber
488 1656 559 1712 abiit
574 1660 602 1712 ct
617 1657 753 1727 recessit,
770 1656 813 1711 ri-

64 1744 202 1801 tlorentcs
213 1745 334 1801 odorem
350 1745 503 1800 dederunt.

66 1850 86 1888 x
96 1849 169 1906 ergo
184 1834 308 1889 lloribus
322 1834 517 1889 vernantibus
528 1837 557 1890 et
571 1834 668 1891 vineis
680 1834 814 1909 ,odorem

64 1923 494 1996 rspargentibus,turturdedit
504 1939 608 1979 rocem
624 1924 817 1993 suam,etim·

65 2014 147 2068 mest
157 2012 306 2084 gaudium,
317 2012 411 2068 etait:
429 2012 491 2067 Ver
506 2013 634 2068 turturis
656 2012 755 2068 audita
772 2017 818 2067 est

64 2116 108 2157 *ra
119 2101 329 2170 nostra,tlorcs
340 2109 540 2172 apparuerunt
560 2103 590 2157 iu
607 2107 689 2156 terre
710 2106 813 2156 nostra

64 2189 820 2248 elloreutcsodoremdederuntVerturlurr'saudita

64 2295 70 2332 r
86 2284 169 2334 terra
181 2287 293 2335 nostro.
309 2279 410 2350 Terra,
427 2280 529 2350 inquit,
543 2282 655 2350 nostra,
671 2294 819 2349 nonmea,

64 2373 162 2438 rostra,
174 2372 206 2423 ut
216 2384 279 2423 eam
289 2369 519 2424 communicaret
528 2368 695 2423 nobiscum.
707 2367 738 2424 Si
747 2383 820 2440 ergo

73 2462 174 2512 nostra
186 2457 294 2528 est,ubi
307 2458 396 2512 flores
408 2458 648 2529 apparuerunt,et
658 2457 710 2512 ubi
720 2456 816 2512 vineae

63 2549 129 2601 ntes
140 2546 261 2601 odorem
270 2546 456 2616 dederunt,et
465 2547 515 2601 ubi
527 2547 625 2601 audita
637 2550 682 2602 cst
693 2562 753 2602 vox
762 2549 821 2600 tur·

64 2634 220 2705 ,exsilium
235 2634 283 2689 hic
298 2638 354 2706 est,
364 2635 413 2690 ubi
425 2637 543 2690 interra
558 2636 685 2705 deserta,
703 2635 782 2690 invia
791 2637 820 2690 et

64 2739 138 2792 rosa,
151 2725 182 2778 in
192 2727 269 2779 terra
280 2723 499 2780 alienaruntare
510 2741 570 2780 non
578 2739 741 2796 possumus
751 2739 819 2778 can-

64 2830 73 2869 ι
88 2813 204 2869 Domini
216 2813 269 2868 sed
285 2829 291 2868 :
309 2813 408 2886 Super
422 2814 542 2869 [lumina
558 2813 724 2886 Babylonis
739 2814 820 2869 sedi·

64 2908 93 2958 et
106 2902 255 2973 tlerimus,
279 2903 346 2958 dum
367 2903 598 2959 recordaremur
614 2903 667 2973 tui,
684 2902 767 2959 Sion.
784 2902 819 2957 In

64 2991 130 3047 ibus
151 2993 182 3047 in
205 2992 304 3047 medio
329 2993 395 3064 ejus
412 2993 620 3064 suspendimus
640 3007 750 3064 organa
766 3007 819 3046 no-

64 3080 293 3151 (Psulmxxxrr).
310 3081 463 3153 Nusquam
474 3082 520 3135 hio
530 3082 619 3136 dores
631 3082 709 3149 sunt,
718 3079 766 3134 vel
777 3080 818 3134 vi·

64 3170 205 3238 lorenteS,
220 3171 273 3224 sed
288 3170 396 3225 salices
408 3170 526 3225 steriles
537 3169 682 3225 habentes
694 3168 774 3238 solia,
788 3170 817 3224 et

65 3274 114 3314 um
125 3275 185 3314 non
195 3259 349 3315 habentes
359 3259 464 3331 Neque
480 3259 527 3314 hic
537 3275 597 3314 vox
605 3257 727 3313 turturis
736 3258 818 3313 audi·

68 3348 104 3403 ed
113 3348 325 3419 suspendimus
334 3364 445 3421 organa
457 3351 569 3415 nostre,
580 3352 608 3403 et
616 3364 675 3402 non
683 3346 818 3402 valemus

64 3452 102 3492 ue
115 3439 261 3492 cauticum
278 3437 396 3491 Domini
416 3437 445 3491 in
461 3440 540 3491 torro
555 3437 660 3491 aliene.
678 3435 757 3508 Ergo
776 3435 818 3491 ibi

71 3529 176 3582 nostra
190 3526 297 3597 est,hio
308 3526 447 3581 exsilium
453 3529 599 3581 nostrum.
612 3525 657 3581 Ad
666 3525 747 3579 illam
758 3524 817 3579 iui-

64 3617 162 3683 creati,
174 3613 427 3686 adhuncexpulsi.
440 3615 494 3670 Hie
501 3615 735 3687 peregrinamur,
747 3613 817 3669 illuc

64 3704 116 3760 uri.
130 3704 438 3775 Illincexeuntes,huc
448 3705 595 3759 venimus.
608 3704 692 3758 Illinc
703 3718 818 3759 exeun-

63 3793 133 3849 illuc
157 3794 299 3850 redimus.
317 3794 441 3864 Propter
457 3793 513 3849 hoc
542 3796 699 3865 postquam
719 3791 815 3847 hiems

64 3883 110 3953 iit,
128 3883 223 3938 imber
230 3883 302 3937 abiit
317 3882 489 3949 etrecessit,
510 3882 607 3937 statim
618 3884 708 3936 liores
726 3895 817 3952 appa-

64 3973 105 4025 mt
114 3971 144 4025 in
155 3975 232 4026 terra
241 3975 352 4038 nostra,
365 3972 459 4025 vineee
469 3972 608 4026 llorentes
626 3971 748 4026 odorem
763 3969 816 4024 de-

64 4063 89 4115 ut
99 4100 108 4127 ,
126 4062 154 4114 et
169 4076 228 4115 vox
243 4061 366 4115 turturis
383 4061 481 4114 audita
492 4063 539 4115 est
556 4062 586 4114 in
608 4062 686 4115 terra
705 4060 816 4113 nostra.

64 4151 109 4204 sta
122 4149 273 4203 subtracta
289 4152 369 4220 sunt,
383 4150 522 4204 continuo
538 4149 603 4203 sine
620 4146 761 4203 morailla
771 4162 819 4216 op

64 4252 91 4292 re
102 4241 264 4309 coeperunt.
273 4238 433 4319 Postquam
444 4238 550 4293 horum
566 4236 726 4291 concussio
742 4250 819 4289 uno·

64 4327 170 4395 ensiit,
179 4328 276 4381 statim
288 4326 361 4382 odor
370 4326 485 4381 illorum
495 4326 529 4380 ed
537 4340 592 4381 nus
601 4325 745 4397 pervenit.
755 4325 819 4378 ttun

63 4432 91 4472 m
113 4418 242 4488 gemitus
267 4416 417 4485 conticuit,
440 4415 578 4470 continuo
602 4414 719 4469 illorum
750 4406 860 4469 con-D

64 4521 91 4559 rs
106 4505 229 4559 auribus
241 4506 353 4559 nostris
369 4505 511 4574 insonuit,
521 4508 550 4559 el
564 4520 623 4558 vox
634 4503 757 4558 turturis
768 4519 819 4557 au-

64 4611 68 4647 r
84 4595 196 4650 nostris
211 4594 353 4665 insonuit,
377 4597 405 4648 et
420 4610 480 4649 vox
502 4595 626 4649 turturis
648 4593 746 4648 audita
761 4593 817 4647 est.

64 4682 149 4738 detur
163 4699 271 4756 magua
281 4683 417 4755 quendam
428 4684 535 4756 gaudia
549 4682 598 4737 hic
613 4682 819 4737 commendare

64 4771 166 4843 tribus,
184 4774 213 4827 ct
228 4772 319 4828 odore
335 4775 364 4827 et
379 4773 504 4827 cantico.
530 4771 604 4826 Num
620 4770 685 4825 haec
700 4771 756 4824 tria
771 4785 820 4824 so·

64 4866 292 4917 commemorate
311 4864 381 4918 sunt
395 4881 403 4915 .·
419 4861 521 4931 nores,
542 4863 570 4915 et
585 4860 659 4915 odor
683 4861 711 4913 et
725 4857 819 4912 canti-

80 4949 117 5005 Et
138 4951 252 5006 scimus
269 4951 348 5022 quod
358 4951 449 5006 liores
465 4950 501 5004 ad
517 4950 648 5020 speciem
663 4947 818 5019 pertinent,

76 5040 113 5094 ad
134 5039 336 5112 fragrantiam,
362 5038 508 5094 canticum
537 5038 574 5093 ad
595 5036 820 5110 jucunditatem.

66 5123 822 5199 iesautemadvisumrciertur,fragrantiaodollae·

73 5218 168 5273 melos
184 5218 221 5272 ad
242 5218 383 5273 nuditum.
406 5216 503 5282 Quare
518 5230 591 5287 ergo
620 5215 650 5270 hi
680 5213 736 5268 soli
761 5228 823 5284 proe

65 5308 102 5363 tis
118 5308 262 5363 sensibus
279 5308 365 5362 electi
376 5308 455 5377 sunt,
472 5308 500 5361 ct
514 5304 655 5359 nominati
666 5304 680 5358 ‘l
692 5301 820 5358 Namha·

71 5395 183 5469 singuli
207 5396 374 5467 voluptates
397 5410 479 5466 suas,
499 5396 528 5449 et
541 5393 677 5464 poterant
706 5391 823 5446 interna

64 5487 92 5542 ia
109 5487 195 5542 ctiam
213 5489 302 5560 gustu
323 5485 486 5558 designari,
503 5483 581 5540 sieut
596 5481 739 5553 scriptum
755 5481 823 5537 est:

875 502 1066 570 eos,Domiue
1087 502 1169 558 Psal.
1187 503 1290 573 xxxv).
1306 501 1364 558 Sed
1375 501 1496 575 quijem
1512 505 1621 576 gustet,
1639 501 1710 557 trui-

878 595 936 661 tur,
952 595 981 647 et
994 593 1128 663 pervenit
1142 592 1277 647 adfinem
1291 592 1507 647 desideriorum
1519 605 1652 660 suorum,
1661 589 1710 645 hic

878 684 976 735 autem
991 681 1119 752 oportuit
1129 681 1262 752 quaedem
1271 680 1430 751 primordia
1442 680 1509 734 ritoe
1520 677 1660 749 perennis
1671 678 1709 734 si·

878 770 1025 841 guiticuri,
1035 771 1152 840 quando
1163 770 1260 825 adhuc
1277 785 1336 824 non
1347 773 1417 824 sunt
1431 769 1633 824 consummata
1641 782 1705 822 om-

879 859 937 912 niu.
953 857 1103 930 Siquidem
1119 859 1214 913 adhuc
1230 873 1340 930 sponsa
1355 858 1386 912 in
1395 857 1476 912 exitu
1490 859 1545 926 est,
1562 858 1590 910 et
1605 855 1710 909 invite·

872 948 920 1001 tur
933 950 965 1002 ut
976 947 1085 1002 veniat.
1103 947 1138 1001 Et
1152 948 1218 1018 ipsa
1231 947 1295 1019 jam
1310 945 1520 1020 egrediebatur
1533 944 1710 1000 tabernacu-

872 1034 932 1090 lum
945 1035 1126 1105 curnissuae,
1144 1039 1215 1092 etse
1232 1035 1588 1090 converterotutveniret.
1605 1033 1648 1088 lbi
1659 1047 1709 1088 re·

873 1125 961 1181 veluti
971 1128 1041 1180 sunt
1056 1125 1134 1180 oculi
1150 1124 1228 1196 ejus.
1244 1124 1280 1179 Et
1295 1140 1365 1179 ecoe
1381 1124 1417 1179 de
1440 1123 1529 1196 longe
1544 1122 1630 1195 quusi
1645 1125 1707 1177 ter-

872 1231 945 1285 ram,
956 1215 1043 1286 quasi
1052 1214 1185 1284 patriam,
1194 1214 1281 1284 quasi
1297 1213 1449 1286 regionem
1458 1227 1603 1268 omoenam
1611 1224 1709 1284 usque

872 1302 969 1358 adhuc
984 1302 1176 1371 invisibilem,
1187 1303 1241 1358 sed
1255 1317 1351 1373 usque
1366 1302 1462 1357 adbuc
1477 1301 1552 1356 visis
1567 1301 1706 1356 omnibus

872 1391 1082 1473 pulchriorem,
1100 1391 1218 1464 plenam
1234 1391 1351 1460 decore,
1368 1392 1396 1446 et
1407 1389 1591 1461 jucunditate
1606 1389 1703 1445 reler-

872 1484 942 1552 tam,
958 1481 1047 1553 cujus
1061 1484 1202 1552 aspectus
1219 1479 1367 1535 desiderio
1382 1479 1501 1533 oete'rne.
1523 1477 1586 1532 illic
1597 1479 1705 1548 omnia,

874 1586 941 1641 quae
955 1571 987 1625 in
1002 1570 1059 1624 hoc
1074 1567 1389 1640 saeculopulchrnvisa
1400 1569 1479 1636 sunt,
1491 1566 1556 1621 sire
1571 1566 1708 1638 quaejam

874 1660 1091 1730 praeterierunt,
1108 1659 1172 1714 sivo
1187 1674 1254 1730 quae
1265 1673 1344 1712 nuuc
1360 1659 1439 1727 sunt,
1449 1656 1514 1711 sivo
1529 1671 1596 1727 quae
1611 1653 1709 1710 futura

875 1751 954 1819 sunt,
971 1748 1141 1818 incorrupta
1159 1746 1282 1819 fulgent,
1299 1748 1328 1800 et
1342 1746 1433 1801 multo
1449 1743 1585 1815 ampliori
1600 1743 1708 1798 decore

875 1853 963 1909 quam
978 1837 1088 1893 credita
1111 1836 1220 1891 fuerint
1240 1833 1487 1891 inestimabiliter
1502 1832 1708 1888 ostenduntur.

877 1928 909 1982 ln
924 1927 1003 1982 hunc
1018 1941 1090 1999 ergo
1102 1941 1215 1997 sponsa
1225 1924 1361 1980 intuitum
1372 1926 1432 1979 toto
1441 1921 1590 1978 desiderio
1602 1920 1708 1990 delixa,

876 2019 948 2071 etse
964 2015 1110 2087 colligens
1125 2014 1161 2068 ed
1173 2029 1217 2084 se,
1230 2012 1399 2084 concupivit
1409 2011 1525 2083 plenius
1541 2009 1619 2065 scire
1630 2007 1708 2064 unde

874 2108 933 2159 tam
948 2105 1021 2160 mira
1037 2104 1135 2159 subito
1146 2102 1283 2159 fulsisset
1293 2100 1490 2173 pulchritudo.

910 2228 1042 2302 Cumque
1051 2228 1080 2283 in
1092 2228 1169 2283 hanc
1183 2225 1412 2282 totuintentione
1421 2224 1559 2293 terreret,
1570 2221 1665 2294 etjam
1674 2235 1708 2277 se

875 2335 934 2375 uon
945 2321 1132 2390 caperctprae
1146 2311 1632 2390 gaudio,ecceodorsuavissimus
1646 2309 1709 2365 illa·

874 2424 949 2480 psus
960 2411 1016 2478 est,
1036 2409 1065 2461 et
1075 2406 1188 2461 cantica
1202 2404 1338 2478 quaedam
1358 2401 1455 2458 dulcia
1471 2404 1540 2456 sunt
1553 2400 1662 2470 audita,
1679 2400 1708 2454 et

875 2501 981 2553 cuncto
990 2496 1064 2550 miro
1079 2499 1188 2566 praeter
1202 2493 1332 2549 solitum.
1349 2492 1417 2548 ldeo
1434 2490 1524 2546 flores
1534 2504 1708 2544 commemo·

874 2589 986 2657 rantur,
995 2588 1023 2641 et
1038 2586 1121 2653 odor,
1138 2587 1167 2638 et
1182 2583 1338 2652 canticum,
1355 2581 1418 2636 etin
1430 2579 1568 2635 omnibus
1583 2577 1708 2633 dulcedo

875 2676 1075 2731 illabonorum
1090 2665 1285 2728 invisibilium
1296 2669 1504 2742 etjuounditas
1522 2667 1708 2739 designatur,
1739 2734 1746 2747 ι

875 2768 903 2819 et
913 2764 1034 2820 dicitur:
1049 2762 1157 2818 Floras
1163 2765 1373 2835 apparuerunt,
1384 2763 1413 2814 et
1424 2759 1517 2813 rinere
1527 2757 1647 2812 odorem
1659 2754 1710 2811 de·

875 2854 993 2913 derunt.
1007 2857 1035 2908 el
1049 2868 1105 2907 ror
1120 2849 1356 2906 turturisaudita
1372 2853 1429 2903 est.
1440 2846 1476 2900 Et
1492 2845 1588 2900 omnia
1604 2844 1669 2899 haec
1680 2843 1710 2898 in

875 2958 934 2998 uuo
946 2944 1056 3011 suntet
1067 2940 1263 2996 omniaunum
1279 2939 1357 3005 sunt,
1371 2935 1472 3005 ttores,
1485 2934 1568 3003 odor,
1578 2937 1606 2988 et
1616 2931 1712 2988 cauti-

877 3047 953 3086 cum.
963 3030 1067 3086 Flores
1084 3029 1191 3084 etenim
1206 3030 1285 3095 sunt,
1304 3024 1373 3096 quia
1387 3025 1551 3077 monstrant
1563 3022 1706 3091 speciem,

834 3090 859 3152 Ο
877 3120 951 3176 odor
958 3122 1014 3187 est,
1027 3118 1095 3190 quia
1104 3116 1199 3171 tundit
1208 3113 1392 3181 suavitatem,
1403 3110 1549 3165 canticum
1573 3111 1629 3178 cst,
1641 3107 1711 3181 quia

876 3206 1168 3264 sonntdulcedinem.
1189 3204 1295 3258 Totum
1310 3203 1365 3271 est,
1378 3203 1407 3255 et
1421 3197 1579 3254 hoctotum
1595 3200 1641 3252 est
1656 3195 1711 3253 sed

875 3298 972 3353 adhuc
984 3282 1128 3366 de'longe.
1140 3290 1288 3363 Quidquid
1298 3290 1339 3344 ibi
1348 3289 1474 3360 videtur,
1486 3287 1643 3359 pulchrum
1652 3288 1709 3357 est,

876 3401 968 3443 suave
983 3387 1039 3455 est,
1054 3382 1284 3455 jucundumest3
1297 3379 1351 3435 sed
1366 3377 1452 3451 quasi
1467 3376 1563 3432 adhuc
1575 3373 1709 3446 delonge

875 3479 930 3530 est.
939 3474 1008 3529 ldeo
1017 3472 1113 3527 adhuc
1124 3473 1214 3543 gustu
1226 3467 1565 3541 nonpercipitur,neque
1576 3466 1655 3519 tactu
1664 3464 1709 3518 et-

874 3566 1023 3631 trectatur,
1034 3562 1088 3617 sed
1100 3564 1237 3632 tanquam
1246 3559 1362 3614 eminus
1374 3556 1564 3612 constitutum
1577 3554 1705 3624 auditur,

875 3654 1024 3722 odoratur,
1041 3653 1070 3705 et
1083 3649 1222 3706 cernitur.
1240 3648 1276 3703 Et
1290 3645 1467 3702 tamenmire
1482 3644 1569 3699 etiam
1584 3641 1708 3699 sicrell-

878 3743 926 3813 cit,
942 3744 970 3796 et
992 3740 1081 3796 trahit
1095 3742 1163 3811 post
1189 3753 1223 3793 sc
1242 3737 1369 3811 animum
1396 3735 1426 3788 in
1449 3731 1708 3804 concupiscentias

876 3831 1082 3902 sempiternos.
1099 3827 1231 3883 ldeoait:
1253 3824 1415 3888 Tr·eheme;
1427 3826 1537 3893 postte
1553 3834 1710 3876 curremus

876 3922 907 3975 in
923 3920 1042 3976 odorem
1063 3921 1276 3989 unguentorum
1298 3910 1513 3982 tuoruthent.
1537 3908 1625 3981 1).Et
1653 3922 1711 3963 rex

876 4009 980 4066 dilecti
994 4007 1062 4062 mci.
1074 4006 1182 4061 Anima
1199 4020 1263 4059 inea
1279 4000 1440 4074 liquefacta
1455 4005 1510 4064 est,
1530 4003 1560 4052 ut
1579 3996 1708 4053 dilectus

876 4099 1044 4155 locutusesl
1054 4095 1196 4167 (Gener).
1210 4093 1337 4147 Pulcher
1348 4106 1392 4161 es,
1403 4089 1508 4144 dilecte
1518 4087 1567 4158 mi,
1581 4088 1609 4141 et
1619 4086 1711 4141 deco-

876 4205 939 4258 rus,
956 4189 984 4242 et
999 4189 1077 4241 totus
1093 4182 1320 4239 desiderabilis:
1338 4181 1424 4251 caput
1434 4182 1526 4246 tuum,
1543 4175 1641 4247 capilli
1656 4175 1709 4245 tui,

877 4277 955 4332 oculi
971 4275 1022 4345 tui,
1033 4274 1179 4329 labiatuu.
1196 4271 1287 4344 Fuge,
1304 4269 1413 4327 dilecte
1428 4268 1479 4338 mi,
1506 4266 1583 4338 iuge,
1602 4263 1712 4319 similis

877 4372 950 4432 esto,
975 4363 1084 4420 dilecte
1098 4363 1147 4431 mi,
1161 4377 1285 4433 copreae,
1302 4356 1483 4429 hinnuloque
1498 4370 1655 4411 cervorum
1666 4368 1712 4407 su·

873 4471 931 4527 por
957 4459 1072 4509 arentes
1099 4457 1261 4506 aromatum
1284 4448 1380 4518 (Cant.
1399 4448 1473 4515 vm).
1504 4443 1608 4498 Florus
1637 4455 1710 4513 ergo

876 4544 1074 4616 apparuerunt
1082 4541 1111 4595 iu
1120 4544 1198 4595 terra
1207 4537 1424 4593 nostra.Vineae
1436 4535 1576 4588 tloreutes
1585 4531 1707 4586 odorem

876 4635 1030 4703 dedorunt,
1040 4634 1068 4686 et
1082 4646 1143 4686 vox
1152 4629 1275 4684 turturis
1291 4625 1389 4680 audita
1406 4622 1492 4679 estin
1507 4623 1710 4677 terrenostra.

876 4724 1001 4778 AEterna
1016 4720 1114 4793 itaque
1131 4717 1238 4791 gaudia
1253 4715 1388 4784 floribus,
1406 4716 1435 4767 et
1445 4711 1547 4781 odore,
1557 4712 1585 4765 et
1596 4706 1710 4763 cantico

875 4813 1079 4885 designantur.
1097 4807 1133 4863 Et
1161 4806 1300 4875 diximus,
1316 4802 1396 4876 quod
1410 4801 1523 4857 idcireo
1552 4799 1588 4854 de
1618 4797 1710 4871 gustu

874 4903 995 4957 tacitum
1012 4902 1068 4969 est,
1086 4895 1224 4970 quoniam
1243 4893 1337 4949 voluit
1351 4893 1565 4960 demonstrare,
1582 4886 1661 4960 quod
1676 4884 1713 4942 de

876 4990 965 5062 longe
981 4988 1078 5043 adhuc
1090 4988 1183 5055 eraut,
1200 4987 1229 5039 et
1242 4982 1370 5038 necdum
1384 4981 1421 5036 ud
1437 4995 1471 5034 ea
1482 4993 1594 5050 sponse
1604 4990 1713 5048 perre-

876 5081 970 5147 norat,
995 5077 1049 5132 sed
1060 5074 1238 5130 invitabatur
1258 5074 1290 5126 ut
1312 5069 1435 5141 veniret,
1461 5069 1490 5123 et
1510 5066 1711 5122 demonstrata

878 5169 948 5223 suut
961 5166 990 5222 oi
1003 5168 1036 5220 ut
1049 5164 1164 5220 videret
1187 5165 1215 5217 ct
1230 5159 1456 5231 concupisceret
1477 5158 1506 5212 et
1528 5154 1713 5227 properaret.

878 5258 947 5313 ldeo
964 5255 1175 5311 convenienter
1185 5251 1340 5322 designata
1358 5249 1429 5303 suut
1448 5245 1556 5320 gaudia
1570 5243 1620 5298 illa
1635 5239 1716 5296 tlori·

878 5347 947 5418 bus,
964 5344 1054 5402 odore
1071 5347 1101 5399 et
1127 5340 1251 5397 cantico.
1276 5337 1380 5393 Omnia
1400 5337 1478 5392 enim
1493 5334 1558 5389 haec
1574 5331 1609 5387 de
1624 5329 1715 5401 longe

880 5435 1025 5506 reticiunt,
1045 5435 1074 5489 et
1088 5432 1239 5487 delectent
1253 5427 1369 5485 eminus
1386 5426 1554 5482 constituta.

64 5579 120 5648 ate,
139 5582 169 5632 et
188 5577 287 5633 ridete
309 5577 443 5652 qnoniam
459 5574 562 5630 suaris
576 5570 719 5628 Dominus
732 5568 826 5642 (Peal.
917 5558 1203 5630 Multauutemsunt,
1222 5571 1288 5631 quae
1312 5567 1404 5626 super
1425 5547 1473 5606 his
1488 5546 1584 5603 adhuc
1600 5539 1662 5646 dici
1677 5542 1718 5603 ha

64 5664 128 5745 111).
141 5663 178 5726 Et
187 5667 293 5728 iterum
304 5681 311 5729 ε
324 5664 467 5726 Satiatur
475 5680 538 5732 cnm
549 5660 721 5746 apparuerit
728 5657 827 5738 gloria
882 5651 1009 5714 buiseet.
1019 5647 1080 5711 Sed
1087 5663 1144 5708 nos
1155 5647 1259 5724 inopes
1267 5655 1382 5718 sumus,
1391 5641 1421 5701 et
1429 5635 1719 5699 consummeren-
