3796 6022
62 339 142 404 1121

705 338 932 405 SERMONES
953 339 1160 409 CENTUM-

1702 350 1781 421 toea

64 541 261 598 omnibuscst
276 541 456 598 neccssaria.
472 543 543 609 Qum
567 543 594 598 si
615 543 802 616 subtrahunt,
820 546 897 599 tinea
911 525 941 588 Α
955 559 1057 599 eorum
1085 545 1222 601 salutaris
1247 548 1334 604 misto
1354 549 1392 604 sit
1415 548 1521 620 plenus
1544 550 1637 621 (Psal.
1662 546 1725 627 vu),
1756 556 1785 612 et

62 633 178 703 peccati
192 636 284 688 totum
300 650 408 704 corpus
422 623 563 688 bonitatis
581 635 720 706 paulatim
736 635 898 704 corrumpit

64 727 94 775 et
108 722 273 776 demolitur.
299 723 356 777 Por
378 726 507 777 mustum
530 727 636 793 autem,
662 724 741 796 quod
766 726 796 778 ia
819 724 897 778 (lolio

64 810 168 875 fervet,
196 811 289 865 donec
312 815 431 883 paretur
452 816 480 866 et
511 817 663 885 purgetur,
689 814 759 885 quid
786 814 897 867 rectius

63 900 228 969 accipimus
244 916 330 971 quam
347 903 471 973 gratiam
486 902 627 956 velvitam
639 903 853 973 neophytorum
864 918 898 957 ac

63 989 278 1058 poeriitentium,
297 991 345 1061 qui
356 991 540 1045 diversarum
551 993 798 1064 cogitationumet
812 991 899 1046 aflec-

63 1078 177 1132 tionum
192 1079 316 1132 aestibus
331 1081 489 1151 agitantur,
507 1082 601 1135 donec
621 1082 800 1136 conscientia
816 1081 899 1151 puri-

63 1167 149 1220 ficata
161 1170 189 1220 el
200 1167 367 1236 clarificata,
380 1172 408 1222 et
415 1169 567 1238 pacificata
579 1170 749 1240 quieseant?
758 1169 899 1234 Quamvis

63 1257 143 1310 enim
171 1257 267 1327 gratia
297 1257 428 1311 coelestis
462 1259 543 1313 velut
576 1259 662 1313 dulce
686 1259 787 1312 vinum
821 1260 899 1314 dolio

62 1345 200 1399 humanae
217 1346 306 1399 menti
321 1348 453 1401 suaviter
467 1347 609 1402 divinitus
625 1348 805 1414 infundatur,
824 1349 898 1403 etab

67 1434 134 1503 ipsa
148 1437 244 1488 mente
259 1437 410 1505 gratanter
420 1452 454 1488 ac
463 1436 595 1506 jucunde
611 1437 899 1506 suscipiatur‚mira-

67 1522 168 1577 biliter
177 1527 274 1578 tamen
285 1525 379 1594 ipsam
391 1526 484 1596 gratia
493 1529 632 1596 suscepta
639 1530 750 1598 gravat,
760 1527 899 1581 dumeam

62 1613 111 1666 vel
133 1629 187 1683 per
216 1615 386 1667 memoriam
410 1618 597 1684 peccatorum
616 1616 764 1683 amaricat,
791 1616 837 1669 vel
862 1615 898 1670 ad

63 1701 308 1756 satisfaciendum
319 1703 390 1757 etad
402 1703 643 1758 benevivendum
658 1704 797 1773 stimulat,
811 1708 897 1775 urget

63 1793 92 1843 ct
103 1791 250 1859 sollicitat,
269 1793 514 1862 quemadmodum
530 1794 566 1847 de
582 1794 667 1848 beato
690 1794 803 1848 loanne
819 1794 896 1864 legi-

954 635 1115 705 inebrians,
1128 639 1156 690 ct
1166 638 1327 706 praeclarus
1339 639 1432 708 (Paul.
1445 640 1528 710 xxa).
1540 641 1680 706 Quadam
1696 645 1783 701 etiam

953 727 1022 778 sunt
1037 725 1114 778 delia
1128 726 1196 779 vina
1211 727 1317 780 debilia
1340 729 1527 800 coutinentia,
1552 747 1617 801 quae
1643 732 1782 793 videlicet

951 814 1029 882 vina,
1037 814 1106 884 quia
1116 815 1151 867 ad
1163 816 1421 887 vigor-emiortium
1430 834 1488 873 non
1496 824 1690 893 consurgunt,
1700 826 1781 878 recto

950 904 1038 958 vitam
1059 904 1242 958 infirmorum
1266 906 1422 976 minusque
1445 909 1643 977 perfectorum
1664 911 1782 982 signifi·

951 995 1026 1046 cant.
1044 993 1124 1046 Talia
1140 1008 1278 1064 quoque3
1294 996 1362 1048 vina
1378 999 1570 1067 quorumdam
1585 998 1781 1056 accidentium

949 1081 1128 1151 impulsibus
1144 1082 1230 1136 facilc
1245 1083 1468 1155 deteriorantur,
1487 1087 1560 1142 adeo
1579 1091 1611 1142 ut
1631 1091 1781 1145 multoties

949 1171 1150 1242 projiciamur,
1167 1172 1235 1242 quia
1251 1173 1359 1226 infirmi
1374 1176 1482 1246 quique
1497 1180 1525 1230 et
1544 1178 1707 1247 imperfecti
1724 1179 1781 1234 cito

949 1260 1208 1329 persecutionibus
1224 1276 1257 1314 ac
1274 1262 1782 1338 tentationibusfrangunturetviu-

950 1351 1065 1418 cuntur,
1083 1349 1226 1404 intantum
1241 1367 1451 1422 nonuunquam
1472 1358 1504 1407 ut
1527 1371 1585 1409 nou
1606 1356 1779 1428 probentur,

949 1438 1004 1492 sed
1018 1438 1223 1507 reprobentur.
1242 1439 1277 1493 Et
1292 1441 1388 1494 tamen
1410 1441 1481 1496 illud
1506 1443 1707 1512 imputandum
1721 1461 1780 1500 non

949 1529 995 1581 cst
1010 1527 1243 1598 gratiaedivinaa,
1260 1529 1314 1583 sed
1336 1529 1454 1584 malitiae
1478 1530 1623 1586 humanae.
1648 1532 1781 1605 Denique

949 1615 1019 1683 faex,
1036 1632 1102 1687 quae
1118 1617 1174 1671 sub
1192 1617 1259 1671 vino
1276 1618 1306 1672 in
1326 1620 1384 1673 iuro
1410 1620 1521 1674 residet
1545 1620 1625 1690 dolii,
1651 1622 1782 1678 fomitem

950 1705 1087 1776 designat
1102 1706 1224 1775 peccati,
1235 1707 1285 1777 qui
1301 1707 1369 1761 licet
1380 1708 1408 1761 in
1417 1703 1472 1762 hac
1482 1709 1654 1764 mortalitate
1663 1711 1781 1781 penitus

950 1796 1078 1864 nequeat
1093 1794 1235 1848 exinaniri
1250 1811 1257 1864 3
1273 1795 1360 1849 debet
1383 1799 1480 1850 tamen
1504 1813 1623 1867 semper
1641 1799 1782 1855 deorsum

63 1895 131 1932 mus
147 1881 225 1950 quod
255 1880 338 1950 liber,
369 1883 515 1952 quemad
541 1883 754 1937 comedendum
779 1882 895 1938 cmlitus
951 1883 1055 1954 premi,
1071 1899 1108 1937 ne
1124 1899 1245 1936 sursum
1260 1885 1409 1954 ascendat,
1425 1886 1573 1956 animique
1587 1887 1712 1944 virtutes
1728 1904 1783 1944 sua

62 1968 186 2037 accepit,
204 1973 232 2023 ct
247 1968 313 2041 ejus
330 1986 380 2026 ore
396 1972 473 2025 sicut
486 1971 543 2025 mel
555 1972 651 2026 dulcis
665 1972 719 2027 fuit
736 1988 741 2027 :
760 1973 813 2026 sed
824 1989 894 2026 ven·
951 1972 1081 2026 feditate
1098 1975 1274 2042 corrumpat.
1285 1972 1694 2046 Sanequemadmodumjusti
1713 1981 1783 2033 sunt

63 2057 216 2129 trentejus
232 2060 401 2113 amaricavit
416 2060 517 2131 (ifpcc.
529 2060 570 2128 x).
601 2062 684 2130 Nam,
715 2064 746 2115 ut
774 2061 813 2115 ait
841 2061 895 2116 Sa·
951 2061 1028 2115 dolia
1044 2061 1096 2115 Dei
1113 2062 1236 2132 gratiam
1252 2061 1305 2115 Dei
1321 2063 1509 2132 continentia,
1527 2064 1572 2117 sie
1594 2064 1697 2135 injusti
1713 2068 1783 2122 sunt

64 2145 164 2201 lernou
177 2163 182 2202 :
196 2146 225 2200 ln
242 2148 331 2202 inulta
348 2149 495 2220 sapientia
511 2150 600 2204 multa
612 2157 657 2204 cst
674 2150 849 2222 indignatio,
868 2156 897 2204 et
950 2150 1027 2203 dolia
1043 2149 1152 2204 diaboli
1167 2150 1197 2204 in
1212 2150 1382 2220 semetipsis
1396 2151 1511 2221 culpam
1527 2153 1674 2208 habentia.
1691 2154 1727 2209 Et
1740 2154 1777 2210 de

64 2237 115 2308 qui
129 2236 212 2291 addit
223 2238 379 2292 scientiam
391 2238 473 2292 addit
490 2244 519 2291 et
535 2238 665 2293 dolorem
681 2239 793 2307 (Eccle.
811 2238 861 2309 ri!
948 2238 997 2293 his
1027 2239 1072 2292 sic
1096 2238 1247 2309 Scriptura
1275 2240 1476 2295 clamatzFel
1493 2241 1652 2297 draconum
1681 2242 1779 2298 vinum

102 2326 192 2379 lteete
204 2342 336 2398 ergoper
345 2326 491 2381 fervorem
499 2329 586 2381 musti
597 2327 749 2382 bullientis
758 2328 897 2399 designa·
949 2344 1058 2397 eorum,
1068 2333 1097 2381 et
1106 2328 1657 2401 venenumaspidnminsanabiletlleut
1673 2331 1779 2402 xxxa).

63 2416 111 2467 tur
126 2430 220 2486 ungor
235 2418 263 2468 ct
277 2415 378 2470 fervor
392 2417 498 2470 animae
513 2417 693 2486 poenitentia,
704 2421 732 2472 et
747 2417 783 2471 ad
798 2433 897 2472 emen·
947 2417 1053 2472 Nonne
1064 2417 1115 2470 tibi
1125 2417 1202 2472 dolia
1218 2418 1326 2472 diaboli
1337 2418 1432 2473 fuisse
1448 2418 1586 2472 videntur
1603 2419 1655 2473 lilii
1675 2419 1779 2491 Jacob,

63 2503 212 2557 dationem
228 2505 296 2558 totis
310 2505 425 2559 viribus
442 2507 589 2561 enitentis.
608 2507 752 2561 Perdolia
766 2507 897 2562 verovcl
947 2504 1066 2561 Simeon
1091 2508 1119 2560 et
1141 2506 1236 2560 Levi?
1257 2507 1297 2560 De
1320 2507 1428 2577 quibus
1453 2508 1517 2577 ipse
1542 2508 1634 2562 lecob
1655 2510 1780 2564 testatur

63 2609 137 2646 vasa
166 2592 290 2662 ferrata,
322 2594 393 2665 quid
423 2595 647 2649 convenientius
684 2595 895 2668 intelligimus,

64 2697 153 2753 quam
167 2683 284 2737 illorum
295 2684 385 2737 vitam
399 2687 448 2738 aut
464 2685 730 2755 conversationem,
755 2686 805 2757 qui
830 2687 897 2756 post

64 2773 302 2839 conversionem,
322 2773 489 2828 claustralis
499 2774 663 2844 disciplinae
674 2775 897 2829 vinculisman-

65 2860 210 2930 cipantur,
229 2866 259 2915 ut
275 2861 341 2932 ejus
358 2863 457 2934 rigore
474 2864 626 2917 constricti
642 2864 749 2919 virtuto
765 2866 794 2919 et
808 2880 896 2934 opere

64 2949 206 3004 fortiores
221 2951 251 3003 iu
267 2954 419 3020 posterum
433 2951 621 3006 efficiantur?
634 2951 689 3017 Qui
706 2952 779 3007 inibi
804 2953 897 3007 clausi

63 3038 145 3092 velut
166 3043 296 3094 mustum
325 3041 438 3111 absque
463 3041 612 3110 spiraculo
641 3041 895 3113 constringuntur,

947 2593 1060 2650 dicens!
1072 2595 1228 2649 Simeeuet
1239 2596 1315 2649 Levi
1321 2594 1446 2664 naues,
1457 2611 1526 2650 vasa
1537 2596 1706 2668 iniquitatis
1719 2596 1780 2652 bel·

946 2684 1040 2739 fontia
1051 2700 1058 2754 3
1070 2686 1101 2738 in
1117 2683 1272 2739 concilium
1288 2700 1387 2739 corum
1403 2701 1459 2739 nen
1479 2685 1578 2739 veniet
1594 2686 1690 2741 anima
1704 2702 1780 2757 mea,

948 2780 977 2828 et
993 2774 1024 2827 in
1037 2779 1221 2828 coetueorum
1233 2789 1289 2828 non
1303 2775 1344 2827 sit
1354 2773 1450 2844 gloria
1461 2790 1535 2840 mea,
1549 2775 1616 2848 qnia
1630 2775 1661 2828 in
1676 2773 1781 2832 furora

948 2862 1181 2917 saooceiderant
1201 2862 1304 2926 virum,
1322 2866 1350 2915 et
1371 2862 1401 2915 iu
1420 2862 1568 2918 voluntate
1583 2879 1635 2918 sua
1651 2863 1784 2920 suffode-

949 2957 1152 3007 runtmnrum.
1168 2950 1349 3004 Maledictus
1366 2949 1452 3005 turer
1468 2966 1578 3021 eoram,
1596 2952 1662 3024 quie
1682 2954 1782 3024 perti·

951 3056 1027 3109 nax3
1040 3044 1070 3094 ct
1084 3039 1252 3110 indignatio
1266 3054 1375 3103 eorum,
1389 3039 1455 3109 quia
1476 3038 1559 3092 dura.
1577 3039 1717 3094 Dividam
1732 3055 1783 3095 eos

64 3128 133 3199 quia
144 3128 180 3182 ud
195 3144 228 3182 ea
243 3145 309 3199 quae
325 3130 489 3184 secuudum
501 3130 744 3199 earnemplacere
759 3132 895 3200 possunt,
914 3129 983 3211 cin
999 3127 1099 3196 Jacob,
1117 3132 1146 3181 et
1162 3127 1332 3198 dispergam
1347 3141 1398 3179 eos
1414 3126 1446 3180 in
1473 3126 1572 3181 Israel
1587 3126 1673 3195 (Gen.
1689 3130 1783 3199 xmx).

63 3231 102 3270 ne
118 3216 154 3271 ad
171 3217 316 3272 modicum
332 3219 450 3289 quidem
475 3219 555 3273 exire
584 3219 799 3289 permittuntur.
821 3218 897 3284 Quid

65 3306 145 3359 enim
159 3306 269 3361 habere
292 3311 390 3377 potest
412 3309 563 3378 spiraculi,
585 3309 633 3363 eui
656 3308 743 3362 ctiam
766 3309 896 3379 cogitare

64 3395 238 3465 prohibetur
253 3401 394 3466 quaesunt
405 3398 505 3451 mundi
514 3400 528 3452 ‘l
538 3397 669 3463 Quorum
680 3397 797 3469 quidam
807 3397 897 3468 (quod

65 3485 131 3539 sine
147 3485 248 3540 dolore
264 3485 420 3540 dicendum
435 3502 494 3540 non
510 3490 566 3554 est>
592 3487 657 3540 suis
679 3486 808 3555 peccatis
833 3486 898 3539 exi-

65 3574 216 3646 gentibus,
234 3575 350 3629 vincula
362 3580 536 3646 rumpuntet
549 3576 649 3630 vinum
659 3573 820 3643 effundunt,
830 3575 898 3645 quia

64 3678 119 3733 per
143 3679 228 3717 suam
257 3664 467 3734 impatientiam
495 3666 619 3735 gratiam
644 3664 787 3718 amittunt.
813 3663 897 3717 Unde

64 3752 142 3806 bene
152 3752 295 3806 Dominus
303 3768 357 3823 per
368 3753 540 3822 prophetam
551 3752 674 3806 ludaico
683 3751 791 3822 populo
803 3752 876 3805 dixit
889 3767 895 3806 :

64 3840 241 3895 Beatissimi
256 3842 371 3913 jtiqum,
397 3842 508 3912 rupisti
534 3840 659 3908 vincula,
683 3840 812 3894 dixisti:
830 3840 898 3895 Neu

65 3930 199 3984 serviam
213 3929 288 3998 (der.
307 3931 347 3997 u).
365 3931 425 3984 alii
443 3946 514 3985 vero
539 3945 598 3984 non
623 3929 728 3984 minori
753 3929 898 3983 dementia

63 4020 172 4088 vexati,
189 4021 230 4073 tot
245 4022 273 4073 et
287 4019 375 4073 tantis
389 4018 514 4090 jejuniis
535 4018 653 4073 student
675 4020 762 4088 atque
784 4017 896 4088 vigiliis

62 4124 96 4164 se
112 4123 272 4173 macerare,
281 4111 312 4162 ut
320 4105 829 4177 inceptumpropositumdiscipliuae
836 4121 895 4160 non

61 4197 179 4252 valeant
201 4200 312 4267 tencre,
337 4201 365 4250 et
393 4196 553 4251 confractis
587 4194 700 4249 viribas
725 4197 783 4247 tam
806 4195 896 4249 animi

61 4302 150 4358 quam
167 4287 300 4356 corporis
319 4286 398 4340 nulla
421 4285 498 4340 bona
524 4299 622 4355 opera,
648 4283 744 4338 nullas
769 4282 894 4339 virtutes

60 4379 170 4447 queant
196 4390 353 4442 exercere3
377 4377 405 4428 et
427 4375 496 4428 dum
529 4374 708 4443 semctipsos
732 4371 893 4427 indiscrete

953 3217 1076 3282 Quidam
1091 3215 1199 3270 etenim
1215 3218 1284 3269 sunt
1297 3215 1479 3285 pestilentes,
1502 3215 1552 3286 qui
1575 3214 1633 3269 sibi
1648 3216 1784 3286 quaedam

953 3305 1071 3359 malitiae
1095 3304 1287 3376 germanitate
1309 3304 1460 3376 conjuncti
1484 3306 1572 3358 totam
1596 3304 1716 3359 turbant
1729 3304 1784 3358 all-

953 3395 1069 3466 quando
1087 3393 1234 3447 civitatem
1254 3393 1315 3462 llei,
1347 3395 1375 3447 et
1403 3392 1503 3448 furore
1531 3409 1595 3447 sum
1623 3393 1783 3449 iracundiae

951 3483 1066 3537 fortiter
1079 3483 1187 3552 arrepti
1202 3484 1298 3536 virum
1314 3482 1462 3548 occidunt,
1479 3483 1546 3553 quia
1570 3483 1724 3553 praelatum
1738 3483 1783 3537 vi·

950 3572 1044 3626 riliter
1067 3575 1213 3643 agentem,
1244 3571 1374 3642 perfecte
1403 3571 1582 3642 loquentem,
1608 3572 1782 3644 inquantum

950 3659 1058 3729 valent,
1074 3661 1260 3715 subvertunt.
1285 3660 1356 3715 Viro
1378 3660 1505 3730 denique
1528 3661 1639 3729 occiso,
1666 3676 1783 3716 murum

950 3748 1122 3818 suffodiunt,
1135 3750 1203 3820 quia
1212 3748 1403 3821 malignitatis
1413 3764 1476 3802 suae
1488 3748 1595 3819 gladiis
1603 3748 1725 3818 prealato
1736 3764 1783 3805 re·

949 3854 1057 3909 presso
1077 3839 1256 3893 munimenta
1269 3839 1409 3891 virtutum
1425 3839 1453 3889 et
1466 3835 1612 3891 bonorum
1621 3851 1744 3907 operum
1753 3837 1783 3891 in

950 3927 1291 3998 sanctacongregatione
1297 3924 1490 3994 fundituspro
1497 3924 1612 3978 viribus
1627 3924 1784 3979 destruunt

985 4016 1115 4084 Fratres,
1133 4015 1163 4068 iu
1185 4014 1342 4068 consilium
1367 4028 1471 4066 eorum
1492 4028 1552 4067 non
1572 4012 1672 4066 veniat
1686 4012 1783 4067 anima

950 4107 1062 4173 nostre,
1080 4105 1152 4159 etin
1169 4107 1245 4158 coetu
1259 4118 1362 4157 eorum
1377 4117 1436 4156 noa
1451 4101 1490 4156 sit
1504 4101 1599 4172 gloria
1614 4103 1726 4157 nostra.
1738 4100 1782 4157 Sit

948 4193 1123 4249 maledictus
1139 4194 1223 4247 furor
1233 4207 1344 4262 eorum,
1362 4191 1430 4262 quia
1445 4190 1590 4261 pertinax,
1600 4192 1630 4245 et
1643 4190 1781 4263 indigna-

947 4284 987 4337 tio
1004 4299 1115 4351 eorum,
1141 4281 1209 4353 quia
1231 4281 1313 4335 dura.
1338 4279 1413 4346 Quid
1437 4281 1535 4335 autem
1557 4279 1593 4334 de
1614 4279 1725 4334 talibus
1740 4280 1781 4334 sit

948 4372 1096 4444 agendum
1111 4371 1147 4425 ad
1171 4370 1336 4441 perieulum
1352 4368 1534 4423 evadendum
1549 4367 1615 4438 ipso
1629 4365 1722 4422 Jacob
1737 4366 1782 4420 in·

59 4465 214 4536 affligunt,
235 4464 337 4535 gratiae
357 4462 472 4518 caelesti
489 4462 704 4534 jucunditatem
720 4464 749 4518 ct
764 4461 893 4518 fructum
910 4471 934 4532 [J
950 4462 1048 4515 sinuat
1064 4460 1166 4515 dicens
1184 4475 1190 4514 :
1207 4458 1347 4514 Dividam
1359 4455 1553 4523 eesindaoob,
1566 4460 1595 4508 et
1610 4453 1781 4525 dispergam

59 4555 204 4609 amittunt.
229 4552 404 4607 Audivimus
429 4553 567 4607 clettam
589 4551 718 4606 vidimus
746 4552 892 4623 quosdam

58 4646 128 4715 post
141 4642 228 4697 talem
243 4641 450 4697 abstinentium
466 4641 501 4695 ad
525 4643 634 4695 tantam
661 4640 824 4713 ingluviem
839 4642 891 4696 de·

57 4733 172 4802 lapsos,
196 4733 228 4785 ut
248 4746 308 4785 uon
332 4732 457 4801 possent
480 4730 591 4784 satiari.
616 4729 672 4794 Qui
696 4731 794 4784 autem
817 4730 893 4784 inter

57 4824 216 4891 utrumque
232 4820 341 4888 volant,
360 4823 388 4874 et
408 4835 461 4890 per
484 4819 598 4890 regiam
618 4818 697 4871 viam
721 4817 891 4887 ambulant,

57 4910 108 4980 qui
124 4909 290 4980 disciplinae
304 4909 421 4963 vincula
439 4924 497 4962 non
522 4909 669 4977 rumpuat,
696 4921 752 4960 uec
767 4921 801 4961 se
815 4907 892 4960 irra-

55 4997 403 5070 tionabiliteraflligendo
415 4999 580 5065 destruunt,
593 4995 630 5048 ad
642 5009 766 5049 summae
776 4995 892 5049 culmen

57 5086 251 5157 perfectionis
267 5086 440 5158 plerumque
454 5086 634 5156 pertingunt.
653 5084 736 5138 Unde
751 5087 827 5138 etex
838 5101 893 5138 sua

58 5175 230 5230 fortitudine
245 5191 456 5247 nonnunquam
471 5174 563 5229 verbo
585 5173 632 5228 vcl
651 5172 787 5242 exemplo
808 5174 892 5245 vigo·

58 5281 120 5321 rem
137 5265 276 5319 bonitatis
293 5265 458 5320 conferunt.

92 5353 259 5425 Aliquando
274 5354 343 5407 vina
358 5354 459 5409 herbis
475 5352 679 5426 pigmentariis
701 5353 751 5407 aut
773 5365 889 5405 aromo-

55 5443 136 5497 tibus
166 5443 371 5512 conficiuntur,
402 5446 434 5498 ut
466 5443 595 5515 gratiora
627 5439 797 5512 potantibus
823 5440 889 5495 effl-

56 5531 180 5586 ciantut·.
196 5531 278 5597 Quod
295 5532 325 5586 in
341 5532 444 5587 electis
470 5532 616 5587 veraciter
632 5534 702 5584 tunc
725 5529 886 5601 peragitur,

55 5620 124 5674 dum
140 5636 243 5674 eorum
259 5621 401 5675 sanctitas
418 5620 691 5692 donisquibnsdam
706 5618 887 5688 specialibus

55 5711 84 5763 et
107 5709 324 5764 excellentibus
346 5710 482 5764 conditur
506 5711 534 5764 ct
557 5710 724 5779 roboretur,
753 5709 785 5761 ut
810 5707 886 5762 calix

951 4566 1003 4606 eos
1016 4551 1048 4604 in
1064 4549 1168 4605 lsrael.
1185 4548 1265 4603 Nihil
1281 4546 1358 4601 enim
1373 4545 1480 4599 melius
1496 4543 1532 4597 de
1547 4541 1657 4597 talibus
1671 4541 1780 4613 agitur,

947 4644 981 4694 ιιι
995 4639 1160 4711 periculum
1173 4637 1323 4704 evadatur,
1341 4650 1429 4706 quam
1444 4634 1476 4687 ut
1489 4633 1667 4702 separentur
1681 4629 1718 4684 ab
1733 4630 1781 4684 in-

949 4729 1054 4797 vicem,
1070 4743 1108 4782 ne
1122 4741 1227 4781 manus
1239 4720 1471 4792 eorumimplere
1480 4720 1598 4790 possint
1607 4721 1780 4790 conceptam

946 4821 975 4872 et
995 4818 1152 4886 incaeptum
1177 4811 1369 4884 iniquitatem.
1400 4809 1458 4864 Sed
1472 4811 1500 4863 et
1515 4807 1673 4880 diligenter
1687 4809 1780 4863 atten-

946 4906 1073 4960 dendum
1089 4902 1229 4974 estquod
1253 4900 1375 4968 caedem,
1401 4913 1491 4969 quam
1513 4896 1633 4952 Simeon
1654 4899 1683 4952 et
1704 4896 1778 4952 Levi

944 5010 998 5065 per
1025 4992 1177 5047 audaciam
1206 4989 1444 5060 compleverunt,
1469 5002 1524 5058 per
1549 4985 1777 5042 fraudulentiam

944 5083 1126 5152 inceperunt.
1146 5080 1277 5134 Primum
1291 5077 1369 5133 onim
1385 5093 1452 5133 cum
1476 5077 1587 5131 Homer
1601 5079 1630 5131 et
1656 5075 1775 5132 Siclrem

943 5171 1007 5226 fillii
1021 5170 1113 5225 Jacob
1129 5168 1242 5224 indole
1258 5167 1294 5223 de
1311 5165 1538 5223 circumcisione
1549 5165 1638 5220 locuti
1654 5167 1733 5233 sunt,
1745 5165 1775 5217 et

943 5259 1169 5315 circumcisione
1185 5257 1261 5311 facta
1275 5257 1361 5312 tertia
1374 5256 1431 5326 die,
1444 5255 1562 5327 quondo
1574 5253 1773 5326 gravissimus

941 5349 1097 5403 vulnerum
1113 5347 1197 5402 dolor
1212 5349 1267 5415 est,
1284 5345 1343 5401 illis
1358 5345 1500 5401 resistere
1519 5358 1577 5397 uon
1591 5339 1771 5407 valentibus,

941 5437 1061 5493 Simeon
1077 5439 1105 5491 et
1119 5436 1191 5491 Levi
1208 5435 1318 5490 caedem
1343 5434 1524 5506 peregerunt
1546 5429 1633 5502 (Gen.
1658 5424 1773 5496 xxxiv).

940 5527 999 5596 Sic,
1024 5527 1078 5596 sic,
1102 5524 1273 5580 charissimi
1306 5523 1404 5592 uobis,
1429 5520 1548 5593 quidam
1576 5515 1773 5587 malignantes

939 5616 1070 5687 praelatis
1086 5615 1241 5684 Ecclesiae,
1257 5614 1304 5668 vel
1333 5613 1420 5667 etiam
1444 5606 1549 5663 amicis
1565 5607 1593 5660 et
1617 5603 1772 5673 fratribuS,

939 5703 1125 5760 fraudulenta
1154 5702 1280 5764 consilia
1307 5715 1388 5771 saepe
1416 5696 1559 5765 tribuunt,
1584 5693 1694 5766 quibus
1719 5705 1778 5745 cos
