3796 6022
135 287 215 359 114?
562 288 783 354 APPENDIX
802 288 861 351 An
886 285 1045 354 UGONIS
1068 284 1213 351 OPERA
1236 285 1430 351 trisulca.
1790 282 1864 352 1148

135 508 184 549 me
197 491 335 549 senarius
349 508 471 564 operum
485 491 709 560 misericordie,
735 489 855 544 materia
870 490 965 544 tenta·
981 468 1011 531 Α
1027 490 1072 542 est
1087 489 1211 542 virtutes
1226 488 1529 559 contemplativorum,
1545 491 1577 544 ut
1591 487 1858 547 vellesnemorosa

135 582 249 638 tionum
264 582 420 648 ternarius,
432 581 495 636 sive
508 581 695 651 septenarius
706 581 856 634 uirtutum.
874 578 967 632 Sena·
1027 580 1104 647 sunt,
1122 578 1190 649 quia
1206 580 1374 650 protegunt,
1391 581 1420 632 ut
1436 577 1513 632 horti
1531 577 1616 649 juxta
1633 574 1747 634 fluvios
1761 578 1858 650 irrigui

135 671 200 727 rius
216 686 338 743 operum
353 672 399 726 cst
418 671 488 725 dare
512 670 611 725 cibum
635 670 789 739 esurienti,
813 670 912 738 potum
929 666 970 720 si·
1026 669 1104 735 sunt,
1121 667 1188 738 quia
1204 671 1339 738 pascunt.
1357 665 1496 732 Quamvis
1512 671 1609 722 autem
1620 667 1687 722 haec
1703 668 1746 722 ita
1760 667 1855 723 distin·

136 758 228 827 tienti,
239 759 423 828 etc.(it!atth.
440 759 522 828 xxv).
539 759 699 812 lernurius
714 757 865 825 virtutum,
882 755 968 823 tides,
1025 771 1162 828 guamus,
1180 758 1211 810 ut
1226 757 1331 811 activis
1347 772 1446 826 opera,
1473 757 1597 811 virtutes
1624 757 1855 827 contemplativis

136 861 218 917 spes,
244 847 382 902 charitas.
409 848 600 919 Septenarius
623 848 763 901 uirtutum
788 848 833 900 est
857 847 970 914 septem
1025 845 1242 901 attribuamus:
1260 845 1415 900 sciendum
1431 848 1477 899 est
1495 849 1593 899 tamen
1608 845 1688 917 quod
1705 845 1795 900 activi
1809 845 1856 900 rir-

136 936 277 991 virtutum
291 936 461 1007 descriptio,
479 953 545 1008 quae
562 937 592 990 in
608 935 770 1007 Evangelio
783 933 970 988 continentur
1024 935 1103 987 tutes
1118 937 1268 1001 exercent,
1286 937 1314 988 et
1330 934 1547 1003 contemplativi
1567 934 1645 989 bona
1669 949 1763 1004 opera
1780 934 1855 989 exhi·

136 1023 255 1094 (Metth.
265 1026 308 1094 v).
320 1025 449 1090 Quarum
463 1027 556 1095 prima
579 1028 624 1080 est
649 1024 810 1092 humilitas,
839 1021 970 1076 secunda
1023 1021 1103 1092 hent,
1118 1021 1186 1076 licet
1200 1022 1237 1075 ad
1253 1022 1366 1077 activos
1378 1023 1474 1095 magis
1486 1023 1634 1093 pertinere
1643 1023 1783 1078 videatur
1792 1039 1854 1093 ope·

136 1110 970 1184 mansuetudo,tertiamentiscompunctio,quartade-
1023 1127 1089 1164 rum
1115 1110 1268 1180 exhibitio,
1296 1113 1325 1166 et
1351 1111 1387 1165 ad
1418 1112 1662 1182 contemplativos
1694 1111 1855 1182 specialiter

136 1201 422 1274 sideriumjustitiae,
435 1203 535 1274 quinta
548 1201 760 1271 misericordia,
775 1202 859 1254 sexta
871 1197 970 1252 cordis
1027 1199 1222 1270 quarumdam
1239 1199 1379 1255 virtulum
1395 1201 1577 1255 exercitatio.

135 1290 287 1361 munditia,
299 1291 423 1362 septima
434 1308 491 1361 pax
508 1292 614 1345 mentis
631 1290 754 1346 interna.
772 1288 845 1343 Sunt
860 1290 888 1342 et
905 1287 971 1341 aliae
1065 1286 1103 1341 Ut
1119 1287 1310 1342 tabernacula
1328 1305 1390 1360 quaa
1404 1288 1471 1343 nait
1487 1289 1641 1343 Dominus.
1658 1288 1853 1344 Tabernacula

135 1378 261 1435 virtutes
276 1379 420 1451 plurimae,
438 1394 512 1451 quas
528 1394 613 1434 sacra
628 1379 779 1448 Scriptura
789 1392 971 1431 commemo·
1022 1374 1172 1447 justorum
1188 1381 1217 1430 ct
1231 1391 1349 1447 semper
1364 1378 1494 1449 ligantur
1510 1381 1538 1432 et
1549 1393 1670 1448 semper
1684 1381 1851 1435 moventur:

136 1470 191 1537 rat,
201 1467 346 1539 quaedum
359 1468 436 1522 bene
450 1471 637 1537 exercentur,
655 1468 684 1522 in
701 1466 898 1538 spiritualium
913 1468 973 1519 ten·
1025 1480 1145 1534 semper
1159 1468 1228 1519 sunt
1244 1466 1302 1520 fixa
1316 1467 1504 1536 perfirmum,
1518 1466 1853 1539 continumquejustitia

135 1555 327 1625 toriumopus
339 1556 507 1612 tenduntur.
521 1558 588 1627 lpsa
600 1557 707 1628 quippe
723 1555 895 1610 exercitatio
906 1554 972 1624 ipsa
1025 1553 1273 1623 stabilimentum
1293 1570 1412 1625 semper
1433 1558 1589 1610 moventur
1609 1572 1665 1627 per
1688 1555 1853 1610 continuum

139 1645 187 1697 est
201 1644 308 1699 tensio.
321 1643 470 1700 Bonorum
485 1646 577 1717 igitur
590 1661 713 1716 operum
737 1643 889 1712 exhibitio,
906 1643 971 1712 ipsa
1025 1641 1161 1713 ejusdem
1187 1643 1312 1714 justitiae
1341 1644 1564 1699 incrementum.
1595 1644 1668 1698 Fixa
1691 1648 1774 1714 sunt,
1799 1648 1853 1698 uta

136 1733 182 1785 est
196 1731 394 1803 spiritualium
409 1734 666 1790 tabernaculorum
684 1734 792 1788 erectio
807 1749 813 1800 3
829 1733 970 1786 virtutum
1023 1729 1138 1801 justitia
1153 1748 1211 1785 non
1228 1732 1374 1802 deficiant,
1392 1736 1547 1787 moventur
1562 1738 1593 1787 ut
1608 1732 1637 1786 in
1654 1734 1722 1803 ipsa
1747 1748 1856 1804 semper

135 1819 315 1890 exercitatio,
326 1823 483 1877 tentorium
494 1824 558 1878 sive
567 1823 758 1894 papillionum
773 1822 881 1877 tensio.
897 1820 969 1885 Qum
1028 1824 1171 1874 crescant.
1182 1819 1305 1892 Semper
1318 1822 1375 1876 lixa
1388 1825 1457 1876 sunt
1468 1821 1799 1893 quiajucundnshomo,
1811 1821 1853 1895 gui

136 1908 176 1965 sit
189 1911 285 1965 autem
300 1911 426 1966 istorum
439 1912 697 1968 tabernaculorum
708 1913 773 1966 sive
789 1911 969 1981 papilionum
1027 1909 1199 1980 miseretur,
1211 1915 1240 1964 et
1252 1911 1421 1976 cornmodat,
1435 1911 1565 1982 disponit
1580 1926 1739 1967 sermones
1754 1911 1855 1966 snosin

134 1997 333 2070 pulchritudo,
349 2001 397 2055 vel
414 2004 492 2056 certe
508 2018 594 2073 quam
610 2001 766 2071 pulchrum
791 2000 829 2054 sit
851 2000 880 2052 in
896 1997 971 2068 ipsis
1020 1997 1146 2069 judicio,
1159 1999 1190 2052 ia
1203 2003 1348 2053 aeternum
1364 2015 1421 2053 non
1434 1998 1669 2054 commovebitur
1680 1998 1779 2068 (Psal.
1792 1999 1854 2067 cxi).

135 2102 334 2159 commanere,
359 2105 413 2160 per
427 2093 551 2161 quatuor
565 2091 688 2162 pulchre
699 2089 887 2155 describitur,
906 2102 973 2141 cum
1025 2085 1148 2156 Semper
1171 2091 1328 2143 moventur
1351 2090 1382 2141 ut
1397 2088 1437 2142 ait
1452 2087 1520 2143 Saul
1545 2087 1582 2141 ad
1605 2087 1700 2142 David
1712 2105 1718 2143 :
1732 2087 1852 2143 Faciens

133 2174 340 2250 subjungitur:
354 2177 391 2232 Ut
401 2179 494 2234 valles
505 2195 675 2240 nemorosae,
687 2186 716 2232 ut
729 2178 902 2248 hortijurta
914 2176 968 2230 ilu·
1025 2174 1121 2230 iacies
1136 2181 1165 2230 et
1173 2182 1281 2247 potens
1291 2177 1409 2248 poteris
1418 2175 1527 2249 (llleg.
1539 2178 1612 2246 xvi).
1631 2175 1668 2231 Et
1681 2176 1713 2232 in
1730 2193 1853 2249 sequen·

137 2264 327 2338 viosirrigui,
338 2266 571 2334 uttabernacula
586 2264 968 2339 qrrcedritDonrinus,quasi
1024 2263 1105 2318 tibus
1121 2264 1156 2318 do
1172 2264 1264 2319 David
1281 2265 1424 2336 scriptum
1440 2268 1502 2320 est:
1526 2264 1626 2321 David
1637 2265 1812 2338 proficiens,
1827 2272 1853 2320 et

135 2353 320 2426 cedriprope
331 2371 431 2427 aprras.
442 2357 594 2411 iustorum
606 2356 795 2412 tabernacula
804 2360 891 2426 atque
903 2358 969 2409 ten·
1026 2368 1144 2423 semper
1158 2354 1257 2424 seipso
1272 2353 1426 2408 robustior
1439 2353 1481 2423 (II
1494 2354 1568 2426 lieg.
1586 2354 1638 2425 nr).
1656 2353 1854 2409 Tabernacula

135 2441 212 2499 toris
226 2459 292 2514 quae
303 2443 378 2498 actio
393 2447 422 2498 et
436 2445 531 2500 virtus
558 2445 749 2514 constituunt,
776 2445 862 2516 quasi
877 2443 970 2497 valles
1021 2438 1183 2511 justorum,
1197 2458 1263 2512 quac
1273 2443 1336 2496 fixit
1347 2442 1501 2512 Dominus,
1515 2457 1635 2513 semper
1649 2447 1781 2513 manent,
1794 2444 1854 2516 quia

135 2545 303 2587 nemorosae
319 2537 398 2597 sunt,
415 2535 502 2606 quasi
520 2535 614 2589 valles
630 2550 683 2605 per
696 2534 899 2601 humilitatem,
917 2548 970 2586 ne·
1025 2529 1181 2584 descendit
1189 2530 1301 2602 pluria,
1315 2537 1344 2585 et
1362 2532 1650 2601 venerunttlumina,
1664 2539 1694 2586 et
1710 2531 1855 2587 [laverunt

136 2633 264 2675 morosae
279 2636 333 2690 per
347 2623 569 2691 protectionem.
593 2622 638 2677 Ex
663 2622 825 2677 humilitate
849 2621 968 2692 quippe,
1027 2620 1110 2673 renti
1121 2624 1151 2674 et
1167 2620 1324 2674 ir'ruerunt
1335 2621 1366 2674 in
1381 2621 1497 2675 doraum
1513 2620 1604 2690 illam,
1617 2626 1647 2675 ct
1664 2636 1722 2676 non
1734 2621 1855 2676 cecidit:

137 2721 204 2778 qum
219 2713 265 2763 est
275 2709 415 2765 virtutum
426 2714 454 2765 et
463 2710 610 2765 bonorum
619 2726 741 2780 operum
752 2709 969 2765 stabilesunda·
1023 2707 1146 2762 [aridate
1156 2708 1234 2762 enirn
1246 2715 1313 2763 erat
1322 2725 1412 2780 supra
1421 2709 1536 2764 Drmanr
1539 2716 1658 2781 petram
1666 2709 1789 2776 (Matth.
1800 2713 1855 2778 vn),

135 2797 276 2866 mentum,
293 2801 418 2869 surgent
434 2799 558 2853 virtutes
570 2802 597 2853 et
611 2799 688 2853 hona
704 2815 803 2869 opera,
822 2801 850 2852 ct
865 2814 969 2870 quem·
1023 2795 1147 2866 Semper
1160 2801 1324 2868 moventur,
1343 2799 1412 2852 dum
1423 2815 1525 2853 eorum
1535 2798 1678 2867 actiones,
1688 2814 1725 2852 ac
1735 2799 1852 2854 virtutes

136 2882 294 2939 admodum
309 2901 346 2942 ex
360 2887 522 2958 pinguibus
538 2889 665 2942 vallibus
689 2889 839 2943 condensa
863 2891 891 2941 et
915 2903 968 2942 su·
1022 2884 1257 2957 fructujustitiae
1273 2902 1391 2957 semper
1406 2891 1561 2958 augentur.
1587 2887 1672 2942 Unde
1697 2891 1728 2942 et
1751 2889 1853 2942 Paulus

134 2970 236 3027 blimla
251 2974 386 3030 oriuntur
400 2993 530 3046 nemora,
547 2980 574 3031 et
591 2977 668 3031 sicut
684 2978 855 3032 emittuntur
869 2976 967 3032 fontes
1023 2971 1184 3029 Corinthiis
1201 2975 1402 3030 scribeasait:
1421 2975 1477 3041 Qui
1488 2975 1681 3030 administrat
1694 2993 1797 3032 semen
1809 2992 1850 3031 se·

133 3059 166 3115 in
180 3064 375 3136 convallibus,
392 3069 419 3120 et
435 3082 537 3121 eorum
552 3068 728 3121 confluentia
739 3067 902 3138 gignuntur
917 3083 967 3120 su·
986 3063 1160 3149 cminanti,
1178 3069 1207 3117 et
1219 3079 1325 3135 panem
1341 3065 1624 3120 admanducandum
1638 3065 1808 3136 praestabit,
1824 3070 1850 3119 et

132 3147 241 3207 blimes
255 3153 389 3223 arbores,
400 3154 615 3211 sichumitibus
640 3156 745 3210 dantur
759 3155 835 3209 dona
850 3155 964 3227 gratim,
1024 3150 1234 3223 multiplicabit
1243 3168 1344 3206 semen
1363 3158 1530 3208 restrumct
1542 3153 1663 3225 arrgehit
1673 3155 1851 3210 incrementa

135 3236 296 3311 dequibus
312 3242 502 3298 conterentur
517 3261 605 3314 opera
625 3248 711 3316 atque
733 3245 867 3298 virtutae.
882 3244 966 3299 Sicut
1023 3239 1282 3313 Dupunrjuslitim
1296 3241 1454 3310 vestierit!
1470 3242 1537 3296 Cor.
1555 3242 1607 3314 rx).

135 3342 253 3400 quoque
268 3329 392 3401 quilibet
406 3333 496 3387 sumit
512 3333 698 3404 refrigerium
715 3333 743 3387 in
766 3333 893 3387 vallibus
909 3333 966 3387 sub
1060 3327 1151 3393 Quasi
1161 3329 1452 3402 cedripropeaquas.
1465 3329 1553 3385 Cedri
1564 3331 1690 3386 arbores
1700 3330 1847 3386 sublimis-

135 3416 239 3471 umhra
254 3417 413 3474 densarum
429 3425 457 3475 et
467 3422 638 3476 sublimium
649 3422 798 3490 arborum,
811 3438 846 3476 ne
857 3438 966 3494 grave·
1022 3417 1106 3472 simae
1116 3420 1194 3487 sunt,
1207 3419 1398 3490 quaequando
1410 3418 1598 3490 juxlaaquas
1610 3423 1763 3487 crescunt,
1779 3423 1808 3474 ut
1817 3433 1848 3473 ex

135 3504 388 3576 turardoresolis,
399 3508 686 3581 sicjustusquisquc
698 3511 727 3564 iu
743 3511 904 3566 humilitate
913 3527 967 3566 sua
1022 3505 1069 3560 his
1080 3506 1181 3560 verbis
1196 3507 1339 3576 perpendi
1353 3510 1459 3577 potest,
1475 3508 1634 3563 sublimius
1650 3508 1741 3564 solito
1756 3524 1789 3563 se
1802 3523 1846 3562 su·

134 3591 330 3665 ret'rigeratur
343 3596 399 3650 sub
410 3599 591 3667 protectione
617 3601 756 3653 virtutum
778 3601 966 3655 othonorum
1022 3594 1153 3649 stollunt.
1185 3595 1242 3649 Par
1265 3612 1357 3666 aquas
1383 3599 1497 3667 septeni
1524 3597 1600 3652 dona
1617 3598 1714 3653 sancti
1731 3597 1848 3668 Spiritus

135 3694 267 3753 operum,
283 3699 320 3739 ae
330 3684 471 3741 aduratur
479 3690 554 3742 aestu
565 3688 814 3758 concupiscentiae
826 3689 964 3758 carnalis,
1021 3683 1232 3738 convenienter
1241 3684 1446 3757 intelligimus,
1460 3686 1724 3756 scilicetspiritum
1739 3685 1848 3756 sapien·

133 3769 966 3848 velcerteanimadversioneiraecoelestis.Dthortiju.rta
1023 3773 1071 3826 tiae
1087 3775 1115 3828 et
1131 3771 1307 3837 intellectus,
1326 3774 1462 3843 spiritum
1477 3774 1595 3829 consilii
1611 3777 1639 3829 et
1664 3773 1848 3840 tortitudinis,

133 3858 964 3938 duriosirripni.Hortidiversisareolisdistinguuntur,
1022 3861 1159 3931 Spiritum
1183 3862 1316 3917 scientim
1333 3865 1361 3916 et
1383 3864 1499 3933 pietatis
1523 3868 1551 3919 et
1573 3864 1712 3934 spiritum
1745 3863 1849 3918 timoris

133 3946 203 4004 dum
226 3949 356 4007 diversis
370 3954 479 4008 areolis
495 3953 615 4009 diversa
630 3956 744 4010 semina
758 3954 920 4026 jaciuntur,
938 3960 966 4011 et
1022 3949 1138 4004 Domini
1153 3949 1223 4017 (Isa.
1240 3952 1293 4021 x1).
1311 3951 1368 4005 Per
1380 3968 1487 4023 aquam
1502 3953 1610 4024 quippo
1629 3952 1772 4023 Spiritum
1786 3966 1848 4006 san·

133 4034 252 4092 diversa
267 4040 401 4110 germina
417 4041 587 4097 differenter
602 4043 630 4096 in
646 4043 691 4097 eis
716 4043 859 4098 oriuntur,
887 4044 966 4098 Alibi
1021 4041 1098 4092 ctum
1115 4038 1279 4110 significari
1295 4055 1398 4109 posse,
1414 4040 1557 4096 Dominus
1581 4043 1609 4095 in
1626 4041 1790 4114 Evangelio
1803 4040 1849 4094 de·

135 4137 217 4195 θθρθ,
233 4125 303 4180 alibi
318 4128 408 4198 porri,
426 4129 495 4184 alibi
518 4131 617 4185 caules
642 4131 739 4186 locum
763 4133 920 4203 accipiunt,
937 4135 966 4187 et
1020 4130 1173 4195 monstrat,
1184 4128 1235 4182 ubi
1246 4128 1330 4182 dicit:
1343 4127 1399 4194 Qui
1404 4129 1479 4194 sitit,
1494 4130 1591 4185 ueniat
1603 4130 1641 4184 ad
1649 4146 1707 4197 me,
1721 4137 1750 4184 et
1761 4128 1846 4184 hibet.

134 4213 312 4270 nutrimento
327 4219 414 4272 terrm
425 4220 557 4289 germina
569 4236 623 4274 sira
634 4221 797 4291 proterunt,
808 4226 834 4275 el
844 4222 879 4275 ad
895 4237 963 4292 per·
1022 4214 1078 4280 Qui
1093 4217 1191 4271 credit
1206 4217 1236 4270 in
1252 4233 1298 4271 arc
1313 4217 1391 4271 sicut
1407 4218 1480 4272 dicit
1499 4217 1658 4290 Scriptura
1681 4219 1801 4273 [lumina
1815 4216 1847 4273 da

133 4299 291 4358 tectionem
306 4309 454 4361 crescunt.
471 4307 520 4362 Sic
535 4311 562 4363 et
572 4309 600 4363 in
612 4309 705 4364 hortis
717 4313 879 4364 aromatum
893 4310 963 4365 alibi
1023 4305 1300 4377 rentreejusilnent
1309 4311 1404 4378 atquae
1415 4308 1498 4361 virm.
1508 4307 1672 4362 Hocautem
1680 4306 1747 4362 diri
1758 4305 1850 4378 despi-

133 4389 209 4462 iste,
224 4392 296 4448 alibi
309 4394 368 4450 illae
384 4397 503 4466 species
518 4397 615 4452 locum
630 4401 739 4466 tenent,
757 4402 785 4453 et
799 4400 963 4454 nutrimen·
1021 4394 1849 4466 rita‚qucmaccepturierantcrcdcntesincummanum)

131 4481 194 4534 tum
207 4484 522 4540 uterescanthabent.
540 4486 731 4542 Sicutantem
748 4489 887 4558 superius
911 4504 965 4557 per
1022 4482 1310 4555 Tabernaculaergo
1339 4483 1403 4538 sive
1428 4485 1552 4539 tentoria
1580 4483 1743 4555 justorum,
1768 4485 1850 4540 idest

131 4567 321 4626 tabernacula
346 4588 444 4645 opera,
471 4575 510 4629 ita
534 4575 582 4629 hie
607 4592 660 4645 per
684 4580 813 4630 aromata
837 4579 963 4631 virtutes
1018 4573 1149 4627 actiones
1166 4574 1194 4626 et
1208 4574 1333 4627 virtutes
1350 4573 1551 4646 corumquasi
1567 4573 1647 4627 cedri
1658 4574 1745 4645 Juxta
1761 4587 1848 4646 aquas

132 4658 344 4716 convenienter
357 4663 560 4735 intelligimus
577 4668 607 4718 ut
621 4664 844 4734 pulchritudoet
854 4665 963 4720 utilitas
1019 4664 1098 4730 sunt,
1115 4661 1184 4732 quia
1200 4660 1269 4715 dum
1286 4677 1324 4715 cx
1340 4661 1427 4716 donis
1443 4661 1543 4716 Sancti
1552 4662 1676 4732 spiritus
1691 4663 1849 4717 nutrimen·

131 4744 245 4802 olorum
259 4748 469 4819 pulchritudini
486 4755 513 4807 et
524 4752 639 4807 utilitati
650 4768 782 4822 operum,
795 4753 964 4823 etpulchri-
1018 4752 1080 4804 tum
1095 4749 1253 4820 accipiunt,
1270 4766 1328 4805 non
1344 4751 1441 4805 solum
1458 4767 1533 4821 opus
1545 4758 1573 4805 et
1589 4750 1792 4807 tortitudinem
1806 4750 1852 4805 hu·

132 4833 202 4889 tudo
217 4838 362 4894 etutilitas
374 4844 535 4896 aromatum
545 4840 754 4912 pulchritudini
771 4844 965 4914 consignatur
1018 4855 1133 4893 menam
1145 4840 1366 4908 transcendunt,
1383 4855 1485 4894 verum
1497 4841 1582 4895 etiam
1594 4840 1622 4894 in
1633 4841 1742 4895 coelum
1759 4853 1848 4912 usque

131 4921 281 4979 virtutum.
295 4926 388 4982 Fluvii
400 4945 481 4998 vero,
494 4932 543 5002 qui
556 4930 629 4985 istos
641 4930 717 4984 diros
726 4931 829 4985 hortos
839 4930 964 5003 irrigant
1017 4929 1197 5001 pertingunt.
1206 4928 1407 4984 Undel’aulus
1424 4930 1477 4984 ait:
1488 4929 1686 4984 Conrcr·satio
1703 4936 1807 4985 nostra
1820 4929 1848 4983 in

132 5008 191 5066 duo
199 5014 862 5091 convenienterintelligunturcompunctionis
870 5037 962 5092 gene-
1014 5017 1102 5076 ,coelis
1113 5022 1159 5072 cst
1170 5016 1294 5089 (Philip.
1304 5020 1355 5087 ιιι).
1366 5018 1567 5072 Tabernacula
1578 5019 1670 5088 igitur
1678 5019 1745 5073 sive
1753 5021 1846 5073 tento·

132 5115 174 5171 ra,
182 5117 249 5173 quaa
257 5104 478 5162 cordahumuna
493 5109 649 5179 perfluunt,
666 5111 696 5162 ut
715 5109 870 5180 utrobique
881 5109 962 5164 truo—
1017 5105 1229 5178 riajustorum,
1245 5123 1314 5177 quoe
1332 5110 1402 5161 suat
1416 5110 1446 5161 ut
1468 5107 1578 5161 dictum
1600 5108 1647 5161 est
1671 5107 1806 5162 actiones
1818 5120 1849 5160 ac

131 5190 192 5246 tum
201 5189 306 5248 ierant,
318 5193 394 5249 Dum
405 5196 483 5251 enim
493 5197 635 5252 hincinde
644 5198 732 5252 timor
742 5200 769 5251 et
784 5198 962 5252 amorcorda
1017 5195 1142 5251 virtutes
1162 5210 1274 5262 eorum,
1293 5198 1377 5268 quasi
1392 5196 1484 5250 valles
1503 5211 1671 5250 nemorosae
1687 5200 1770 5264 sunt,
1786 5195 1850 5267 quia

131 5280 292 5353 stimulant,
305 5284 401 5338 statim
414 5285 494 5340 lluvii
507 5287 742 5356 compunctionis
755 5289 899 5355 catenant,
912 5287 962 5358 qui
1018 5288 1185 5357 protegunt,
1203 5286 1287 5355 quasi
1301 5285 1382 5338 horti
1398 5285 1518 5357 irrigui,
1536 5285 1604 5354 quia
1620 5288 1761 5354 pascunt,
1773 5283 1851 5359 quasi

130 5368 201 5424 dum
228 5373 400 5428 eorumdem
422 5374 554 5429 cordium
576 5376 692 5429 aerolas
713 5375 846 5448 irrigant,
864 5376 963 5430 statim
1019 5374 1209 5429 tabernacula
1219 5390 1281 5445 quac
1297 5372 1364 5427 Drit
1374 5373 1524 5439 Dominus,
1536 5374 1604 5444 quia
1621 5374 1758 5445 stabiles,
1771 5371 1851 5448 quasi

129 5471 181 5513 aas
197 5459 234 5514 ad
257 5460 434 5531 proterenda
456 5463 596 5516 virtutum
618 5467 646 5517 et
669 5462 814 5518 bonorum
839 5480 961 5537 operum
1018 5464 1103 5518 cedri
1112 5463 1309 5535 justaequas,
1321 5463 1389 5534 quia
1405 5463 1559 5517 sublimes.
1577 5462 1780 5533 AEmulcmur,
1796 5462 1850 5516 tra·

129 5545 263 5619 germina
286 5549 413 5604 ubertim
441 5550 609 5605 secundant.
639 5550 841 5607 Tabernacula
871 5554 962 5625 igitur
1017 5551 1850 5623 tres,habitareintabernnculisaetentoriisjustorum.

129 5634 234 5707 Jacob,
249 5636 279 5692 id
294 5641 340 5693 est
356 5653 445 5712 opera
453 5638 626 5712 activorum,
643 5642 672 5695 et
681 5641 806 5698 tentoria
820 5642 961 5714 lsrael,id
1017 5642 1205 5698 AEmulemur
1219 5641 1326 5698 imitari
1338 5657 1437 5714 opera,
1454 5640 1850 5696 etrirtuteseorum.AEmu·
