3796 6022
113 208 173 277 18³
500 205 721 272 APPENDIX
741 202 800 267 An
823 200 1015 270 HUGONIS
1037 200 1182 268 OPERA
1204 201 1471 268 DOGMAI'ICA.
1784 204 1844 271 184

115 415 245 488 cistula,
267 415 328 490 qui,
350 431 417 471 cum
431 413 529 471 omnta
551 412 702 468 subtracta
724 411 842 481 tuerint,
864 409 949 465 solus
964 387 995 449 Α
1007 412 1075 467 vitae
1095 416 1206 467 nostrae
1221 411 1389 482 novitatem,
1408 415 1509 469 contra
1532 416 1618 469 vetus
1633 416 1788 485 peccatum
1803 418 1844 470 at-

113 507 264 564 tibilldem
279 506 419 563 servabit.
433 505 520 560 Indie
530 503 758 573 sepulturoetuoe
770 518 836 556 cum
846 517 950 556 omnes
1008 503 1073 558 taIIt
1083 518 1191 557 novum
1207 504 1384 573 mandatum,
1402 504 1517 559 scillcet
1532 504 1713 560 charitatem.

115 599 202 654 amici
216 598 259 652 tui
272 596 438 652 recedente
453 597 491 662 te,
509 593 556 648 ille
567 596 595 649 te
612 609 670 648 non
686 592 879 662 derelinquet,
897 590 951 643 sed
1045 592 1209 663 Exstingue
1221 593 1408 662 cupiditatem
1418 594 1444 647 si
1454 594 1501 648 vis
1512 594 1646 664 amplecti
1661 594 1842 651 charitatem.

114 687 245 744 tuebitur
258 684 473 759 arugientibus
485 683 659 754 praeparatis
669 682 705 736 ad
716 697 826 750 escam,
839 683 867 735 et
878 696 950 734 con·
1009 680 1090 737 Sicut
1107 682 1184 737 enim
1204 682 1296 737 radix
1309 683 1435 737 omnium
1446 682 1587 738 malorum
1599 689 1645 738 est
1655 686 1804 756 cupiditas
1818 687 1845 745 (I

116 779 204 834 ducet
213 792 267 846 per
276 776 407 847 ignotam
418 775 581 846 regionem,
593 777 681 843 atque
692 770 833 842 perducet
843 770 880 823 ad
890 770 951 841 pla·
1014 770 1086 826 Tira.
1116 773 1167 841 vr),
1191 772 1230 826 ita
1250 772 1335 826 radix
1358 773 1503 827 bonorum
1523 773 1661 828 charitas.
1685 774 1845 831 PlenItndo

116 870 180 922 teas
205 880 344 936 supernae
367 864 448 932 Sion,
465 866 494 918 et
513 863 553 918 ibi
570 861 726 917 collocabit
751 876 817 915 cum
835 859 950 931 angelis
1009 860 1417 933 lepischaritas(liom.xn1),
1428 862 1645 935 dnispraecepti
1655 872 1701 919 est
1713 867 1845 920 clraritas

117 954 297 1012 antelaciem
308 953 483 1024 Maiestatis,
496 952 546 1006 ubi
555 950 658 1006 audies
670 950 763 1004 melos
773 949 950 1021 angelicum.
1010 950 1040 1020 (I
1049 950 1121 1005 Tim.
1134 950 1274 1021 illatum
1289 951 1521 1023 magnitudinem
1531 953 1698 1009 divinorum
1710 955 1844 1026 eloquio-

26 1103 29 1109 ,
116 1046 157 1102 lbi
173 1045 308 1101 enimest
322 1043 467 1098 canticum
483 1043 602 1111 laetttiae,
620 1057 679 1094 vox
695 1039 902 1095 exsultationis
924 1041 953 1092 et
1010 1056 1074 1094 rum
1090 1056 1196 1095 secura
1213 1041 1347 1111 possidet
1362 1041 1501 1110 charitas,
1518 1059 1575 1114 qua
1591 1043 1683 1098 Deum
1700 1048 1728 1098 et
1743 1046 1845 1115 proxi-

118 1136 233 1204 salutis,
253 1133 413 1206 gratiarum
434 1133 519 1201 actio,
536 1148 596 1186 vox
619 1132 716 1186 laudis
733 1134 820 1201 atque
836 1130 952 1185 alleluia
1010 1145 1089 1184 mum
1105 1130 1278 1201 dilligimus
1297 1130 1331 1184 In
1345 1131 1395 1185 Iris
1409 1131 1522 1185 duobus
1536 1134 1697 1204 praeceptis
1715 1141 1775 1188 tota
1797 1133 1848 1189 lex
1892 1126 1894 1133 ⁴

118 1228 301 1297 perpetuum.
314 1222 358 1276 Ibi
367 1225 414 1276 est
421 1222 557 1275 cumulus
569 1221 717 1275 felicitatis
727 1219 953 1290 supereminens
1006 1219 1436 1291 pendetetprophetrsffllattb.
1450 1221 1532 1293 xxu).
1543 1221 1640 1277 Sinon
1650 1227 1735 1277 vacat
1743 1240 1847 1279 omnes

117 1313 223 1387 gloria,
247 1311 492 1382 superabundans
518 1310 626 1378 laetitia,
650 1312 679 1365 et
700 1311 795 1364 omnia
822 1311 909 1364 bona.
931 1309 954 1363 0
1011 1308 1134 1380 paginas
1151 1312 1270 1363 sanctas
1288 1311 1480 1380 perscrutari,
1498 1312 1595 1365 omnia
1611 1312 1764 1368 Involucra
1780 1330 1847 1369 ser-

118 1404 215 1458 antma
229 1418 304 1472 mea,
317 1401 436 1471 suspIra
444 1400 591 1468 ardenter,
604 1400 741 1454 desidera
752 1399 952 1467 vehementer,
1011 1414 1130 1453 monum
1155 1399 1302 1467 evolvere,
1321 1400 1418 1454 omnta
1433 1399 1649 1471 Scripturaram
1670 1407 1786 1458 secreta
1802 1421 1849 1474 pe·

118 1496 151 1548 ut
165 1493 267 1562 possis
281 1491 437 1561 pervenIrc
446 1491 475 1544 in
487 1489 565 1544 illam
576 1490 723 1545 civitatem
732 1505 900 1559 supernam,
918 1489 954 1543 de
1011 1491 1137 1556 netraro,
1163 1491 1229 1542 tene
1246 1488 1427 1558 charitatem,
1450 1490 1501 1544 ubi
1522 1491 1649 1561 pendent
1673 1493 1780 1546 omnia.
1808 1495 1847 1547 lta

119 1597 177 1653 qua
193 1584 250 1635 tam
265 1579 395 1652 gloriosa
412 1579 579 1647 dictasunt,
592 1580 623 1633 in
637 1578 955 1650 quasicutlmtantium
1010 1577 1127 1633 tenebis
1139 1579 1218 1648 quod
1233 1578 1274 1633 ibi
1288 1579 1427 1650 didicisti,
1443 1580 1559 1634 tenebis
1575 1581 1661 1634 etiam
1677 1582 1757 1652 quod
1773 1598 1848 1637 non-

121 1666 1082 1757 omniumliabitatioest(PsaI.cxxxvi).Amorepotesas·Bdum
1110 1666 1249 1721 didicisti.
1280 1667 1330 1722 llle
1353 1684 1479 1739 namque
1501 1672 1581 1724 tenet
1605 1671 1684 1741 quod
1705 1675 1794 1742 patet,
1822 1677 1849 1727 ct

121 1758 257 1827 condere,
275 1760 382 1814 emanti
397 1758 470 1814 nihil
482 1757 665 1825 estdillicile,
675 1757 747 1812 nihil
759 1758 954 1828 Impossibile.
1012 1756 1091 1826 quod
1112 1755 1180 1811 latet
1201 1756 1232 1810 ln
1251 1757 1359 1811 divinis
1384 1758 1573 1813 sermonibus
1602 1760 1652 1830 qui
1677 1760 1848 1816 charltatcm

121 1848 226 1903 Anima
241 1862 308 1918 quae
324 1850 400 1901 amat
416 1847 550 1902 ascendIt
564 1847 744 1918 frequenter,
760 1851 789 1903 el
804 1847 895 1901 currit
911 1847 964 1901 la·⁴
1013 1849 1113 1900 servat
1128 1846 1158 1899 In
1175 1846 1319 1900 moribus
1343 1845 1478 1901 Charitas
1493 1864 1551 1902 non
1573 1852 1619 1902 est
1643 1849 1669 1903 si
1690 1851 1806 1920 pallens
1822 1856 1850 1906 et

121 1936 275 1992 miliariter
284 1936 397 2007 plateas
405 1936 720 2007 coelestIslerusalem,
731 1938 878 1992 visitando
890 1936 957 1991 illos
1012 1935 1141 2007 benigna
1150 1951 1208 1989 non
1218 1939 1272 1990 est.
1281 1935 1739 2007 CherItas'nonestsieemulatur,
1753 1940 1848 2012 siagIt

121 2025 306 2098 patriarchas
322 2028 351 2080 et
364 2026 534 2097 prophetas,
551 2026 705 2081 salutando
721 2027 887 2097 apostolos,
904 2026 958 2080 ad·
1012 2040 1175 2096 perperam,
1193 2027 1225 2097 si„
1236 2025 1362 2091 intlatur,
1375 2027 1400 2079 si
1410 2027 1587 2097 quaeritquaa
1597 2043 1651 2082 sua
1662 2028 1851 2083 sunt.Chari·

24 2122 31 2130 '
123 2114 256 2170 mirando
272 2115 422 2170 exercilus
438 2119 599 2186 martyrum
614 2119 642 2170 et
653 2116 871 2185 consessorum,
890 2115 959 2169 cho·
1013 2117 1058 2168 tas
1084 2129 1141 2169 nou
1166 2117 1212 2168 est
1227 2114 1253 2169 si
1269 2114 1409 2184 irrItatur,
1426 2116 1452 2168 si
1468 2117 1579 2186 cogitat
1593 2116 1678 2184 mala,
1695 2117 1722 2171 si
1744 2119 1851 2189 gaudet

122 2220 175 2260 ros
196 2204 346 2275 virgtnum
361 2205 552 2275 speculando.
570 2203 681 2260 Caelum
701 2209 729 2260 et
745 2208 832 2272 terra,
850 2208 878 2260 et
896 2221 960 2258 om·
1015 2219 1106 2274 super
1121 2203 1282 2274 iniquitate,
1301 2204 1327 2258 si
1336 2219 1395 2258 non
1405 2205 1513 2275 gaudet
1523 2206 1559 2260 de
1569 2206 1701 2261 veritate.
1715 2207 1851 2263 Charitas

124 2294 172 2349 nia
190 2309 257 2364 quae
277 2294 307 2347 in
326 2294 371 2348 cis
395 2298 474 2363 sunt,
492 2309 550 2348 non
571 2297 691 2348 cessant
707 2294 778 2349 mihi
801 2294 910 2363 dicere,
930 2297 961 2347 ut
1018 2294 1115 2348 omnia
1130 2293 1243 2359 tolerat,
1266 2294 1362 2347 omnia
1388 2295 1490 2362 credit,
1508 2296 1604 2349 omnia
1628 2300 1738 2366 sperat,
1757 2298 1852 2351 omnia

125 2397 211 2436 umen
233 2380 326 2436 Deum
350 2398 457 2437 meum.
479 2382 554 2447 Quid
574 2387 671 2438 autem
695 2399 761 2438 amo
782 2400 847 2438 cum
869 2384 961 2438 Deum
1019 2381 1131 2436 sutlert.
1148 2381 1283 2437 Charitas
1300 2399 1448 2454 nunquam
1464 2384 1573 2438 excidit
1588 2384 1617 2453 (I
1630 2385 1697 2440 Cor.
1714 2387 1789 2455 xm).
1806 2387 1853 2441 Sic

126 2486 224 2526 meum
238 2472 326 2524 amo‘?
341 2470 408 2526 Non
419 2472 549 2543 spectem
561 2473 706 2542 corporis,
717 2488 776 2527 non
787 2472 879 2527 decus
890 2476 962 2526 tem·
1018 2474 1144 2545 probare
1159 2477 1257 2545 potest
1273 2475 1299 2528 si
1315 2475 1486 2530 charitatem
1505 2475 1608 2530 babae.
1627 2475 1698 2530 Siue
1714 2476 1854 2530 charltate

126 2558 219 2631 poris,
236 2574 292 2613 nac
308 2561 465 2615 candorem
482 2562 557 2616 lucis
567 2562 634 2616 istis
651 2562 891 2630 oculisamicum,
903 2577 963 2617 non
1020 2563 1105 2618 diaes
1122 2580 1235 2635 pauper
1259 2567 1346 2633 estet
1370 2565 1400 2618 in
1421 2580 1454 2619 ca
1468 2580 1581 2635 pauper
1603 2565 1698 2620 dives.
1720 2564 1854 2621 Charitas

127 2648 231 2703 dulces
242 2647 385 2704 melodias
396 2651 533 2706 suavtum
543 2651 764 2720 cantilenarum,
777 2668 836 2706 non
847 2651 962 2721 llorum,
1020 2653 1050 2707 in
1069 2653 1151 2708 durts
1166 2653 1358 2724 passionibus
1374 2657 1420 2708 est
1434 2653 1531 2720 tortis,
1557 2654 1586 2709 in
1606 2655 1694 2709 bonis
1714 2656 1853 2724 operibus

128 2739 157 2794 et
179 2740 409 2810 unguentorum,
430 2743 458 2794 et
481 2744 645 2796 aromatum
667 2741 879 2811 suaveolentia,
906 2758 965 2796 non
1021 2742 1135 2819 hilaris,
1159 2741 1414 2797 intentationibus
1431 2743 1590 2811 tutissima,
1607 2744 1638 2798 tn
1659 2744 1856 2815 hospitalitate

129 2841 244 2897 manna,
267 2830 296 2882 et
311 2828 406 2898 mella,
423 2846 482 2885 non
505 2830 636 2885 membra
655 2830 846 2900 acceptabilia
866 2831 965 2884 carate
1022 2831 1175 2886 latissima.
1187 2832 1265 2886 Inter
1275 2848 1364 2887 veros
1378 2832 1486 2888 tratres
1502 2832 1665 2901 laetissima,
1675 2833 1752 2888 inter
1760 2833 1855 2888 falsos

129 2914 327 2987 amplexibus.
344 2917 412 2973 Non
427 2919 491 2974 haee
508 2935 573 2975 amo
585 2937 652 2976 cum
666 2938 731 2976 amo
749 2921 842 2976 Deum
856 2936 964 2987 meum,
1022 2921 1248 2992 patientIssima.
1265 2921 1384 2976 Summa
1399 2922 1569 2992 apostolicae
1586 2922 1727 2977 doctrinae
1739 2923 1803 2977 heac
1815 2927 1859 2978 est

130 3007 265 3061 ettamen
280 3021 346 3062 amo
360 3009 517 3078 quamdam
527 3010 622 3065 lucem
638 3015 666 3066 et
680 3011 835 3082 quamdam
851 3025 964 3078 vocem,
984 2999 1011 3064 0
1026 3017 1055 3065 ut
1068 3011 1179 3066 nemini
1190 3011 1343 3083 quidquam
1359 3011 1527 3078 debeamus,
1542 3012 1602 3066 nisi
1611 3017 1641 3066 ut
1656 3012 1786 3067 invicem
1796 3012 1861 3067 dili-

131 3095 288 3167 quemdam
298 3097 429 3169 odorem,
441 3104 470 3154 et
484 3100 758 3171 quemdamcibum,
773 3103 801 3155 et
812 3099 967 3171 quemdam
1025 3100 1313 3174 qanrrrsfflomxm).
1325 3100 1461 3155 Charitas
1477 3101 1521 3155 sio
1531 3101 1742 3172 complectatur
1757 3117 1860 3157 omnes

131 3183 603 3253 amplexumiateriorishominis.
613 3190 669 3245 Ubi
679 3189 772 3261 fulget
782 3189 887 3244 entmae
895 3204 968 3243 meae
1026 3191 1149 3255 amicos,
1170 3193 1201 3244 ut
1217 3190 1353 3244 dilatetur
1368 3206 1463 3261 usque
1479 3190 1516 3244 ad
1531 3190 1678 3245 inimicos.
1696 3191 1809 3246 Amicis
1829 3207 1861 3246 se

132 3273 213 3343 quod
228 3290 286 3329 non
302 3277 379 3348 capit
392 3278 487 3348 locus,
512 3283 541 3334 ct
556 3279 605 3334 ubi
623 3282 709 3334 sonat
722 3280 802 3350 quod
821 3295 880 3334 non
896 3277 971 3348 rapit
1026 3280 1195 3335 volentibus
1211 3279 1323 3347 reddat,
1341 3279 1469 3333 intmicis
1488 3295 1521 3333 se
1537 3279 1706 3335 nolentibus
1732 3281 1858 3352 ingerat.

132 3361 261 3437 tempus,
278 3371 306 3422 et
321 3368 372 3422 uhi
388 3369 446 3423 olet
461 3369 540 3440 qaod
555 3384 613 3424 non
628 3369 743 3440 spargit
758 3370 855 3435 tlatus,
876 3371 904 3422 et
921 3366 971 3421 ubi
1028 3369 1105 3424 Istos
1130 3372 1235 3438 teneat,
1262 3369 1328 3424 illos
1348 3369 1491 3441 acquirat.
1516 3369 1585 3423 Illos
1615 3369 1743 3425 oblectet
1768 3374 1799 3424 ut
1827 3387 1864 3425 ex

137 3456 214 3527 sapit
222 3457 365 3528 quodnon
376 3458 719 3527 minuitcdacitas,etubi
731 3457 973 3529 hm1·etquodnon
1029 3458 1133 3512 amicis
1153 3474 1211 3512 non
1228 3457 1394 3513 efficiantur
1409 3458 1529 3525 inimici,
1546 3459 1614 3513 illos
1630 3458 1733 3513 invitet
1748 3462 1780 3514 ut
1795 3460 1866 3514 tiant

138 3545 252 3601 divellit
266 3547 397 3615 salictam,
411 3547 468 3602 hoo
478 3547 609 3618 estquod
619 3563 684 3601 amo
695 3563 760 3601 cum
773 3547 865 3602 Deum
878 3562 974 3600 meum
1030 3563 1067 3602 ex
1080 3547 1208 3602 inimicis
1217 3547 1313 3601 amiel.
1325 3547 1467 3602 Dominus
1478 3548 1564 3601 etiam
1575 3563 1671 3618 usque
1682 3548 1718 3602 ad
1728 3548 1864 3602 inimicos

138 3637 297 3691 amodum
308 3636 464 3707 quamdam
479 3636 586 3704 lucem,
596 3635 853 3705 vocemsodorem,
864 3635 973 3703 cibum,
1032 3636 1202 3691 charitatem
1216 3635 1301 3706 jabet
1309 3637 1426 3691 extendi
1444 3635 1547 3691 dicens
1564 3651 1571 3691 :
1587 3636 1713 3708 Diligite
1729 3637 1866 3692 immicos

138 3727 316 3798 amplexum.
334 3726 369 3781 Et
380 3727 450 3798 quid
466 3726 522 3781 hoc
537 3726 605 3781 est‘t
616 3726 801 3798 Interrogavi
811 3728 930 3792 terram,
948 3726 977 3779 et
1035 3732 1161 3791 vestros
1175 3724 1344 3780 benefacite
1356 3725 1396 3779 iis
1406 3725 1455 3798 qui
1466 3725 1592 3809 oderugt
1611 3741 1669 3789 vos,
1683 3731 1806 3780 etorate
1813 3741 1868 3798 pro

139 3816 201 3873 dixi
214 3832 220 3872 :
232 3816 300 3872 Non
310 3831 387 3871 sum.
398 3816 434 3871 Et
444 3831 638 3888 quaecumque
649 3817 679 3871 in
690 3832 725 3871 aa
736 3818 805 3870 sunt
813 3814 891 3870 idem
904 3830 976 3868 con·
1029 3813 1574 3887 persequentibusetcalumniaatihus
1583 3814 1806 3882 vos(Mattlr.v).
1815 3815 1867 3869 Dic

140 3906 223 3962 lesse
239 3909 318 3961 sunt.
330 3906 515 3978 Interrogavi
525 3921 616 3974 mare,
633 3908 661 3960 et
675 3905 814 3975 abyssos,
824 3908 853 3959 et
863 3903 977 3974 reptilm
1033 3903 1166 3971 Domine,
1183 3919 1270 3973 quam
1286 3903 1453 3959 mercedem
1468 3903 1554 3957 dabis
1567 3902 1654 3958 nobis
1666 3903 1691 3958 si
1707 3903 1867 3976 diligamus

140 3995 304 4050 autmarum
318 3995 464 4065 vivarum,
481 3996 509 4050 et
522 3995 741 4065 responderunt
756 4009 763 4049 ι
789 3994 856 4048 Non
872 4008 977 4048 sumus
1033 3991 1169 4048 inimicos
1181 3994 1311 4063 nostroS,
1330 3997 1361 4046 ut
1375 3992 1454 4057 sitis,
1471 3991 1575 4064 inquit,
1588 3991 1645 4046 dlii
1655 3991 1762 4047 Patris
1773 3993 1869 4049 vestri

142 4086 222 4141 Deus
238 4090 316 4156 tuus,
334 4101 434 4158 quaere
451 4101 541 4156 supra
561 4100 627 4139 nos.
654 4084 837 4155 Interrogavi
858 4083 976 4153 ecclam,
1034 4082 1083 4154 qui
1104 4083 1135 4136 in
1152 4081 1236 4137 coelis
1259 4088 1305 4136 est
1325 4081 1426 4151 (Ihid).
1444 4081 1474 4137 Si
1497 4097 1630 4136 amarum
1651 4081 1769 4136 videtur
1788 4081 1868 4154 quod

141 4175 246 4245 solem,
270 4176 380 4246 lunam,
397 4178 426 4231 et
443 4175 556 4244 stellas,
573 4189 668 4246 neque
688 4189 744 4228 nos
759 4189 864 4227 sumus
885 4171 976 4242 Deus,
1034 4172 1163 4227 sudlenti
1175 4171 1307 4242 jubetur,
1319 4170 1358 4225 sit
1373 4170 1458 4226 dulce
1474 4170 1553 4243 quod
1568 4170 1716 4226 obedienti
1724 4171 1869 4242 promitti·

141 4282 230 4339 quem
250 4266 372 4339 quaeris,
388 4265 534 4337 inquiunt.
551 4264 587 4319 Et
609 4264 671 4319 dixi
694 4263 832 4318 omnibus
847 4262 895 4317 his
911 4277 978 4332 quae
1034 4263 1090 4315 tur.
1107 4259 1162 4326 Qui
1176 4260 1302 4333 diIIgunt
1318 4260 1454 4315 inimicos
1470 4276 1554 4329 suos,
1575 4262 1603 4314 et
1617 4259 1809 4317 benefaciunt
1824 4260 1868 4315 eis

143 4356 335 4412 circumstant
348 4355 539 4411 iorescarnis
554 4369 627 4410 meae
645 4370 651 4408 :
669 4353 762 4408 Dic-tte
777 4351 849 4407 mihi
864 4350 900 4406 de
916 4351 977 4406 Deo
991 4324 1019 4386 D
1035 4350 1086 4422 qui
1100 4349 1277 4418 seoderunt,
1295 4349 1347 4404 lilii
1363 4349 1415 4403 Del
1445 4352 1540 4404 erunt.
1553 4348 1590 4404 Si
1603 4347 1661 4403 dlii
1688 4354 1720 4404 ct
1730 4349 1870 4406 heredes

141 4461 219 4518 meo,
235 4446 315 4518 quod
330 4461 387 4502 vos
401 4461 460 4500 non
473 4446 558 4514 estis,
576 4443 663 4499 dicite
677 4442 750 4497 mihi
765 4442 801 4496 de
817 4456 851 4496 eo
867 4440 978 4511 aliquid
1035 4437 1368 4511 haeredesquIdemDei,
1376 4438 1652 4493 colrmredasautem
1662 4437 1780 4492 Christi
1785 4437 1869 4507 (Item

142 4539 170 4592 et
185 4535 509 4592 exclamaveruntvoce
520 4548 637 4605 magna,
650 4532 717 4603 Ipse
731 4530 804 4586 tecit
816 4546 869 4584 nos
880 4527 977 4584 (Psal.
1035 4528 1107 4596 vm).
1132 4527 1238 4583 Audite
1261 4527 1361 4600 Igitur,
1378 4525 1548 4594 Christiani,
1564 4527 1672 4593 audes,
1695 4526 1748 4581 tilii
1763 4526 1816 4583 Dei
1841 4529 1870 4580 et

142 4627 233 4699 xcrx).
249 4627 285 4682 Et
300 4625 396 4683 direxi
409 4640 457 4680 me
472 4623 508 4678 ad
524 4639 580 4691 me,
593 4624 622 4676 et
637 4621 734 4675 inveni
751 4622 778 4674 te
793 4620 822 4673 in
837 4618 978 4673 memoria
1035 4618 1209 4673 cohaeredes
1220 4615 1340 4686 ChristI,
1357 4617 1547 4686 utpaternam
1555 4615 1736 4687 possideatis
1744 4614 1870 4670 haeredi·

141 4730 217 4786 mea,
229 4716 310 4784 Deus
325 4730 420 4782 meus,
438 4711 576 4785 quoniam
594 4709 733 4783 dignatus
757 4723 790 4763 es
805 4707 937 4762 habitare
949 4707 979 4762 in
1035 4709 1124 4762 tatem
1137 4720 1196 4762 non
1211 4705 1309 4760 solum
1323 4704 1438 4771 amicte,
1451 4704 1505 4759 sed
1520 4704 1607 4759 etlam
1615 4703 1746 4761 inimicis
1754 4704 1870 4774 impen-

142 4820 177 4860 ea
191 4820 229 4860 ex
244 4820 302 4876 quo
317 4807 345 4860 te
361 4802 461 4873 didici,
477 4805 506 4857 et
525 4801 557 4856 in
572 4816 606 4855 ea
621 4803 649 4854 te
669 4797 788 4854 invento
809 4812 876 4852 cum
890 4797 978 4852 remi·
1035 4795 1094 4850 dite
1116 4795 1297 4850 charitatem.
1321 4793 1401 4848 Nulli
1425 4793 1559 4848 Charitas
1580 4795 1715 4865 negetur,
1743 4808 1811 4864 quas
1833 4792 1870 4847 ab

142 4894 245 4952 niscor
257 4892 309 4965 tui,
327 4894 356 4948 et
370 4893 500 4948 delector
519 4891 550 4946 in
564 4893 603 4946 te.
1036 4883 1175 4940 omnibus
1185 4882 1273 4937 bonis
1286 4882 1480 4937 communIter
1490 4882 1671 4953 possidetur.
1681 4881 1792 4937 Omnes
1805 4897 1871 4936 eam

1036 4972 1124 5027 stmul
1133 4971 1249 5042 habete,
1260 4973 1289 5025 et
1297 4973 1328 5025 ut
1338 4986 1403 5025 eam
1412 4971 1509 5043 magIs
1521 4971 1665 5040 habeatis,
1673 4973 1702 5025 et
1711 4970 1799 5026 bonis
1807 4986 1873 5025 eam

142 5035 211 5092 0¹¹⁹·
229 5034 294 5090 ΧΠ·
311 5035 356 5090 De
375 5035 443 5089 mm
453 5038 564 5088 ¹¹⁰³&ae
579 5031 769 5115 “dmm
781 5045 838 5113 [¹⁰⁸
851 5031 977 5083 mmm
1036 5065 1064 5117 et
1074 5060 1159 5115 malis
1174 5058 1343 5130 impendite.
1356 5057 1491 5115 Charitas
1502 5060 1556 5115 Dei
1567 5060 1647 5115 Deus
1662 5062 1718 5128 est,
1732 5059 1874 5131 quonlam

161 5107 287 5174 Christi,
297 5106 370 5162 etde
379 5104 467 5160 laude
475 5105 673 5160 charitatrsac
684 5103 722 5158 de
732 5101 891 5156 latitudine
901 5098 976 5171 ejus.
1036 5151 1170 5206 clamas
1185 5150 1243 5204 Del.
1252 5147 1413 5206 mames,
1424 5149 1604 5205 ,monimus
1619 5148 1794 5220 ,mm-sper
1802 5149 1873 5220 spi,

112 5261 113 5264 ’
178 5251 240 5307 Res
256 5253 342 5306 vetus
356 5251 419 5305 erat
429 5251 460 5303 ut
471 5247 559 5302 homo
568 5248 742 5313 moreretur,
752 5259 801 5299 res
813 5257 890 5298 nova
900 5241 978 5296 lacta
1035 5240 1126 5295 ritum
1133 5244 1274 5303 sanctum,
1283 5239 1333 5312 qui
1341 5239 1429 5293 datas
1437 5243 1482 5293 est
1490 5237 1675 5307 nobistllom.
1685 5238 1724 5307 v).
1736 5237 1873 5293 Charilas

142 5343 188 5397 est
203 5343 234 5396 ut
249 5340 329 5395 Deus
345 5340 517 5406 moreretur,
535 5339 679 5407 quatenus
696 5332 798 5387 mortis
814 5347 877 5386 suas
893 5330 978 5385 novi·
1035 5332 1144 5402 quanto
1166 5329 1263 5400 magis
1288 5328 1505 5398 multIplicatur,
1530 5330 1609 5381 tanto
1632 5327 1746 5398 largius
1768 5343 1786 5380 a
1811 5326 1873 5381 Deo

141 5434 199 5486 tate
225 5429 403 5484 dissolveret
426 5427 530 5481 mortIs
552 5427 662 5479 nostrae
682 5425 867 5491 vetustatem,
884 5423 911 5474 et
926 5435 978 5489 per
1036 5423 1185 5490 erogatur.
1203 5418 1278 5471 Dum
1298 5417 1431 5472 redditur
1444 5416 1584 5485 charitas,
1602 5416 1719 5470 ditescil
1740 5415 1875 5472 redditor

143 5521 242 5576 crucIs
257 5519 427 5574 irrisionem
450 5515 548 5570 carnis
570 5516 680 5568 nostrae
694 5511 853 5582 perimeret
873 5525 977 5564 corru-
1036 5507 1197 5562 eharitatis.
1215 5505 1350 5561 Charitas
1365 5504 1502 5560 inimicos
1518 5506 1604 5559 vocat
1619 5504 1654 5558 ad
1670 5504 1873 5560 concordiam.

142 5611 281 5681 ptionem,
304 5608 410 5666 Contra
431 5605 534 5663 mortis
558 5606 668 5661 nostrae
694 5601 869 5659 vetustatem
884 5597 979 5657 attulit
1035 5596 1169 5655 Charitas
1195 5595 1356 5652 delectatur
1386 5595 1493 5649 illatam
1518 5593 1657 5669 injurtam
1683 5593 1873 5650 condomare.
