<?xml version="1.0" encoding="UTF-8"?>
<!DOCTYPE html PUBLIC "-//W3C//DTD XHTML 1.0 Transitional//EN"
    "http://www.w3.org/TR/xhtml1/DTD/xhtml1-transitional.dtd">
<html xmlns="http://www.w3.org/1999/xhtml" xml:lang="en" lang="en">
 <head>
  <title>
</title>
<meta http-equiv="Content-Type" content="text/html;charset=utf-8" />
  <meta name='ocr-system' content='tesseract 3.04.00' />
  <meta name='ocr-capabilities' content='ocr_page ocr_carea ocr_par ocr_line ocrx_word'/>
</head>
<body>
  <div class='ocr_page' id='page_1' title='image "./patrologiaecurs28unkngoog_0612.png"; bbox 0 0 3796 6022; ppageno 0'>
   <div class='ocr_carea' id='block_1_1' title="bbox 276 285 1731 406">
    <p class='ocr_par' dir='ltr' id='par_1_1' title="bbox 276 285 1731 406">
     <span class='ocr_line' id='line_1_1' title="bbox 276 285 1731 406; baseline 0.001 -11"><span class='ocrx_word' id='word_1_1' title='bbox 276 285 283 298; x_wconf 70' lang='grc'><strong>’</strong></span> <span class='ocrx_word' id='word_1_2' title='bbox 352 374 357 387; x_wconf 72' lang='lat'><strong>.</strong></span> <span class='ocrx_word' id='word_1_3' title='bbox 437 332 584 397; x_wconf 79' lang='lat' dir='ltr'><strong>saeuo</strong></span> <span class='ocrx_word' id='word_1_4' title='bbox 605 333 662 398; x_wconf 81' lang='lat' dir='ltr'><strong>nu</strong></span> <span class='ocrx_word' id='word_1_5' title='bbox 682 333 987 400; x_wconf 80' lang='lat' dir='ltr'><strong>assuurrrouu</strong></span> <span class='ocrx_word' id='word_1_6' title='bbox 1009 335 1047 398; x_wconf 86' lang='lat' dir='ltr'><strong>e.</strong></span> <span class='ocrx_word' id='word_1_7' title='bbox 1070 335 1270 402; x_wconf 81' lang='lat' dir='ltr'><strong>vmcrurs.</strong></span> <span class='ocrx_word' id='word_1_8' title='bbox 1302 396 1305 403; x_wconf 83' lang='lat'><strong>.</strong></span> <span class='ocrx_word' id='word_1_9' title='bbox 1633 328 1731 406; x_wconf 74' lang='lat'><strong>1214.</strong></span> 
     </span>
    </p>
   </div>
   <div class='ocr_carea' id='block_1_2' title="bbox 63 516 1768 5775">
    <p class='ocr_par' dir='ltr' id='par_1_2' title="bbox 63 516 1768 5775">
     <span class='ocr_line' id='line_1_2' title="bbox 64 516 1719 603; baseline 0.003 -13"><span class='ocrx_word' id='word_1_10' title='bbox 64 536 156 598; x_wconf 76' lang='lat' dir='ltr'><strong>instra.</strong></span> <span class='ocrx_word' id='word_1_11' title='bbox 182 534 215 590; x_wconf 89' lang='lat' dir='ltr'><strong>In</strong></span> <span class='ocrx_word' id='word_1_12' title='bbox 238 538 266 589; x_wconf 91' lang='lat' dir='ltr'><strong>te</strong></span> <span class='ocrx_word' id='word_1_13' title='bbox 282 534 420 590; x_wconf 87' lang='lat' dir='ltr'><strong>divinitas</strong></span> <span class='ocrx_word' id='word_1_14' title='bbox 435 535 608 590; x_wconf 70' lang='lat' dir='ltr'><strong>humanitati</strong></span> <span class='ocrx_word' id='word_1_15' title='bbox 632 550 666 590; x_wconf 88' lang='lat' dir='ltr'><strong>se</strong></span> <span class='ocrx_word' id='word_1_16' title='bbox 690 516 853 591; x_wconf 74' lang='lat' dir='ltr'><strong>infuditA</strong></span> <span class='ocrx_word' id='word_1_17' title='bbox 879 535 1055 591; x_wconf 75' lang='lat' dir='ltr'><strong>eminentior</strong></span> <span class='ocrx_word' id='word_1_18' title='bbox 1074 536 1200 603; x_wconf 89' lang='lat' dir='ltr'><strong>cunctis,</strong></span> <span class='ocrx_word' id='word_1_19' title='bbox 1212 536 1344 592; x_wconf 86' lang='lat' dir='ltr'><strong>sanctior</strong></span> <span class='ocrx_word' id='word_1_20' title='bbox 1354 536 1516 593; x_wconf 88' lang='lat' dir='ltr'><strong>universis.</strong></span> <span class='ocrx_word' id='word_1_21' title='bbox 1534 538 1628 594; x_wconf 90' lang='lat' dir='ltr'><strong>Nemo</strong></span> <span class='ocrx_word' id='word_1_22' title='bbox 1638 539 1671 594; x_wconf 93' lang='lat' dir='ltr'><strong>ut</strong></span> <span class='ocrx_word' id='word_1_23' title='bbox 1680 541 1719 596; x_wconf 90' lang='lat' dir='ltr'><strong>tu</strong></span> 
     </span>
     <span class='ocr_line' id='line_1_3' title="bbox 87 621 1712 698; baseline 0.004 -21"><span class='ocrx_word' id='word_1_24' title='bbox 87 639 157 680; x_wconf 89' lang='lat' dir='ltr'><strong>vera</strong></span> <span class='ocrx_word' id='word_1_25' title='bbox 179 623 367 689; x_wconf 69' lang='lat' dir='ltr'><strong>humanitate,</strong></span> <span class='ocrx_word' id='word_1_26' title='bbox 385 627 414 679; x_wconf 90' lang='lat' dir='ltr'><strong>et</strong></span> <span class='ocrx_word' id='word_1_27' title='bbox 429 621 558 694; x_wconf 81' lang='lat' dir='ltr'><strong>pertenta</strong></span> <span class='ocrx_word' id='word_1_28' title='bbox 574 624 757 679; x_wconf 85' lang='lat' dir='ltr'><strong>divinitates</strong></span> <span class='ocrx_word' id='word_1_29' title='bbox 781 627 808 680; x_wconf 89' lang='lat' dir='ltr'><strong>te</strong></span> <span class='ocrx_word' id='word_1_30' title='bbox 879 625 973 697; x_wconf 88' lang='lat' dir='ltr'><strong>gratia</strong></span> <span class='ocrx_word' id='word_1_31' title='bbox 986 624 1092 695; x_wconf 86' lang='lat' dir='ltr'><strong>plenus</strong></span> <span class='ocrx_word' id='word_1_32' title='bbox 1116 625 1180 694; x_wconf 82' lang='lat' dir='ltr'><strong>suit,</strong></span> <span class='ocrx_word' id='word_1_33' title='bbox 1197 641 1264 698; x_wconf 85' lang='lat' dir='ltr'><strong>quae</strong></span> <span class='ocrx_word' id='word_1_34' title='bbox 1279 625 1344 681; x_wconf 88' lang='lat' dir='ltr'><strong>sola</strong></span> <span class='ocrx_word' id='word_1_35' title='bbox 1368 626 1434 682; x_wconf 89' lang='lat' dir='ltr'><strong>sino</strong></span> <span class='ocrx_word' id='word_1_36' title='bbox 1457 626 1593 698; x_wconf 84' lang='lat' dir='ltr'><strong>exemplo</strong></span> <span class='ocrx_word' id='word_1_37' title='bbox 1618 629 1712 685; x_wconf 87' lang='lat' dir='ltr'><strong>mater</strong></span> 
     </span>
     <span class='ocr_line' id='line_1_4' title="bbox 70 712 1707 786; baseline 0.001 -17"><span class='ocrx_word' id='word_1_38' title='bbox 70 715 99 769; x_wconf 91' lang='lat' dir='ltr'><strong>et</strong></span> <span class='ocrx_word' id='word_1_39' title='bbox 108 713 196 769; x_wconf 91' lang='lat' dir='ltr'><strong>homo</strong></span> <span class='ocrx_word' id='word_1_40' title='bbox 204 713 342 769; x_wconf 88' lang='lat' dir='ltr'><strong>Christus</strong></span> <span class='ocrx_word' id='word_1_41' title='bbox 351 713 451 769; x_wconf 82' lang='lat' dir='ltr'><strong>exivit.</strong></span> <span class='ocrx_word' id='word_1_42' title='bbox 461 713 550 786; x_wconf 82' lang='lat' dir='ltr'><strong>Ergo,</strong></span> <span class='ocrx_word' id='word_1_43' title='bbox 560 712 647 768; x_wconf 83' lang='lat' dir='ltr'><strong>larus</strong></span> <span class='ocrx_word' id='word_1_44' title='bbox 658 713 811 769; x_wconf 67' lang='lat' dir='ltr'><strong>distillans</strong></span> <span class='ocrx_word' id='word_1_45' title='bbox 876 716 962 786; x_wconf 87' lang='lat' dir='ltr'><strong>virgo</strong></span> <span class='ocrx_word' id='word_1_46' title='bbox 971 715 1115 786; x_wconf 79' lang='lat' dir='ltr'><strong>genuisti,</strong></span> <span class='ocrx_word' id='word_1_47' title='bbox 1126 715 1270 770; x_wconf 86' lang='lat' dir='ltr'><strong>castitatis</strong></span> <span class='ocrx_word' id='word_1_48' title='bbox 1281 715 1376 770; x_wconf 88' lang='lat' dir='ltr'><strong>lilium</strong></span> <span class='ocrx_word' id='word_1_49' title='bbox 1390 717 1519 771; x_wconf 87' lang='lat' dir='ltr'><strong>serrasti</strong></span> <span class='ocrx_word' id='word_1_50' title='bbox 1529 731 1597 770; x_wconf 89' lang='lat' dir='ltr'><strong>cum</strong></span> <span class='ocrx_word' id='word_1_51' title='bbox 1609 715 1707 771; x_wconf 78' lang='lat' dir='ltr'><strong>fructu</strong></span> 
     </span>
     <span class='ocr_line' id='line_1_5' title="bbox 69 801 1711 875; baseline 0.003 -20"><span class='ocrx_word' id='word_1_52' title='bbox 69 807 127 856; x_wconf 89' lang='lat' dir='ltr'><strong>tua.</strong></span> <span class='ocrx_word' id='word_1_53' title='bbox 141 802 215 873; x_wconf 83' lang='lat' dir='ltr'><strong>Ego,</strong></span> <span class='ocrx_word' id='word_1_54' title='bbox 225 801 329 872; x_wconf 90' lang='lat' dir='ltr'><strong>iuquit,</strong></span> <span class='ocrx_word' id='word_1_55' title='bbox 342 801 410 856; x_wconf 87' lang='lat' dir='ltr'><strong>novi</strong></span> <span class='ocrx_word' id='word_1_56' title='bbox 420 802 497 873; x_wconf 91' lang='lat' dir='ltr'><strong>quod</strong></span> <span class='ocrx_word' id='word_1_57' title='bbox 507 802 637 875; x_wconf 74' lang='lat' dir='ltr'><strong>predico</strong></span> <span class='ocrx_word' id='word_1_58' title='bbox 650 818 656 857; x_wconf 91' lang='lat'>:</span> <span class='ocrx_word' id='word_1_59' title='bbox 669 806 810 874; x_wconf 84' lang='lat' dir='ltr'><strong>expertus</strong></span> <span class='ocrx_word' id='word_1_60' title='bbox 875 802 1075 869; x_wconf 78' lang='lat' dir='ltr'><strong>fecunditatis.</strong></span> <span class='ocrx_word' id='word_1_61' title='bbox 1086 803 1166 875; x_wconf 81' lang='lat' dir='ltr'><strong>Ergo</strong></span> <span class='ocrx_word' id='word_1_62' title='bbox 1175 804 1299 874; x_wconf 88' lang='lat' dir='ltr'><strong>spiritus</strong></span> <span class='ocrx_word' id='word_1_63' title='bbox 1310 807 1433 860; x_wconf 88' lang='lat' dir='ltr'><strong>sanctus</strong></span> <span class='ocrx_word' id='word_1_64' title='bbox 1446 805 1476 859; x_wconf 92' lang='lat' dir='ltr'><strong>iu</strong></span> <span class='ocrx_word' id='word_1_65' title='bbox 1488 807 1537 860; x_wconf 90' lang='lat' dir='ltr'><strong>tua</strong></span> <span class='ocrx_word' id='word_1_66' title='bbox 1548 804 1711 860; x_wconf 89' lang='lat' dir='ltr'><strong>humilitate</strong></span> 
     </span>
     <span class='ocr_line' id='line_1_6' title="bbox 66 889 1708 966; baseline 0.001 -20"><span class='ocrx_word' id='word_1_67' title='bbox 66 890 145 963; x_wconf 89' lang='lat' dir='ltr'><strong>quod</strong></span> <span class='ocrx_word' id='word_1_68' title='bbox 153 891 249 946; x_wconf 82' lang='lat' dir='ltr'><strong>laudo.</strong></span> <span class='ocrx_word' id='word_1_69' title='bbox 263 890 362 946; x_wconf 83' lang='lat' dir='ltr'><strong>Ferus</strong></span> <span class='ocrx_word' id='word_1_70' title='bbox 370 889 609 946; x_wconf 86' lang='lat' dir='ltr'><strong>distillanslabia</strong></span> <span class='ocrx_word' id='word_1_71' title='bbox 621 896 679 947; x_wconf 90' lang='lat' dir='ltr'><strong>tun.</strong></span> <span class='ocrx_word' id='word_1_72' title='bbox 691 891 756 964; x_wconf 81' lang='lat' dir='ltr'><strong>Ego</strong></span> <span class='ocrx_word' id='word_1_73' title='bbox 764 892 811 947; x_wconf 91' lang='lat' dir='ltr'><strong>da·</strong></span> <span class='ocrx_word' id='word_1_74' title='bbox 875 891 1066 964; x_wconf 73' lang='lat' dir='ltr'><strong>singulariter</strong></span> <span class='ocrx_word' id='word_1_75' title='bbox 1083 893 1238 965; x_wconf 83' lang='lat' dir='ltr'><strong>requievit,</strong></span> <span class='ocrx_word' id='word_1_76' title='bbox 1255 893 1306 966; x_wconf 89' lang='lat' dir='ltr'><strong>qui</strong></span> <span class='ocrx_word' id='word_1_77' title='bbox 1324 894 1354 948; x_wconf 92' lang='lat' dir='ltr'><strong>iu</strong></span> <span class='ocrx_word' id='word_1_78' title='bbox 1368 895 1417 948; x_wconf 89' lang='lat' dir='ltr'><strong>tuo</strong></span> <span class='ocrx_word' id='word_1_79' title='bbox 1431 893 1601 965; x_wconf 82' lang='lat' dir='ltr'><strong>virginitate</strong></span> <span class='ocrx_word' id='word_1_80' title='bbox 1616 893 1708 948; x_wconf 86' lang='lat' dir='ltr'><strong>mira-</strong></span> 
     </span>
     <span class='ocr_line' id='line_1_7' title="bbox 64 979 1709 1053; baseline 0.003 -19"><span class='ocrx_word' id='word_1_81' title='bbox 64 994 95 1034; x_wconf 80' lang='lat' dir='ltr'><strong>ns</strong></span> <span class='ocrx_word' id='word_1_82' title='bbox 117 980 170 1034; x_wconf 93' lang='lat' dir='ltr'><strong>tihi</strong></span> <span class='ocrx_word' id='word_1_83' title='bbox 200 979 340 1034; x_wconf 87' lang='lat' dir='ltr'><strong>charitate</strong></span> <span class='ocrx_word' id='word_1_84' title='bbox 363 979 467 1036; x_wconf 84' lang='lat' dir='ltr'><strong>osculo</strong></span> <span class='ocrx_word' id='word_1_85' title='bbox 491 980 552 1035; x_wconf 90' lang='lat' dir='ltr'><strong>oris</strong></span> <span class='ocrx_word' id='word_1_86' title='bbox 577 981 635 1037; x_wconf 86' lang='lat' dir='ltr'><strong>nai</strong></span> <span class='ocrx_word' id='word_1_87' title='bbox 659 980 736 1036; x_wconf 88' lang='lat' dir='ltr'><strong>labia</strong></span> <span class='ocrx_word' id='word_1_88' title='bbox 761 985 810 1037; x_wconf 88' lang='lat' dir='ltr'><strong>tua</strong></span> <span class='ocrx_word' id='word_1_89' title='bbox 874 980 1060 1037; x_wconf 88' lang='lat' dir='ltr'><strong>culumnulli</strong></span> <span class='ocrx_word' id='word_1_90' title='bbox 1085 981 1282 1053; x_wconf 81' lang='lat' dir='ltr'><strong>comparabile</strong></span> <span class='ocrx_word' id='word_1_91' title='bbox 1307 981 1387 1040; x_wconf 87' lang='lat' dir='ltr'><strong>iecit.</strong></span> <span class='ocrx_word' id='word_1_92' title='bbox 1414 981 1528 1039; x_wconf 90' lang='lat' dir='ltr'><strong>idcirco</strong></span> <span class='ocrx_word' id='word_1_93' title='bbox 1550 983 1624 1038; x_wconf 89' lang='lat' dir='ltr'><strong>odor</strong></span> <span class='ocrx_word' id='word_1_94' title='bbox 1650 999 1709 1040; x_wconf 91' lang='lat' dir='ltr'><strong>uu-</strong></span> 
     </span>
     <span class='ocr_line' id='line_1_8' title="bbox 66 1068 1711 1143; baseline 0.002 -19"><span class='ocrx_word' id='word_1_95' title='bbox 66 1068 87 1135; x_wconf 89' lang='lat' dir='ltr'><strong>i,</strong></span> <span class='ocrx_word' id='word_1_96' title='bbox 102 1069 249 1140; x_wconf 88' lang='lat' dir='ltr'><strong>simulque</strong></span> <span class='ocrx_word' id='word_1_97' title='bbox 264 1068 451 1126; x_wconf 83' lang='lat' dir='ltr'><strong>dulcedinem</strong></span> <span class='ocrx_word' id='word_1_98' title='bbox 462 1069 565 1139; x_wconf 88' lang='lat' dir='ltr'><strong>inludi,</strong></span> <span class='ocrx_word' id='word_1_99' title='bbox 578 1073 606 1125; x_wconf 89' lang='lat' dir='ltr'><strong>et</strong></span> <span class='ocrx_word' id='word_1_100' title='bbox 620 1085 638 1125; x_wconf 88' lang='lat' dir='ltr'><strong>a</strong></span> <span class='ocrx_word' id='word_1_101' title='bbox 653 1069 732 1125; x_wconf 91' lang='lat' dir='ltr'><strong>dulci</strong></span> <span class='ocrx_word' id='word_1_102' title='bbox 746 1069 809 1125; x_wconf 92' lang='lat' dir='ltr'><strong>dul·</strong></span> <span class='ocrx_word' id='word_1_103' title='bbox 872 1073 1051 1142; x_wconf 86' lang='lat' dir='ltr'><strong>guentorunr</strong></span> <span class='ocrx_word' id='word_1_104' title='bbox 1072 1073 1190 1127; x_wconf 88' lang='lat' dir='ltr'><strong>tuorum</strong></span> <span class='ocrx_word' id='word_1_105' title='bbox 1210 1086 1302 1143; x_wconf 84' lang='lat' dir='ltr'><strong>super</strong></span> <span class='ocrx_word' id='word_1_106' title='bbox 1324 1072 1422 1129; x_wconf 89' lang='lat' dir='ltr'><strong>omniu</strong></span> <span class='ocrx_word' id='word_1_107' title='bbox 1445 1075 1585 1128; x_wconf 89' lang='lat' dir='ltr'><strong>aromata.</strong></span> <span class='ocrx_word' id='word_1_108' title='bbox 1611 1070 1711 1128; x_wconf 81' lang='lat' dir='ltr'><strong>Ferus</strong></span> 
     </span>
     <span class='ocr_line' id='line_1_9' title="bbox 64 1156 1713 1234; baseline 0.003 -21"><span class='ocrx_word' id='word_1_109' title='bbox 64 1166 110 1213; x_wconf 85' lang='lat' dir='ltr'><strong>ern</strong></span> <span class='ocrx_word' id='word_1_110' title='bbox 126 1157 272 1228; x_wconf 83' lang='lat' dir='ltr'><strong>expressi.</strong></span> <span class='ocrx_word' id='word_1_111' title='bbox 289 1158 381 1213; x_wconf 88' lang='lat' dir='ltr'><strong>Valde</strong></span> <span class='ocrx_word' id='word_1_112' title='bbox 396 1157 474 1214; x_wconf 88' lang='lat' dir='ltr'><strong>enim</strong></span> <span class='ocrx_word' id='word_1_113' title='bbox 498 1159 646 1229; x_wconf 76' lang='lat' dir='ltr'><strong>expressi,</strong></span> <span class='ocrx_word' id='word_1_114' title='bbox 670 1162 699 1213; x_wconf 92' lang='lat' dir='ltr'><strong>et</strong></span> <span class='ocrx_word' id='word_1_115' title='bbox 721 1156 808 1213; x_wconf 82' lang='lat' dir='ltr'><strong>vaide</strong></span> <span class='ocrx_word' id='word_1_116' title='bbox 875 1157 1028 1214; x_wconf 81' lang='lat' dir='ltr'><strong>distillans</strong></span> <span class='ocrx_word' id='word_1_117' title='bbox 1039 1158 1117 1215; x_wconf 84' lang='lat' dir='ltr'><strong>iahia</strong></span> <span class='ocrx_word' id='word_1_118' title='bbox 1134 1165 1194 1230; x_wconf 90' lang='lat' dir='ltr'><strong>tua,</strong></span> <span class='ocrx_word' id='word_1_119' title='bbox 1209 1159 1269 1216; x_wconf 86' lang='lat' dir='ltr'><strong>mel</strong></span> <span class='ocrx_word' id='word_1_120' title='bbox 1279 1160 1364 1216; x_wconf 87' lang='lat' dir='ltr'><strong>etlac</strong></span> <span class='ocrx_word' id='word_1_121' title='bbox 1380 1160 1551 1234; x_wconf 79' lang='lat' dir='ltr'><strong>sublingua</strong></span> <span class='ocrx_word' id='word_1_122' title='bbox 1567 1166 1625 1229; x_wconf 90' lang='lat' dir='ltr'><strong>tua,</strong></span> <span class='ocrx_word' id='word_1_123' title='bbox 1639 1161 1713 1218; x_wconf 90' lang='lat' dir='ltr'><strong>odor</strong></span> 
     </span>
     <span class='ocr_line' id='line_1_10' title="bbox 64 1245 1721 1321; baseline 0.004 -21"><span class='ocrx_word' id='word_1_124' title='bbox 64 1246 127 1316; x_wconf 74' lang='lat' dir='ltr'><strong>issi,</strong></span> <span class='ocrx_word' id='word_1_125' title='bbox 152 1247 220 1319; x_wconf 89' lang='lat' dir='ltr'><strong>quia</strong></span> <span class='ocrx_word' id='word_1_126' title='bbox 240 1247 326 1318; x_wconf 89' lang='lat' dir='ltr'><strong>plane</strong></span> <span class='ocrx_word' id='word_1_127' title='bbox 349 1245 453 1315; x_wconf 85' lang='lat' dir='ltr'><strong>inludi,</strong></span> <span class='ocrx_word' id='word_1_128' title='bbox 479 1250 508 1303; x_wconf 86' lang='lat' dir='ltr'><strong>et</strong></span> <span class='ocrx_word' id='word_1_129' title='bbox 529 1248 659 1319; x_wconf 65' lang='lat' dir='ltr'><strong>porrecte</strong></span> <span class='ocrx_word' id='word_1_130' title='bbox 683 1246 806 1302; x_wconf 87' lang='lat' dir='ltr'><strong>sociavi.</strong></span> <span class='ocrx_word' id='word_1_131' title='bbox 876 1254 1089 1319; x_wconf 70' lang='lat' dir='ltr'><strong>unquentorum</strong></span> <span class='ocrx_word' id='word_1_132' title='bbox 1101 1253 1215 1305; x_wconf 85' lang='lat' dir='ltr'><strong>tucrum</strong></span> <span class='ocrx_word' id='word_1_133' title='bbox 1233 1265 1324 1321; x_wconf 87' lang='lat' dir='ltr'><strong>snper</strong></span> <span class='ocrx_word' id='word_1_134' title='bbox 1341 1249 1438 1306; x_wconf 87' lang='lat' dir='ltr'><strong>omnia</strong></span> <span class='ocrx_word' id='word_1_135' title='bbox 1456 1254 1597 1305; x_wconf 85' lang='lat' dir='ltr'><strong>aromata.</strong></span> <span class='ocrx_word' id='word_1_136' title='bbox 1614 1250 1659 1305; x_wconf 86' lang='lat' dir='ltr'><strong>Tu</strong></span> <span class='ocrx_word' id='word_1_137' title='bbox 1672 1249 1721 1306; x_wconf 87' lang='lat' dir='ltr'><strong>ad.</strong></span> 
     </span>
     <span class='ocr_line' id='line_1_11' title="bbox 64 1334 1722 1410; baseline 0.005 -22"><span class='ocrx_word' id='word_1_138' title='bbox 64 1350 70 1387; x_wconf 78' lang='lat' dir='ltr'><strong>i</strong></span> <span class='ocrx_word' id='word_1_139' title='bbox 90 1348 162 1407; x_wconf 89' lang='lat' dir='ltr'><strong>ergo</strong></span> <span class='ocrx_word' id='word_1_140' title='bbox 177 1334 317 1406; x_wconf 85' lang='lat' dir='ltr'><strong>impressi</strong></span> <span class='ocrx_word' id='word_1_141' title='bbox 331 1334 528 1406; x_wconf 81' lang='lat' dir='ltr'><strong>dulcedinem,</strong></span> <span class='ocrx_word' id='word_1_142' title='bbox 544 1339 572 1391; x_wconf 89' lang='lat' dir='ltr'><strong>et</strong></span> <span class='ocrx_word' id='word_1_143' title='bbox 585 1352 655 1391; x_wconf 82' lang='lat' dir='ltr'><strong>rere</strong></span> <span class='ocrx_word' id='word_1_144' title='bbox 672 1336 808 1408; x_wconf 83' lang='lat' dir='ltr'><strong>expressi</strong></span> <span class='ocrx_word' id='word_1_145' title='bbox 874 1336 1247 1409; x_wconf 81' lang='lat' dir='ltr'><strong>jucunditatemuuguenta</strong></span> <span class='ocrx_word' id='word_1_146' title='bbox 1258 1337 1409 1410; x_wconf 83' lang='lat' dir='ltr'><strong>accepisti,</strong></span> <span class='ocrx_word' id='word_1_147' title='bbox 1422 1340 1571 1410; x_wconf 88' lang='lat' dir='ltr'><strong>unguenta</strong></span> <span class='ocrx_word' id='word_1_148' title='bbox 1586 1338 1622 1392; x_wconf 91' lang='lat' dir='ltr'><strong>ad</strong></span> <span class='ocrx_word' id='word_1_149' title='bbox 1639 1353 1722 1409; x_wconf 85' lang='lat' dir='ltr'><strong>spe-.</strong></span> 
     </span>
     <span class='ocr_line' id='line_1_12' title="bbox 64 1424 1711 1498; baseline 0.002 -20"><span class='ocrx_word' id='word_1_150' title='bbox 64 1425 161 1493; x_wconf 88' lang='lat' dir='ltr'><strong>tutem,</strong></span> <span class='ocrx_word' id='word_1_151' title='bbox 175 1424 292 1495; x_wconf 87' lang='lat' dir='ltr'><strong>quando</strong></span> <span class='ocrx_word' id='word_1_152' title='bbox 308 1440 405 1480; x_wconf 88' lang='lat' dir='ltr'><strong>meum</strong></span> <span class='ocrx_word' id='word_1_153' title='bbox 419 1428 470 1483; x_wconf 91' lang='lat' dir='ltr'><strong>tuo</strong></span> <span class='ocrx_word' id='word_1_154' title='bbox 486 1425 515 1481; x_wconf 92' lang='lat' dir='ltr'><strong>iu</strong></span> <span class='ocrx_word' id='word_1_155' title='bbox 531 1428 558 1480; x_wconf 89' lang='lat' dir='ltr'><strong>te</strong></span> <span class='ocrx_word' id='word_1_156' title='bbox 574 1425 739 1494; x_wconf 65' lang='lat' dir='ltr'><strong>sociarint</strong></span> <span class='ocrx_word' id='word_1_157' title='bbox 756 1442 809 1496; x_wconf 90' lang='lat' dir='ltr'><strong>per</strong></span> <span class='ocrx_word' id='word_1_158' title='bbox 875 1426 961 1495; x_wconf 89' lang='lat' dir='ltr'><strong>ciem,</strong></span> <span class='ocrx_word' id='word_1_159' title='bbox 977 1429 1128 1498; x_wconf 88' lang='lat' dir='ltr'><strong>unguenta</strong></span> <span class='ocrx_word' id='word_1_160' title='bbox 1142 1426 1180 1482; x_wconf 88' lang='lat' dir='ltr'><strong>ad</strong></span> <span class='ocrx_word' id='word_1_161' title='bbox 1197 1425 1329 1482; x_wconf 88' lang='lat' dir='ltr'><strong>odorem.</strong></span> <span class='ocrx_word' id='word_1_162' title='bbox 1346 1426 1473 1498; x_wconf 78' lang='lat' dir='ltr'><strong>Antiqua</strong></span> <span class='ocrx_word' id='word_1_163' title='bbox 1487 1426 1537 1480; x_wconf 88' lang='lat' dir='ltr'><strong>illa</strong></span> <span class='ocrx_word' id='word_1_164' title='bbox 1549 1427 1640 1481; x_wconf 86' lang='lat' dir='ltr'><strong>Maria</strong></span> <span class='ocrx_word' id='word_1_165' title='bbox 1655 1442 1711 1482; x_wconf 90' lang='lat' dir='ltr'><strong>uc·</strong></span> 
     </span>
     <span class='ocr_line' id='line_1_13' title="bbox 73 1512 1710 1587; baseline 0.004 -20"><span class='ocrx_word' id='word_1_166' title='bbox 73 1526 90 1567; x_wconf 89' lang='lat' dir='ltr'><strong>a</strong></span> <span class='ocrx_word' id='word_1_167' title='bbox 111 1515 216 1570; x_wconf 89' lang='lat' dir='ltr'><strong>tecum</strong></span> <span class='ocrx_word' id='word_1_168' title='bbox 228 1529 292 1568; x_wconf 90' lang='lat' dir='ltr'><strong>meo</strong></span> <span class='ocrx_word' id='word_1_169' title='bbox 310 1514 419 1587; x_wconf 86' lang='lat' dir='ltr'><strong>pariter</strong></span> <span class='ocrx_word' id='word_1_170' title='bbox 434 1516 463 1568; x_wconf 90' lang='lat' dir='ltr'><strong>et</strong></span> <span class='ocrx_word' id='word_1_171' title='bbox 478 1517 527 1570; x_wconf 91' lang='lat' dir='ltr'><strong>tuo</strong></span> <span class='ocrx_word' id='word_1_172' title='bbox 545 1514 634 1570; x_wconf 83' lang='lat' dir='ltr'><strong>exivi.</strong></span> <span class='ocrx_word' id='word_1_173' title='bbox 647 1515 712 1571; x_wconf 69' lang='lat' dir='ltr'><strong>lien</strong></span> <span class='ocrx_word' id='word_1_174' title='bbox 731 1512 809 1569; x_wconf 90' lang='lat' dir='ltr'><strong>divi·</strong></span> <span class='ocrx_word' id='word_1_175' title='bbox 874 1514 964 1570; x_wconf 86' lang='lat' dir='ltr'><strong>minis</strong></span> <span class='ocrx_word' id='word_1_176' title='bbox 974 1517 1096 1587; x_wconf 87' lang='lat' dir='ltr'><strong>tantum,</strong></span> <span class='ocrx_word' id='word_1_177' title='bbox 1109 1531 1167 1570; x_wconf 92' lang='lat' dir='ltr'><strong>non</strong></span> <span class='ocrx_word' id='word_1_178' title='bbox 1179 1515 1269 1586; x_wconf 88' lang='lat' dir='ltr'><strong>leprae</strong></span> <span class='ocrx_word' id='word_1_179' title='bbox 1284 1517 1313 1570; x_wconf 90' lang='lat' dir='ltr'><strong>te</strong></span> <span class='ocrx_word' id='word_1_180' title='bbox 1331 1515 1452 1587; x_wconf 84' lang='lat' dir='ltr'><strong>reliquit</strong></span> <span class='ocrx_word' id='word_1_181' title='bbox 1466 1514 1626 1583; x_wconf 75' lang='lat' dir='ltr'><strong>haeredem,</strong></span> <span class='ocrx_word' id='word_1_182' title='bbox 1644 1531 1710 1586; x_wconf 74' lang='lat' dir='ltr'><strong>quaa</strong></span> 
     </span>
     <span class='ocr_line' id='line_1_14' title="bbox 66 1601 1709 1676; baseline 0.002 -20"><span class='ocrx_word' id='word_1_183' title='bbox 66 1601 123 1657; x_wconf 82' lang='lat' dir='ltr'><strong>inei</strong></span> <span class='ocrx_word' id='word_1_184' title='bbox 139 1604 211 1671; x_wconf 87' lang='lat' dir='ltr'><strong>erat,</strong></span> <span class='ocrx_word' id='word_1_185' title='bbox 233 1605 261 1656; x_wconf 93' lang='lat' dir='ltr'><strong>et</strong></span> <span class='ocrx_word' id='word_1_186' title='bbox 281 1605 330 1659; x_wconf 90' lang='lat' dir='ltr'><strong>tua</strong></span> <span class='ocrx_word' id='word_1_187' title='bbox 341 1602 508 1659; x_wconf 88' lang='lat' dir='ltr'><strong>humanitas</strong></span> <span class='ocrx_word' id='word_1_188' title='bbox 524 1618 592 1657; x_wconf 88' lang='lat' dir='ltr'><strong>cera</strong></span> <span class='ocrx_word' id='word_1_189' title='bbox 610 1606 681 1673; x_wconf 89' lang='lat' dir='ltr'><strong>arat,</strong></span> <span class='ocrx_word' id='word_1_190' title='bbox 698 1607 726 1659; x_wconf 91' lang='lat' dir='ltr'><strong>ct</strong></span> <span class='ocrx_word' id='word_1_191' title='bbox 740 1604 808 1660; x_wconf 89' lang='lat' dir='ltr'><strong>inde</strong></span> <span class='ocrx_word' id='word_1_192' title='bbox 874 1619 930 1659; x_wconf 92' lang='lat' dir='ltr'><strong>nec</strong></span> <span class='ocrx_word' id='word_1_193' title='bbox 941 1603 1095 1673; x_wconf 86' lang='lat' dir='ltr'><strong>maculam,</strong></span> <span class='ocrx_word' id='word_1_194' title='bbox 1107 1619 1162 1659; x_wconf 88' lang='lat' dir='ltr'><strong>nec</strong></span> <span class='ocrx_word' id='word_1_195' title='bbox 1181 1619 1287 1676; x_wconf 86' lang='lat' dir='ltr'><strong>rugam</strong></span> <span class='ocrx_word' id='word_1_196' title='bbox 1298 1603 1437 1671; x_wconf 80' lang='lat' dir='ltr'><strong>habuisti,</strong></span> <span class='ocrx_word' id='word_1_197' title='bbox 1458 1619 1546 1675; x_wconf 89' lang='lat' dir='ltr'><strong>quum</strong></span> <span class='ocrx_word' id='word_1_198' title='bbox 1557 1605 1709 1676; x_wconf 88' lang='lat' dir='ltr'><strong>unguenta</strong></span> 
     </span>
     <span class='ocr_line' id='line_1_15' title="bbox 64 1689 1713 1766; baseline 0.001 -21"><span class='ocrx_word' id='word_1_199' title='bbox 64 1705 124 1749; x_wconf 79' lang='lat' dir='ltr'><strong>suni</strong></span> <span class='ocrx_word' id='word_1_200' title='bbox 139 1689 237 1746; x_wconf 82' lang='lat' dir='ltr'><strong>farum</strong></span> <span class='ocrx_word' id='word_1_201' title='bbox 252 1691 320 1758; x_wconf 84' lang='lat' dir='ltr'><strong>teci,</strong></span> <span class='ocrx_word' id='word_1_202' title='bbox 336 1694 365 1746; x_wconf 93' lang='lat' dir='ltr'><strong>et</strong></span> <span class='ocrx_word' id='word_1_203' title='bbox 383 1691 478 1748; x_wconf 88' lang='lat' dir='ltr'><strong>iactus</strong></span> <span class='ocrx_word' id='word_1_204' title='bbox 494 1708 571 1748; x_wconf 87' lang='lat' dir='ltr'><strong>sum.</strong></span> <span class='ocrx_word' id='word_1_205' title='bbox 590 1691 625 1747; x_wconf 83' lang='lat' dir='ltr'><strong>Et</strong></span> <span class='ocrx_word' id='word_1_206' title='bbox 638 1707 709 1747; x_wconf 88' lang='lat' dir='ltr'><strong>ecca</strong></span> <span class='ocrx_word' id='word_1_207' title='bbox 723 1691 810 1748; x_wconf 83' lang='lat' dir='ltr'><strong>sarus</strong></span> <span class='ocrx_word' id='word_1_208' title='bbox 875 1694 1026 1765; x_wconf 79' lang='lat' dir='ltr'><strong>tergerent</strong></span> <span class='ocrx_word' id='word_1_209' title='bbox 1042 1708 1048 1748; x_wconf 87' lang='lat'>:</span> <span class='ocrx_word' id='word_1_210' title='bbox 1066 1691 1120 1748; x_wconf 84' lang='lat' dir='ltr'><strong>sed</strong></span> <span class='ocrx_word' id='word_1_211' title='bbox 1135 1696 1286 1764; x_wconf 83' lang='lat' dir='ltr'><strong>unguenta</strong></span> <span class='ocrx_word' id='word_1_212' title='bbox 1299 1692 1457 1766; x_wconf 88' lang='lat' dir='ltr'><strong>accepisti,</strong></span> <span class='ocrx_word' id='word_1_213' title='bbox 1482 1694 1514 1749; x_wconf 89' lang='lat' dir='ltr'><strong>ut</strong></span> <span class='ocrx_word' id='word_1_214' title='bbox 1529 1693 1660 1763; x_wconf 87' lang='lat' dir='ltr'><strong>speciem</strong></span> <span class='ocrx_word' id='word_1_215' title='bbox 1683 1694 1713 1748; x_wconf 89' lang='lat' dir='ltr'><strong>at</strong></span> 
     </span>
     <span class='ocr_line' id='line_1_16' title="bbox 64 1779 1711 1854; baseline 0.002 -22"><span class='ocrx_word' id='word_1_216' title='bbox 64 1779 125 1833; x_wconf 87' lang='lat' dir='ltr'><strong>tans</strong></span> <span class='ocrx_word' id='word_1_217' title='bbox 140 1780 217 1835; x_wconf 82' lang='lat' dir='ltr'><strong>labia</strong></span> <span class='ocrx_word' id='word_1_218' title='bbox 229 1779 381 1846; x_wconf 85' lang='lat' dir='ltr'><strong>tua.Quod</strong></span> <span class='ocrx_word' id='word_1_219' title='bbox 395 1781 661 1851; x_wconf 90' lang='lat' dir='ltr'><strong>enimimpressum</strong></span> <span class='ocrx_word' id='word_1_220' title='bbox 673 1782 758 1837; x_wconf 88' lang='lat' dir='ltr'><strong>estin</strong></span> <span class='ocrx_word' id='word_1_221' title='bbox 769 1785 807 1852; x_wconf 91' lang='lat' dir='ltr'><strong>tc,</strong></span> <span class='ocrx_word' id='word_1_222' title='bbox 876 1781 1001 1839; x_wconf 79' lang='lat' dir='ltr'><strong>formam</strong></span> <span class='ocrx_word' id='word_1_223' title='bbox 1023 1785 1103 1836; x_wconf 89' lang='lat' dir='ltr'><strong>tuom</strong></span> <span class='ocrx_word' id='word_1_224' title='bbox 1128 1781 1242 1853; x_wconf 88' lang='lat' dir='ltr'><strong>gratius</strong></span> <span class='ocrx_word' id='word_1_225' title='bbox 1263 1782 1512 1850; x_wconf 84' lang='lat' dir='ltr'><strong>commendarent.</strong></span> <span class='ocrx_word' id='word_1_226' title='bbox 1536 1781 1616 1854; x_wconf 81' lang='lat' dir='ltr'><strong>Ergo</strong></span> <span class='ocrx_word' id='word_1_227' title='bbox 1636 1780 1711 1837; x_wconf 91' lang='lat' dir='ltr'><strong>odor</strong></span> 
     </span>
     <span class='ocr_line' id='line_1_17' title="bbox 64 1834 1711 1943; baseline 0.002 -21"><span class='ocrx_word' id='word_1_228' title='bbox 64 1871 161 1938; x_wconf 91' lang='lat' dir='ltr'><strong>uptum</strong></span> <span class='ocrx_word' id='word_1_229' title='bbox 175 1873 222 1924; x_wconf 91' lang='lat' dir='ltr'><strong>est</strong></span> <span class='ocrx_word' id='word_1_230' title='bbox 245 1870 280 1924; x_wconf 93' lang='lat' dir='ltr'><strong>de</strong></span> <span class='ocrx_word' id='word_1_231' title='bbox 296 1873 333 1939; x_wconf 91' lang='lat' dir='ltr'><strong>te,</strong></span> <span class='ocrx_word' id='word_1_232' title='bbox 351 1874 380 1925; x_wconf 91' lang='lat' dir='ltr'><strong>ot</strong></span> <span class='ocrx_word' id='word_1_233' title='bbox 394 1870 492 1941; x_wconf 88' lang='lat' dir='ltr'><strong>ipsum</strong></span> <span class='ocrx_word' id='word_1_234' title='bbox 507 1870 620 1926; x_wconf 86' lang='lat' dir='ltr'><strong>lactura</strong></span> <span class='ocrx_word' id='word_1_235' title='bbox 644 1874 690 1926; x_wconf 90' lang='lat' dir='ltr'><strong>cst</strong></span> <span class='ocrx_word' id='word_1_236' title='bbox 706 1834 850 1926; x_wconf 80' lang='lat' dir='ltr'><strong>dulce-B</strong></span> <span class='ocrx_word' id='word_1_237' title='bbox 877 1872 1095 1943; x_wconf 84' lang='lat' dir='ltr'><strong>unguentorum</strong></span> <span class='ocrx_word' id='word_1_238' title='bbox 1120 1873 1237 1928; x_wconf 88' lang='lat' dir='ltr'><strong>tuorum</strong></span> <span class='ocrx_word' id='word_1_239' title='bbox 1259 1886 1351 1942; x_wconf 87' lang='lat' dir='ltr'><strong>super</strong></span> <span class='ocrx_word' id='word_1_240' title='bbox 1373 1869 1471 1928; x_wconf 89' lang='lat' dir='ltr'><strong>omnia</strong></span> <span class='ocrx_word' id='word_1_241' title='bbox 1495 1872 1635 1925; x_wconf 87' lang='lat' dir='ltr'><strong>aromata.</strong></span> <span class='ocrx_word' id='word_1_242' title='bbox 1650 1869 1711 1925; x_wconf 86' lang='lat' dir='ltr'><strong>Alii</strong></span> 
     </span>
     <span class='ocr_line' id='line_1_18' title="bbox 63 1957 1710 2033; baseline 0 -21"><span class='ocrx_word' id='word_1_243' title='bbox 63 1957 181 2026; x_wconf 88' lang='lat' dir='ltr'><strong>plenum</strong></span> <span class='ocrx_word' id='word_1_244' title='bbox 200 1959 230 2013; x_wconf 92' lang='lat' dir='ltr'><strong>in</strong></span> <span class='ocrx_word' id='word_1_245' title='bbox 249 1974 307 2015; x_wconf 88' lang='lat' dir='ltr'><strong>me.</strong></span> <span class='ocrx_word' id='word_1_246' title='bbox 334 1959 421 2015; x_wconf 81' lang='lat' dir='ltr'><strong>htodc</strong></span> <span class='ocrx_word' id='word_1_247' title='bbox 441 1974 514 2031; x_wconf 93' lang='lat' dir='ltr'><strong>ergo</strong></span> <span class='ocrx_word' id='word_1_248' title='bbox 533 1975 600 2015; x_wconf 90' lang='lat' dir='ltr'><strong>sum</strong></span> <span class='ocrx_word' id='word_1_249' title='bbox 619 1961 699 2032; x_wconf 87' lang='lat' dir='ltr'><strong>quod</strong></span> <span class='ocrx_word' id='word_1_250' title='bbox 724 1976 807 2032; x_wconf 89' lang='lat' dir='ltr'><strong>sum,</strong></span> <span class='ocrx_word' id='word_1_251' title='bbox 877 1962 1050 2033; x_wconf 88' lang='lat' dir='ltr'><strong>unguuntur</strong></span> <span class='ocrx_word' id='word_1_252' title='bbox 1059 1960 1096 2015; x_wconf 89' lang='lat' dir='ltr'><strong>ad</strong></span> <span class='ocrx_word' id='word_1_253' title='bbox 1116 1960 1306 2026; x_wconf 84' lang='lat' dir='ltr'><strong>curationem,</strong></span> <span class='ocrx_word' id='word_1_254' title='bbox 1323 1959 1373 2015; x_wconf 89' lang='lat' dir='ltr'><strong>ulii</strong></span> <span class='ocrx_word' id='word_1_255' title='bbox 1387 1960 1560 2031; x_wconf 86' lang='lat' dir='ltr'><strong>unguuntur</strong></span> <span class='ocrx_word' id='word_1_256' title='bbox 1569 1957 1607 2013; x_wconf 92' lang='lat' dir='ltr'><strong>ad</strong></span> <span class='ocrx_word' id='word_1_257' title='bbox 1615 1957 1710 2013; x_wconf 86' lang='lat' dir='ltr'><strong>stabi·</strong></span> 
     </span>
     <span class='ocr_line' id='line_1_19' title="bbox 63 2045 1707 2123; baseline -0.001 -22"><span class='ocrx_word' id='word_1_258' title='bbox 63 2062 105 2100; x_wconf 84' lang='lat' dir='ltr'><strong>rm</strong></span> <span class='ocrx_word' id='word_1_259' title='bbox 136 2047 216 2119; x_wconf 89' lang='lat' dir='ltr'><strong>quod</strong></span> <span class='ocrx_word' id='word_1_260' title='bbox 247 2047 344 2103; x_wconf 84' lang='lat' dir='ltr'><strong>factus</strong></span> <span class='ocrx_word' id='word_1_261' title='bbox 377 2064 454 2104; x_wconf 84' lang='lat' dir='ltr'><strong>aum.</strong></span> <span class='ocrx_word' id='word_1_262' title='bbox 484 2047 568 2114; x_wconf 84' lang='lat' dir='ltr'><strong>Quod</strong></span> <span class='ocrx_word' id='word_1_263' title='bbox 594 2049 692 2105; x_wconf 85' lang='lat' dir='ltr'><strong>iactus</strong></span> <span class='ocrx_word' id='word_1_264' title='bbox 721 2065 808 2123; x_wconf 84' lang='lat' dir='ltr'><strong>sum,</strong></span> <span class='ocrx_word' id='word_1_265' title='bbox 875 2048 997 2119; x_wconf 89' lang='lat' dir='ltr'><strong>litatem,</strong></span> <span class='ocrx_word' id='word_1_266' title='bbox 1006 2050 1267 2122; x_wconf 89' lang='lat' dir='ltr'><strong>omuesunguenta</strong></span> <span class='ocrx_word' id='word_1_267' title='bbox 1276 2045 1707 2117; x_wconf 88' lang='lat' dir='ltr'><strong>adnecessitotamaccipimus.</strong></span> 
     </span>
     <span class='ocr_line' id='line_1_20' title="bbox 74 2135 1710 2210; baseline 0 -20"><span class='ocrx_word' id='word_1_268' title='bbox 74 2150 159 2190; x_wconf 90' lang='lat' dir='ltr'><strong>sum:</strong></span> <span class='ocrx_word' id='word_1_269' title='bbox 180 2137 259 2207; x_wconf 87' lang='lat' dir='ltr'><strong>quod</strong></span> <span class='ocrx_word' id='word_1_270' title='bbox 273 2142 372 2192; x_wconf 90' lang='lat' dir='ltr'><strong>autom</strong></span> <span class='ocrx_word' id='word_1_271' title='bbox 388 2152 465 2206; x_wconf 91' lang='lat' dir='ltr'><strong>sum,</strong></span> <span class='ocrx_word' id='word_1_272' title='bbox 485 2153 604 2210; x_wconf 90' lang='lat' dir='ltr'><strong>semper</strong></span> <span class='ocrx_word' id='word_1_273' title='bbox 619 2155 697 2206; x_wconf 85' lang='lat' dir='ltr'><strong>sum,</strong></span> <span class='ocrx_word' id='word_1_274' title='bbox 713 2142 810 2195; x_wconf 88' lang='lat' dir='ltr'><strong>tamon</strong></span> <span class='ocrx_word' id='word_1_275' title='bbox 875 2137 929 2207; x_wconf 88' lang='lat' dir='ltr'><strong>Tu,</strong></span> <span class='ocrx_word' id='word_1_276' title='bbox 942 2137 1001 2193; x_wconf 86' lang='lat' dir='ltr'><strong>lilia</strong></span> <span class='ocrx_word' id='word_1_277' title='bbox 1012 2137 1146 2208; x_wconf 86' lang='lat' dir='ltr'><strong>delicata,</strong></span> <span class='ocrx_word' id='word_1_278' title='bbox 1165 2139 1194 2194; x_wconf 92' lang='lat' dir='ltr'><strong>et</strong></span> <span class='ocrx_word' id='word_1_279' title='bbox 1210 2137 1290 2194; x_wconf 89' lang='lat' dir='ltr'><strong>omni</strong></span> <span class='ocrx_word' id='word_1_280' title='bbox 1303 2137 1397 2209; x_wconf 87' lang='lat' dir='ltr'><strong>gratia</strong></span> <span class='ocrx_word' id='word_1_281' title='bbox 1416 2136 1513 2208; x_wconf 87' lang='lat' dir='ltr'><strong>plena,</strong></span> <span class='ocrx_word' id='word_1_282' title='bbox 1532 2135 1710 2190; x_wconf 79' lang='lat' dir='ltr'><strong>charissima</strong></span> 
     </span>
     <span class='ocr_line' id='line_1_21' title="bbox 64 2222 1724 2300; baseline 0 -21"><span class='ocrx_word' id='word_1_283' title='bbox 64 2239 132 2296; x_wconf 81' lang='lat' dir='ltr'><strong>iqua</strong></span> <span class='ocrx_word' id='word_1_284' title='bbox 148 2239 219 2281; x_wconf 84' lang='lat' dir='ltr'><strong>vere</strong></span> <span class='ocrx_word' id='word_1_285' title='bbox 237 2241 315 2296; x_wconf 89' lang='lat' dir='ltr'><strong>sum,</strong></span> <span class='ocrx_word' id='word_1_286' title='bbox 334 2230 363 2282; x_wconf 93' lang='lat' dir='ltr'><strong>et</strong></span> <span class='ocrx_word' id='word_1_287' title='bbox 378 2227 457 2298; x_wconf 87' lang='lat' dir='ltr'><strong>quod</strong></span> <span class='ocrx_word' id='word_1_288' title='bbox 474 2226 569 2284; x_wconf 82' lang='lat' dir='ltr'><strong>factus</strong></span> <span class='ocrx_word' id='word_1_289' title='bbox 584 2244 662 2297; x_wconf 90' lang='lat' dir='ltr'><strong>sum,</strong></span> <span class='ocrx_word' id='word_1_290' title='bbox 679 2230 707 2284; x_wconf 91' lang='lat' dir='ltr'><strong>et</strong></span> <span class='ocrx_word' id='word_1_291' title='bbox 731 2229 810 2300; x_wconf 85' lang='lat' dir='ltr'><strong>quod</strong></span> <span class='ocrx_word' id='word_1_292' title='bbox 875 2226 906 2281; x_wconf 91' lang='lat' dir='ltr'><strong>in</strong></span> <span class='ocrx_word' id='word_1_293' title='bbox 921 2227 1037 2283; x_wconf 87' lang='lat' dir='ltr'><strong>deliciis</strong></span> <span class='ocrx_word' id='word_1_294' title='bbox 1054 2227 1112 2281; x_wconf 91' lang='lat' dir='ltr'><strong>tuis</strong></span> <span class='ocrx_word' id='word_1_295' title='bbox 1127 2229 1216 2282; x_wconf 90' lang='lat' dir='ltr'><strong>uncta</strong></span> <span class='ocrx_word' id='word_1_296' title='bbox 1234 2241 1269 2281; x_wconf 85' lang='lat' dir='ltr'><strong>es</strong></span> <span class='ocrx_word' id='word_1_297' title='bbox 1281 2226 1319 2282; x_wconf 86' lang='lat' dir='ltr'><strong>ad</strong></span> <span class='ocrx_word' id='word_1_298' title='bbox 1337 2225 1462 2298; x_wconf 89' lang='lat' dir='ltr'><strong>gloriam</strong></span> <span class='ocrx_word' id='word_1_299' title='bbox 1477 2224 1596 2281; x_wconf 90' lang='lat' dir='ltr'><strong>decoris</strong></span> <span class='ocrx_word' id='word_1_300' title='bbox 1612 2222 1665 2293; x_wconf 90' lang='lat' dir='ltr'><strong>tui,</strong></span> <span class='ocrx_word' id='word_1_301' title='bbox 1681 2225 1724 2286; x_wconf 86' lang='lat' dir='ltr'><strong>at¹</strong></span> 
     </span>
     <span class='ocr_line' id='line_1_22' title="bbox 74 2314 1711 2388; baseline -0.001 -20"><span class='ocrx_word' id='word_1_302' title='bbox 74 2315 197 2371; x_wconf 88' lang='lat' dir='ltr'><strong>alterum</strong></span> <span class='ocrx_word' id='word_1_303' title='bbox 212 2329 250 2371; x_wconf 84' lang='lat' dir='ltr'><strong>ex</strong></span> <span class='ocrx_word' id='word_1_304' title='bbox 266 2318 304 2385; x_wconf 89' lang='lat' dir='ltr'><strong>te,</strong></span> <span class='ocrx_word' id='word_1_305' title='bbox 321 2315 445 2373; x_wconf 85' lang='lat' dir='ltr'><strong>alterurn</strong></span> <span class='ocrx_word' id='word_1_306' title='bbox 460 2319 526 2371; x_wconf 88' lang='lat' dir='ltr'><strong>ante</strong></span> <span class='ocrx_word' id='word_1_307' title='bbox 540 2319 579 2373; x_wconf 91' lang='lat' dir='ltr'><strong>ta.</strong></span> <span class='ocrx_word' id='word_1_308' title='bbox 596 2316 698 2373; x_wconf 82' lang='lat' dir='ltr'><strong>Ferus</strong></span> <span class='ocrx_word' id='word_1_309' title='bbox 711 2315 809 2373; x_wconf 91' lang='lat' dir='ltr'><strong>distil·</strong></span> <span class='ocrx_word' id='word_1_310' title='bbox 874 2315 1040 2388; x_wconf 85' lang='lat' dir='ltr'><strong>insignum</strong></span> <span class='ocrx_word' id='word_1_311' title='bbox 1056 2315 1234 2371; x_wconf 84' lang='lat' dir='ltr'><strong>dilectionis.</strong></span> <span class='ocrx_word' id='word_1_312' title='bbox 1251 2314 1379 2371; x_wconf 91' lang='lat' dir='ltr'><strong>Unctum</strong></span> <span class='ocrx_word' id='word_1_313' title='bbox 1393 2314 1533 2385; x_wconf 87' lang='lat' dir='ltr'><strong>paritura,</strong></span> <span class='ocrx_word' id='word_1_314' title='bbox 1550 2316 1579 2369; x_wconf 92' lang='lat' dir='ltr'><strong>et</strong></span> <span class='ocrx_word' id='word_1_315' title='bbox 1596 2315 1627 2369; x_wconf 91' lang='lat' dir='ltr'><strong>tu</strong></span> <span class='ocrx_word' id='word_1_316' title='bbox 1641 2327 1711 2384; x_wconf 91' lang='lat' dir='ltr'><strong>quo·</strong></span> 
     </span>
     <span class='ocr_line' id='line_1_23' title="bbox 64 2402 1706 2478; baseline -0.001 -20"><span class='ocrx_word' id='word_1_317' title='bbox 64 2402 145 2459; x_wconf 81' lang='lat' dir='ltr'><strong>labia</strong></span> <span class='ocrx_word' id='word_1_318' title='bbox 169 2411 229 2460; x_wconf 88' lang='lat' dir='ltr'><strong>tna.</strong></span> <span class='ocrx_word' id='word_1_319' title='bbox 253 2403 379 2477; x_wconf 88' lang='lat' dir='ltr'><strong>Oquam</strong></span> <span class='ocrx_word' id='word_1_320' title='bbox 393 2404 490 2461; x_wconf 89' lang='lat' dir='ltr'><strong>dulcis</strong></span> <span class='ocrx_word' id='word_1_321' title='bbox 504 2408 533 2460; x_wconf 91' lang='lat' dir='ltr'><strong>et</strong></span> <span class='ocrx_word' id='word_1_322' title='bbox 553 2405 655 2461; x_wconf 86' lang='lat' dir='ltr'><strong>suavis</strong></span> <span class='ocrx_word' id='word_1_323' title='bbox 670 2407 726 2462; x_wconf 80' lang='lat' dir='ltr'><strong>es?</strong></span> <span class='ocrx_word' id='word_1_324' title='bbox 742 2421 808 2478; x_wconf 80' lang='lat' dir='ltr'><strong>quta</strong></span> <span class='ocrx_word' id='word_1_325' title='bbox 875 2421 932 2478; x_wconf 89' lang='lat' dir='ltr'><strong>que</strong></span> <span class='ocrx_word' id='word_1_326' title='bbox 948 2407 1035 2461; x_wconf 87' lang='lat' dir='ltr'><strong>uncta</strong></span> <span class='ocrx_word' id='word_1_327' title='bbox 1050 2419 1093 2473; x_wconf 88' lang='lat' dir='ltr'><strong>es,</strong></span> <span class='ocrx_word' id='word_1_328' title='bbox 1110 2408 1140 2461; x_wconf 91' lang='lat' dir='ltr'><strong>ut</strong></span> <span class='ocrx_word' id='word_1_329' title='bbox 1154 2404 1252 2476; x_wconf 88' lang='lat' dir='ltr'><strong>ipsum</strong></span> <span class='ocrx_word' id='word_1_330' title='bbox 1267 2404 1297 2460; x_wconf 90' lang='lat' dir='ltr'><strong>iu</strong></span> <span class='ocrx_word' id='word_1_331' title='bbox 1312 2406 1339 2459; x_wconf 89' lang='lat' dir='ltr'><strong>ta</strong></span> <span class='ocrx_word' id='word_1_332' title='bbox 1355 2405 1538 2477; x_wconf 90' lang='lat' dir='ltr'><strong>unguentum</strong></span> <span class='ocrx_word' id='word_1_333' title='bbox 1553 2402 1636 2473; x_wconf 91' lang='lat' dir='ltr'><strong>prius</strong></span> <span class='ocrx_word' id='word_1_334' title='bbox 1652 2415 1706 2466; x_wconf 84' lang='lat' dir='ltr'><strong>ex-</strong></span> 
     </span>
     <span class='ocr_line' id='line_1_24' title="bbox 64 2484 1705 2567; baseline -0.001 -19"><span class='ocrx_word' id='word_1_335' title='bbox 64 2492 146 2565; x_wconf 88' lang='lat' dir='ltr'><strong>ligna</strong></span> <span class='ocrx_word' id='word_1_336' title='bbox 167 2509 245 2563; x_wconf 88' lang='lat' dir='ltr'><strong>eras,</strong></span> <span class='ocrx_word' id='word_1_337' title='bbox 269 2496 301 2550; x_wconf 89' lang='lat' dir='ltr'><strong>ut</strong></span> <span class='ocrx_word' id='word_1_338' title='bbox 315 2484 453 2554; x_wconf 67' lang='lat' dir='ltr'><strong>sun&#39;eruoe</strong></span> <span class='ocrx_word' id='word_1_339' title='bbox 478 2493 644 2550; x_wconf 81' lang='lat' dir='ltr'><strong>dulcedinis</strong></span> <span class='ocrx_word' id='word_1_340' title='bbox 660 2494 807 2565; x_wconf 89' lang='lat' dir='ltr'><strong>osculum,</strong></span> <span class='ocrx_word' id='word_1_341' title='bbox 876 2494 1016 2551; x_wconf 83' lang='lat' dir='ltr'><strong>callenter</strong></span> <span class='ocrx_word' id='word_1_342' title='bbox 1029 2492 1201 2562; x_wconf 76' lang='lat' dir='ltr'><strong>effunderet,</strong></span> <span class='ocrx_word' id='word_1_343' title='bbox 1217 2493 1296 2567; x_wconf 88' lang='lat' dir='ltr'><strong>quod</strong></span> <span class='ocrx_word' id='word_1_344' title='bbox 1310 2493 1497 2565; x_wconf 90' lang='lat' dir='ltr'><strong>postmodum</strong></span> <span class='ocrx_word' id='word_1_345' title='bbox 1506 2493 1537 2547; x_wconf 93' lang='lat' dir='ltr'><strong>iu</strong></span> <span class='ocrx_word' id='word_1_346' title='bbox 1545 2493 1628 2548; x_wconf 89' lang='lat' dir='ltr'><strong>utero</strong></span> <span class='ocrx_word' id='word_1_347' title='bbox 1639 2496 1705 2561; x_wconf 89' lang='lat' dir='ltr'><strong>tuo,</strong></span> 
     </span>
     <span class='ocr_line' id='line_1_25' title="bbox 64 2583 1706 2657; baseline 0 -21"><span class='ocrx_word' id='word_1_348' title='bbox 64 2587 233 2655; x_wconf 66' lang='lat' dir='ltr'><strong>»conceptu</strong></span> <span class='ocrx_word' id='word_1_349' title='bbox 248 2583 430 2655; x_wconf 87' lang='lat' dir='ltr'><strong>susciperes,</strong></span> <span class='ocrx_word' id='word_1_350' title='bbox 448 2586 476 2638; x_wconf 91' lang='lat' dir='ltr'><strong>et</strong></span> <span class='ocrx_word' id='word_1_351' title='bbox 490 2583 580 2639; x_wconf 88' lang='lat' dir='ltr'><strong>totius</strong></span> <span class='ocrx_word' id='word_1_352' title='bbox 594 2583 694 2640; x_wconf 90' lang='lat' dir='ltr'><strong>mundi</strong></span> <span class='ocrx_word' id='word_1_353' title='bbox 710 2584 808 2639; x_wconf 86' lang='lat' dir='ltr'><strong>suavi·</strong></span> <span class='ocrx_word' id='word_1_354' title='bbox 874 2583 1067 2657; x_wconf 86' lang='lat' dir='ltr'><strong>singulariter</strong></span> <span class='ocrx_word' id='word_1_355' title='bbox 1087 2584 1244 2656; x_wconf 88' lang='lat' dir='ltr'><strong>acciperet.</strong></span> <span class='ocrx_word' id='word_1_356' title='bbox 1268 2583 1336 2654; x_wconf 90' lang='lat' dir='ltr'><strong>lpse</strong></span> <span class='ocrx_word' id='word_1_357' title='bbox 1359 2583 1445 2640; x_wconf 86' lang='lat' dir='ltr'><strong>etiam</strong></span> <span class='ocrx_word' id='word_1_358' title='bbox 1469 2597 1559 2654; x_wconf 86' lang='lat' dir='ltr'><strong>supra</strong></span> <span class='ocrx_word' id='word_1_359' title='bbox 1581 2583 1620 2650; x_wconf 90' lang='lat' dir='ltr'><strong>te,</strong></span> <span class='ocrx_word' id='word_1_360' title='bbox 1644 2595 1706 2652; x_wconf 82' lang='lat' dir='ltr'><strong>praa</strong></span> 
     </span>
     <span class='ocr_line' id='line_1_26' title="bbox 79 2669 1706 2746; baseline -0.002 -19"><span class='ocrx_word' id='word_1_361' title='bbox 79 2673 109 2727; x_wconf 92' lang='lat' dir='ltr'><strong>in</strong></span> <span class='ocrx_word' id='word_1_362' title='bbox 125 2677 209 2743; x_wconf 89' lang='lat' dir='ltr'><strong>partu</strong></span> <span class='ocrx_word' id='word_1_363' title='bbox 225 2673 365 2729; x_wconf 86' lang='lat' dir='ltr'><strong>stillares.</strong></span> <span class='ocrx_word' id='word_1_364' title='bbox 875 2674 990 2729; x_wconf 88' lang='lat' dir='ltr'><strong>cunctis</strong></span> <span class='ocrx_word' id='word_1_365' title='bbox 1014 2672 1207 2746; x_wconf 87' lang='lat' dir='ltr'><strong>participibus</strong></span> <span class='ocrx_word' id='word_1_366' title='bbox 1238 2672 1304 2728; x_wconf 90' lang='lat' dir='ltr'><strong>suis</strong></span> <span class='ocrx_word' id='word_1_367' title='bbox 1334 2671 1447 2743; x_wconf 89' lang='lat' dir='ltr'><strong>accepit</strong></span> <span class='ocrx_word' id='word_1_368' title='bbox 1476 2669 1706 2742; x_wconf 89' lang='lat' dir='ltr'><strong>plenitudinem,</strong></span> 
     </span>
     <span class='ocr_line' id='line_1_27' title="bbox 64 2758 1709 2837; baseline -0.001 -22"><span class='ocrx_word' id='word_1_369' title='bbox 64 2777 113 2816; x_wconf 85' lang='lat' dir='ltr'><strong>rus</strong></span> <span class='ocrx_word' id='word_1_370' title='bbox 128 2760 280 2817; x_wconf 88' lang='lat' dir='ltr'><strong>distillans</strong></span> <span class='ocrx_word' id='word_1_371' title='bbox 295 2761 375 2831; x_wconf 84' lang='lat' dir='ltr'><strong>labin</strong></span> <span class='ocrx_word' id='word_1_372' title='bbox 391 2767 450 2832; x_wconf 84' lang='lat' dir='ltr'><strong>tua,</strong></span> <span class='ocrx_word' id='word_1_373' title='bbox 467 2762 528 2818; x_wconf 87' lang='lat' dir='ltr'><strong>mci</strong></span> <span class='ocrx_word' id='word_1_374' title='bbox 540 2769 569 2818; x_wconf 92' lang='lat' dir='ltr'><strong>ot</strong></span> <span class='ocrx_word' id='word_1_375' title='bbox 583 2761 630 2818; x_wconf 88' lang='lat' dir='ltr'><strong>lac</strong></span> <span class='ocrx_word' id='word_1_376' title='bbox 645 2758 809 2837; x_wconf 81' lang='lat' dir='ltr'><strong>sublingua</strong></span> <span class='ocrx_word' id='word_1_377' title='bbox 873 2767 905 2818; x_wconf 90' lang='lat' dir='ltr'><strong>tu</strong></span> <span class='ocrx_word' id='word_1_378' title='bbox 919 2764 988 2834; x_wconf 88' lang='lat' dir='ltr'><strong>post</strong></span> <span class='ocrx_word' id='word_1_379' title='bbox 1002 2762 1101 2833; x_wconf 89' lang='lat' dir='ltr'><strong>ipsum</strong></span> <span class='ocrx_word' id='word_1_380' title='bbox 1121 2779 1183 2834; x_wconf 78' lang='lat' dir='ltr'><strong>praa</strong></span> <span class='ocrx_word' id='word_1_381' title='bbox 1208 2761 1323 2817; x_wconf 88' lang='lat' dir='ltr'><strong>cunctis</strong></span> <span class='ocrx_word' id='word_1_382' title='bbox 1338 2760 1524 2817; x_wconf 86' lang='lat' dir='ltr'><strong>suavitatem.</strong></span> <span class='ocrx_word' id='word_1_383' title='bbox 1548 2760 1709 2828; x_wconf 85' lang='lat' dir='ltr'><strong>Propterea</strong></span> 
     </span>
     <span class='ocr_line' id='line_1_28' title="bbox 64 2848 1708 2924; baseline -0.001 -19"><span class='ocrx_word' id='word_1_384' title='bbox 64 2848 132 2916; x_wconf 65' lang='lat' dir='ltr'><strong>Quin</strong></span> <span class='ocrx_word' id='word_1_385' title='bbox 153 2854 200 2906; x_wconf 92' lang='lat' dir='ltr'><strong>est</strong></span> <span class='ocrx_word' id='word_1_386' title='bbox 219 2851 279 2906; x_wconf 86' lang='lat' dir='ltr'><strong>mel</strong></span> <span class='ocrx_word' id='word_1_387' title='bbox 292 2858 321 2907; x_wconf 89' lang='lat' dir='ltr'><strong>ct</strong></span> <span class='ocrx_word' id='word_1_388' title='bbox 335 2851 380 2907; x_wconf 90' lang='lat' dir='ltr'><strong>lac</strong></span> <span class='ocrx_word' id='word_1_389' title='bbox 395 2852 450 2907; x_wconf 86' lang='lat' dir='ltr'><strong>snb</strong></span> <span class='ocrx_word' id='word_1_390' title='bbox 465 2851 565 2924; x_wconf 76' lang='lat' dir='ltr'><strong>lingua</strong></span> <span class='ocrx_word' id='word_1_391' title='bbox 583 2852 655 2909; x_wconf 83' lang='lat' dir='ltr'><strong>tna?</strong></span> <span class='ocrx_word' id='word_1_392' title='bbox 678 2852 742 2908; x_wconf 85' lang='lat' dir='ltr'><strong>Hoc</strong></span> <span class='ocrx_word' id='word_1_393' title='bbox 764 2853 810 2907; x_wconf 90' lang='lat' dir='ltr'><strong>est</strong></span> <span class='ocrx_word' id='word_1_394' title='bbox 874 2851 966 2922; x_wconf 86' lang='lat' dir='ltr'><strong>igitur</strong></span> <span class='ocrx_word' id='word_1_395' title='bbox 979 2850 1053 2906; x_wconf 88' lang='lat' dir='ltr'><strong>odor</strong></span> <span class='ocrx_word' id='word_1_396' title='bbox 1067 2853 1285 2923; x_wconf 79' lang='lat' dir='ltr'><strong>unguentorum</strong></span> <span class='ocrx_word' id='word_1_397' title='bbox 1300 2851 1517 2920; x_wconf 73' lang='lat' dir='ltr'><strong>tucrumsupor</strong></span> <span class='ocrx_word' id='word_1_398' title='bbox 1532 2849 1630 2904; x_wconf 89' lang='lat' dir='ltr'><strong>omnio</strong></span> <span class='ocrx_word' id='word_1_399' title='bbox 1644 2862 1708 2912; x_wconf 62' lang='lat' dir='ltr'><strong>aro,-</strong></span> 
     </span>
     <span class='ocr_line' id='line_1_29' title="bbox 64 2939 961 3014; baseline 0.002 -19"><span class='ocrx_word' id='word_1_400' title='bbox 64 2955 107 2995; x_wconf 85' lang='lat' dir='ltr'><strong>un</strong></span> <span class='ocrx_word' id='word_1_401' title='bbox 124 2940 221 2995; x_wconf 88' lang='lat' dir='ltr'><strong>Patris</strong></span> <span class='ocrx_word' id='word_1_402' title='bbox 233 2940 289 2997; x_wconf 87' lang='lat' dir='ltr'><strong>sub</strong></span> <span class='ocrx_word' id='word_1_403' title='bbox 309 2956 397 2996; x_wconf 89' lang='lat' dir='ltr'><strong>carue</strong></span> <span class='ocrx_word' id='word_1_404' title='bbox 408 2944 467 3000; x_wconf 88' lang='lat' dir='ltr'><strong>tua.</strong></span> <span class='ocrx_word' id='word_1_405' title='bbox 479 2939 576 3007; x_wconf 89' lang='lat' dir='ltr'><strong>Quare</strong></span> <span class='ocrx_word' id='word_1_406' title='bbox 593 2955 667 3014; x_wconf 91' lang='lat' dir='ltr'><strong>ergo</strong></span> <span class='ocrx_word' id='word_1_407' title='bbox 678 2941 733 2996; x_wconf 86' lang='lat' dir='ltr'><strong>suh</strong></span> <span class='ocrx_word' id='word_1_408' title='bbox 748 2939 809 2995; x_wconf 90' lang='lat' dir='ltr'><strong>lin·</strong></span> <span class='ocrx_word' id='word_1_409' title='bbox 874 2943 961 2997; x_wconf 75' lang='lat' dir='ltr'><strong>mata</strong></span> 
     </span>
     <span class='ocr_line' id='line_1_30' title="bbox 64 3025 1705 3102; baseline -0.002 -19"><span class='ocrx_word' id='word_1_410' title='bbox 64 3030 116 3084; x_wconf 75' lang='lat' dir='ltr'><strong>nui</strong></span> <span class='ocrx_word' id='word_1_411' title='bbox 132 3027 205 3094; x_wconf 86' lang='lat' dir='ltr'><strong>Quia</strong></span> <span class='ocrx_word' id='word_1_412' title='bbox 214 3029 355 3099; x_wconf 87' lang='lat' dir='ltr'><strong>Verbum,</strong></span> <span class='ocrx_word' id='word_1_413' title='bbox 374 3031 439 3086; x_wconf 91' lang='lat' dir='ltr'><strong>idac</strong></span> <span class='ocrx_word' id='word_1_414' title='bbox 451 3029 628 3102; x_wconf 88' lang='lat' dir='ltr'><strong>sublingua.</strong></span> <span class='ocrx_word' id='word_1_415' title='bbox 645 3028 750 3087; x_wconf 82' lang='lat' dir='ltr'><strong>Melet</strong></span> <span class='ocrx_word' id='word_1_416' title='bbox 763 3028 809 3085; x_wconf 90' lang='lat' dir='ltr'><strong>lac</strong></span> <span class='ocrx_word' id='word_1_417' title='bbox 910 3030 975 3085; x_wconf 86' lang='lat' dir='ltr'><strong>dam</strong></span> <span class='ocrx_word' id='word_1_418' title='bbox 991 3030 1068 3087; x_wconf 87' lang='lat' dir='ltr'><strong>enim</strong></span> <span class='ocrx_word' id='word_1_419' title='bbox 1080 3029 1168 3085; x_wconf 85' lang='lat' dir='ltr'><strong>hiens</strong></span> <span class='ocrx_word' id='word_1_420' title='bbox 1186 3029 1318 3098; x_wconf 87' lang='lat' dir='ltr'><strong>transiit,</strong></span> <span class='ocrx_word' id='word_1_421' title='bbox 1330 3027 1429 3084; x_wconf 84' lang='lat' dir='ltr'><strong>imber</strong></span> <span class='ocrx_word' id='word_1_422' title='bbox 1440 3027 1515 3083; x_wconf 85' lang='lat' dir='ltr'><strong>abiit</strong></span> <span class='ocrx_word' id='word_1_423' title='bbox 1526 3032 1555 3082; x_wconf 88' lang='lat' dir='ltr'><strong>et</strong></span> <span class='ocrx_word' id='word_1_424' title='bbox 1565 3025 1705 3082; x_wconf 83' lang='lat' dir='ltr'><strong>recessit.</strong></span> 
     </span>
     <span class='ocr_line' id='line_1_31' title="bbox 63 3115 1709 3214; baseline -0.001 -43"><span class='ocrx_word' id='word_1_425' title='bbox 63 3133 139 3189; x_wconf 82' lang='lat' dir='ltr'><strong>agna</strong></span> <span class='ocrx_word' id='word_1_426' title='bbox 151 3124 208 3173; x_wconf 86' lang='lat' dir='ltr'><strong>tna.</strong></span> <span class='ocrx_word' id='word_1_427' title='bbox 219 3119 286 3174; x_wconf 88' lang='lat' dir='ltr'><strong>Nou</strong></span> <span class='ocrx_word' id='word_1_428' title='bbox 301 3120 540 3191; x_wconf 88' lang='lat' dir='ltr'><strong>supralinguam,</strong></span> <span class='ocrx_word' id='word_1_429' title='bbox 558 3118 612 3174; x_wconf 90' lang='lat' dir='ltr'><strong>sed</strong></span> <span class='ocrx_word' id='word_1_430' title='bbox 626 3118 805 3191; x_wconf 88' lang='lat' dir='ltr'><strong>sublingua,</strong></span> <span class='ocrx_word' id='word_1_431' title='bbox 825 3151 850 3214; x_wconf 72' lang='lat' dir='ltr'><strong>c</strong></span> <span class='ocrx_word' id='word_1_432' title='bbox 875 3119 983 3176; x_wconf 82' lang='lat' dir='ltr'><strong>Floras</strong></span> <span class='ocrx_word' id='word_1_433' title='bbox 994 3123 1192 3191; x_wconf 88' lang='lat' dir='ltr'><strong>apparuerunt</strong></span> <span class='ocrx_word' id='word_1_434' title='bbox 1203 3118 1326 3173; x_wconf 89' lang='lat' dir='ltr'><strong>interra</strong></span> <span class='ocrx_word' id='word_1_435' title='bbox 1338 3122 1450 3186; x_wconf 88' lang='lat' dir='ltr'><strong>nostra,</strong></span> <span class='ocrx_word' id='word_1_436' title='bbox 1463 3116 1557 3172; x_wconf 83' lang='lat' dir='ltr'><strong>rineae</strong></span> <span class='ocrx_word' id='word_1_437' title='bbox 1563 3115 1709 3172; x_wconf 86' lang='lat' dir='ltr'><strong>llorentes</strong></span> 
     </span>
     <span class='ocr_line' id='line_1_32' title="bbox 64 3204 1720 3277; baseline 0.001 -19"><span class='ocrx_word' id='word_1_438' title='bbox 64 3205 189 3262; x_wconf 86' lang='lat' dir='ltr'><strong>Verbum</strong></span> <span class='ocrx_word' id='word_1_439' title='bbox 204 3207 410 3264; x_wconf 88' lang='lat' dir='ltr'><strong>absconditum</strong></span> <span class='ocrx_word' id='word_1_440' title='bbox 425 3211 480 3277; x_wconf 90' lang='lat' dir='ltr'><strong>est,</strong></span> <span class='ocrx_word' id='word_1_441' title='bbox 501 3211 530 3263; x_wconf 93' lang='lat' dir='ltr'><strong>et</strong></span> <span class='ocrx_word' id='word_1_442' title='bbox 552 3208 619 3263; x_wconf 89' lang='lat' dir='ltr'><strong>idac</strong></span> <span class='ocrx_word' id='word_1_443' title='bbox 638 3207 695 3263; x_wconf 90' lang='lat' dir='ltr'><strong>mel</strong></span> <span class='ocrx_word' id='word_1_444' title='bbox 716 3208 745 3262; x_wconf 93' lang='lat' dir='ltr'><strong>et</strong></span> <span class='ocrx_word' id='word_1_445' title='bbox 760 3207 806 3262; x_wconf 90' lang='lat' dir='ltr'><strong>lac</strong></span> <span class='ocrx_word' id='word_1_446' title='bbox 876 3209 1163 3277; x_wconf 87' lang='lat' dir='ltr'><strong>odoremdedernnt,</strong></span> <span class='ocrx_word' id='word_1_447' title='bbox 1182 3213 1211 3263; x_wconf 90' lang='lat' dir='ltr'><strong>et</strong></span> <span class='ocrx_word' id='word_1_448' title='bbox 1221 3205 1518 3262; x_wconf 79' lang='lat' dir='ltr'><strong>rorturturiscndita</strong></span> <span class='ocrx_word' id='word_1_449' title='bbox 1527 3209 1574 3260; x_wconf 90' lang='lat' dir='ltr'><strong>est</strong></span> <span class='ocrx_word' id='word_1_450' title='bbox 1582 3204 1614 3259; x_wconf 92' lang='lat' dir='ltr'><strong>in</strong></span> <span class='ocrx_word' id='word_1_451' title='bbox 1624 3208 1720 3260; x_wconf 86' lang='lat' dir='ltr'><strong>terra·</strong></span> 
     </span>
     <span class='ocr_line' id='line_1_33' title="bbox 64 3294 1708 3369; baseline -0.001 -20"><span class='ocrx_word' id='word_1_452' title='bbox 64 3310 143 3368; x_wconf 89' lang='lat' dir='ltr'><strong>ugua</strong></span> <span class='ocrx_word' id='word_1_453' title='bbox 153 3299 211 3350; x_wconf 88' lang='lat' dir='ltr'><strong>tua.</strong></span> <span class='ocrx_word' id='word_1_454' title='bbox 222 3295 320 3351; x_wconf 85' lang='lat' dir='ltr'><strong>Melet</strong></span> <span class='ocrx_word' id='word_1_455' title='bbox 331 3296 377 3351; x_wconf 90' lang='lat' dir='ltr'><strong>lac</strong></span> <span class='ocrx_word' id='word_1_456' title='bbox 388 3297 442 3352; x_wconf 86' lang='lat' dir='ltr'><strong>suh</strong></span> <span class='ocrx_word' id='word_1_457' title='bbox 454 3297 553 3368; x_wconf 80' lang='lat' dir='ltr'><strong>lingna</strong></span> <span class='ocrx_word' id='word_1_458' title='bbox 564 3302 621 3352; x_wconf 88' lang='lat' dir='ltr'><strong>tua.</strong></span> <span class='ocrx_word' id='word_1_459' title='bbox 634 3296 695 3352; x_wconf 90' lang='lat' dir='ltr'><strong>Sub</strong></span> <span class='ocrx_word' id='word_1_460' title='bbox 706 3297 808 3369; x_wconf 87' lang='lat' dir='ltr'><strong>lingua</strong></span> <span class='ocrx_word' id='word_1_461' title='bbox 876 3305 979 3355; x_wconf 86' lang='lat' dir='ltr'><strong>nostra</strong></span> <span class='ocrx_word' id='word_1_462' title='bbox 988 3298 1087 3367; x_wconf 87' lang='lat' dir='ltr'><strong>(Cant.</strong></span> <span class='ocrx_word' id='word_1_463' title='bbox 1106 3297 1184 3368; x_wconf 89' lang='lat' dir='ltr'><strong>n).0</strong></span> <span class='ocrx_word' id='word_1_464' title='bbox 1200 3296 1273 3353; x_wconf 88' lang='lat' dir='ltr'><strong>mira</strong></span> <span class='ocrx_word' id='word_1_465' title='bbox 1284 3294 1433 3353; x_wconf 78' lang='lat' dir='ltr'><strong>decentior</strong></span> <span class='ocrx_word' id='word_1_466' title='bbox 1445 3294 1574 3352; x_wconf 84' lang='lat' dir='ltr'><strong>talitatis</strong></span> <span class='ocrx_word' id='word_1_467' title='bbox 1590 3308 1708 3365; x_wconf 71' lang='lat' dir='ltr'><strong>prepa-</strong></span> 
     </span>
     <span class='ocr_line' id='line_1_34' title="bbox 64 3381 1709 3459; baseline -0.001 -21"><span class='ocrx_word' id='word_1_468' title='bbox 64 3384 113 3439; x_wconf 78' lang='lat' dir='ltr'><strong>iub</strong></span> <span class='ocrx_word' id='word_1_469' title='bbox 123 3400 212 3440; x_wconf 90' lang='lat' dir='ltr'><strong>carne</strong></span> <span class='ocrx_word' id='word_1_470' title='bbox 226 3388 284 3440; x_wconf 91' lang='lat' dir='ltr'><strong>tua.</strong></span> <span class='ocrx_word' id='word_1_471' title='bbox 306 3386 368 3445; x_wconf 87' lang='lat' dir='ltr'><strong>Sub</strong></span> <span class='ocrx_word' id='word_1_472' title='bbox 383 3387 484 3459; x_wconf 86' lang='lat' dir='ltr'><strong>lingua</strong></span> <span class='ocrx_word' id='word_1_473' title='bbox 498 3389 558 3454; x_wconf 86' lang='lat' dir='ltr'><strong>tua,</strong></span> <span class='ocrx_word' id='word_1_474' title='bbox 575 3386 644 3458; x_wconf 90' lang='lat' dir='ltr'><strong>quia</strong></span> <span class='ocrx_word' id='word_1_475' title='bbox 658 3386 783 3442; x_wconf 88' lang='lat' dir='ltr'><strong>verbum</strong></span> <span class='ocrx_word' id='word_1_476' title='bbox 800 3401 807 3441; x_wconf 93' lang='lat'>:</span> <span class='ocrx_word' id='word_1_477' title='bbox 875 3391 987 3443; x_wconf 89' lang='lat' dir='ltr'><strong>rantur.</strong></span> <span class='ocrx_word' id='word_1_478' title='bbox 995 3388 1064 3444; x_wconf 86' lang='lat' dir='ltr'><strong>Tota</strong></span> <span class='ocrx_word' id='word_1_479' title='bbox 1072 3385 1196 3458; x_wconf 88' lang='lat' dir='ltr'><strong>pulchra</strong></span> <span class='ocrx_word' id='word_1_480' title='bbox 1203 3402 1246 3455; x_wconf 85' lang='lat' dir='ltr'><strong>cs,</strong></span> <span class='ocrx_word' id='word_1_481' title='bbox 1257 3386 1349 3441; x_wconf 86' lang='lat' dir='ltr'><strong>amica</strong></span> <span class='ocrx_word' id='word_1_482' title='bbox 1358 3389 1466 3449; x_wconf 72' lang='lat' dir='ltr'><strong>menet</strong></span> <span class='ocrx_word' id='word_1_483' title='bbox 1478 3381 1590 3439; x_wconf 86' lang='lat' dir='ltr'><strong>macula</strong></span> <span class='ocrx_word' id='word_1_484' title='bbox 1597 3397 1654 3439; x_wconf 91' lang='lat' dir='ltr'><strong>non</strong></span> <span class='ocrx_word' id='word_1_485' title='bbox 1661 3387 1709 3439; x_wconf 86' lang='lat' dir='ltr'><strong>est</strong></span> 
     </span>
     <span class='ocr_line' id='line_1_35' title="bbox 64 3470 1768 3546; baseline 0.001 -19"><span class='ocrx_word' id='word_1_486' title='bbox 64 3488 142 3546; x_wconf 88' lang='lat' dir='ltr'><strong>uguu</strong></span> <span class='ocrx_word' id='word_1_487' title='bbox 154 3476 212 3543; x_wconf 89' lang='lat' dir='ltr'><strong>tua,</strong></span> <span class='ocrx_word' id='word_1_488' title='bbox 227 3475 296 3546; x_wconf 87' lang='lat' dir='ltr'><strong>quia</strong></span> <span class='ocrx_word' id='word_1_489' title='bbox 313 3475 529 3531; x_wconf 88' lang='lat' dir='ltr'><strong>absconditum.</strong></span> <span class='ocrx_word' id='word_1_490' title='bbox 543 3475 598 3530; x_wconf 84' lang='lat' dir='ltr'><strong>hiel</strong></span> <span class='ocrx_word' id='word_1_491' title='bbox 618 3475 711 3544; x_wconf 86' lang='lat' dir='ltr'><strong>atlac,</strong></span> <span class='ocrx_word' id='word_1_492' title='bbox 729 3475 809 3532; x_wconf 88' lang='lat' dir='ltr'><strong>Deus</strong></span> <span class='ocrx_word' id='word_1_493' title='bbox 875 3479 907 3533; x_wconf 91' lang='lat' dir='ltr'><strong>in</strong></span> <span class='ocrx_word' id='word_1_494' title='bbox 916 3484 954 3533; x_wconf 88' lang='lat' dir='ltr'><strong>te.</strong></span> <span class='ocrx_word' id='word_1_495' title='bbox 963 3474 1305 3534; x_wconf 84' lang='lat' dir='ltr'><strong>Farnsdistillanslabia</strong></span> <span class='ocrx_word' id='word_1_496' title='bbox 1315 3473 1476 3541; x_wconf 86' lang='lat' dir='ltr'><strong>tua,raclct</strong></span> <span class='ocrx_word' id='word_1_497' title='bbox 1486 3471 1533 3528; x_wconf 87' lang='lat' dir='ltr'><strong>lac</strong></span> <span class='ocrx_word' id='word_1_498' title='bbox 1543 3470 1709 3544; x_wconf 81' lang='lat' dir='ltr'><strong>sublingua</strong></span> <span class='ocrx_word' id='word_1_499' title='bbox 1766 3510 1768 3515; x_wconf 91' lang='lat'>-</span> 
     </span>
     <span class='ocr_line' id='line_1_36' title="bbox 64 3561 1708 3637; baseline -0.001 -20"><span class='ocrx_word' id='word_1_500' title='bbox 64 3567 113 3618; x_wconf 90' lang='lat' dir='ltr'><strong>no.</strong></span> <span class='ocrx_word' id='word_1_501' title='bbox 126 3563 182 3618; x_wconf 83' lang='lat' dir='ltr'><strong>hiel</strong></span> <span class='ocrx_word' id='word_1_502' title='bbox 194 3562 343 3635; x_wconf 85' lang='lat' dir='ltr'><strong>divinitas,</strong></span> <span class='ocrx_word' id='word_1_503' title='bbox 359 3563 404 3619; x_wconf 89' lang='lat' dir='ltr'><strong>lac</strong></span> <span class='ocrx_word' id='word_1_504' title='bbox 417 3564 595 3620; x_wconf 87' lang='lat' dir='ltr'><strong>humanitas.</strong></span> <span class='ocrx_word' id='word_1_505' title='bbox 613 3564 671 3622; x_wconf 84' lang='lat' dir='ltr'><strong>Mel</strong></span> <span class='ocrx_word' id='word_1_506' title='bbox 687 3564 723 3619; x_wconf 91' lang='lat' dir='ltr'><strong>de</strong></span> <span class='ocrx_word' id='word_1_507' title='bbox 741 3579 809 3619; x_wconf 88' lang='lat' dir='ltr'><strong>rore</strong></span> <span class='ocrx_word' id='word_1_508' title='bbox 876 3570 934 3634; x_wconf 89' lang='lat' dir='ltr'><strong>tua,</strong></span> <span class='ocrx_word' id='word_1_509' title='bbox 944 3561 1708 3637; x_wconf 82' lang='lat' dir='ltr'><strong>odorunguentorumtuorumsupercnrniaaromata.</strong></span> 
     </span>
     <span class='ocr_line' id='line_1_37' title="bbox 63 3650 1711 3724; baseline 0 -20"><span class='ocrx_word' id='word_1_510' title='bbox 63 3652 153 3722; x_wconf 85' lang='lat' dir='ltr'><strong>venit,</strong></span> <span class='ocrx_word' id='word_1_511' title='bbox 177 3653 246 3723; x_wconf 83' lang='lat' dir='ltr'><strong>quia</strong></span> <span class='ocrx_word' id='word_1_512' title='bbox 268 3653 368 3708; x_wconf 89' lang='lat' dir='ltr'><strong>divina</strong></span> <span class='ocrx_word' id='word_1_513' title='bbox 393 3655 496 3712; x_wconf 89' lang='lat' dir='ltr'><strong>natura</strong></span> <span class='ocrx_word' id='word_1_514' title='bbox 521 3667 611 3724; x_wconf 89' lang='lat' dir='ltr'><strong>supra</strong></span> <span class='ocrx_word' id='word_1_515' title='bbox 633 3653 730 3708; x_wconf 88' lang='lat' dir='ltr'><strong>omnia</strong></span> <span class='ocrx_word' id='word_1_516' title='bbox 752 3654 808 3709; x_wconf 88' lang='lat' dir='ltr'><strong>ast.</strong></span> <span class='ocrx_word' id='word_1_517' title='bbox 875 3654 906 3709; x_wconf 88' lang='lat' dir='ltr'><strong>Si</strong></span> <span class='ocrx_word' id='word_1_518' title='bbox 914 3654 984 3710; x_wconf 88' lang='lat' dir='ltr'><strong>talis</strong></span> <span class='ocrx_word' id='word_1_519' title='bbox 994 3658 1051 3723; x_wconf 88' lang='lat' dir='ltr'><strong>est,</strong></span> <span class='ocrx_word' id='word_1_520' title='bbox 1064 3656 1093 3709; x_wconf 90' lang='lat' dir='ltr'><strong>et</strong></span> <span class='ocrx_word' id='word_1_521' title='bbox 1101 3653 1252 3708; x_wconf 89' lang='lat' dir='ltr'><strong>intantum</strong></span> <span class='ocrx_word' id='word_1_522' title='bbox 1262 3652 1379 3707; x_wconf 90' lang='lat' dir='ltr'><strong>laudata</strong></span> <span class='ocrx_word' id='word_1_523' title='bbox 1389 3654 1450 3719; x_wconf 88' lang='lat' dir='ltr'><strong>est,</strong></span> <span class='ocrx_word' id='word_1_524' title='bbox 1464 3650 1511 3707; x_wconf 94' lang='lat' dir='ltr'><strong>cui</strong></span> <span class='ocrx_word' id='word_1_525' title='bbox 1523 3650 1580 3705; x_wconf 92' lang='lat' dir='ltr'><strong>hoc</strong></span> <span class='ocrx_word' id='word_1_526' title='bbox 1589 3665 1711 3720; x_wconf 90' lang='lat' dir='ltr'><strong>nonpo-</strong></span> 
     </span>
     <span class='ocr_line' id='line_1_38' title="bbox 64 3737 1713 3814; baseline -0.001 -19"><span class='ocrx_word' id='word_1_527' title='bbox 64 3740 88 3796; x_wconf 91' lang='lat' dir='ltr'><strong>le</strong></span> <span class='ocrx_word' id='word_1_528' title='bbox 105 3755 192 3796; x_wconf 90' lang='lat' dir='ltr'><strong>corne</strong></span> <span class='ocrx_word' id='word_1_529' title='bbox 208 3742 391 3812; x_wconf 80' lang='lat' dir='ltr'><strong>exprimitur,</strong></span> <span class='ocrx_word' id='word_1_530' title='bbox 408 3743 476 3814; x_wconf 87' lang='lat' dir='ltr'><strong>quia</strong></span> <span class='ocrx_word' id='word_1_531' title='bbox 488 3741 654 3798; x_wconf 89' lang='lat' dir='ltr'><strong>humanitas</strong></span> <span class='ocrx_word' id='word_1_532' title='bbox 669 3742 809 3797; x_wconf 90' lang='lat' dir='ltr'><strong>deorsum</strong></span> <span class='ocrx_word' id='word_1_533' title='bbox 873 3743 1033 3798; x_wconf 89' lang='lat' dir='ltr'><strong>teratsatis</strong></span> <span class='ocrx_word' id='word_1_534' title='bbox 1050 3757 1119 3798; x_wconf 80' lang='lat' dir='ltr'><strong>esse</strong></span> <span class='ocrx_word' id='word_1_535' title='bbox 1138 3742 1175 3797; x_wconf 90' lang='lat' dir='ltr'><strong>ad</strong></span> <span class='ocrx_word' id='word_1_536' title='bbox 1194 3740 1494 3808; x_wconf 65' lang='lat' dir='ltr'><strong>commendationem</strong></span> <span class='ocrx_word' id='word_1_537' title='bbox 1510 3738 1565 3794; x_wconf 88' lang='lat' dir='ltr'><strong>sed</strong></span> <span class='ocrx_word' id='word_1_538' title='bbox 1579 3737 1713 3794; x_wconf 88' lang='lat' dir='ltr'><strong>restabat</strong></span> 
     </span>
     <span class='ocr_line' id='line_1_39' title="bbox 64 3826 1709 3901; baseline -0.003 -17"><span class='ocrx_word' id='word_1_539' title='bbox 64 3833 129 3900; x_wconf 86' lang='lat' dir='ltr'><strong>npta</strong></span> <span class='ocrx_word' id='word_1_540' title='bbox 153 3833 208 3885; x_wconf 88' lang='lat' dir='ltr'><strong>ost.</strong></span> <span class='ocrx_word' id='word_1_541' title='bbox 225 3831 267 3886; x_wconf 88' lang='lat' dir='ltr'><strong>De</strong></span> <span class='ocrx_word' id='word_1_542' title='bbox 289 3846 378 3887; x_wconf 88' lang='lat' dir='ltr'><strong>carne</strong></span> <span class='ocrx_word' id='word_1_543' title='bbox 400 3847 479 3886; x_wconf 90' lang='lat' dir='ltr'><strong>caro.</strong></span> <span class='ocrx_word' id='word_1_544' title='bbox 500 3831 569 3887; x_wconf 89' lang='lat' dir='ltr'><strong>ideo</strong></span> <span class='ocrx_word' id='word_1_545' title='bbox 591 3831 648 3901; x_wconf 91' lang='lat' dir='ltr'><strong>lac,</strong></span> <span class='ocrx_word' id='word_1_546' title='bbox 664 3846 724 3887; x_wconf 92' lang='lat' dir='ltr'><strong>uon</strong></span> <span class='ocrx_word' id='word_1_547' title='bbox 740 3846 808 3886; x_wconf 90' lang='lat' dir='ltr'><strong>caro</strong></span> <span class='ocrx_word' id='word_1_548' title='bbox 874 3832 993 3888; x_wconf 88' lang='lat' dir='ltr'><strong>adicere</strong></span> <span class='ocrx_word' id='word_1_549' title='bbox 1003 3834 1031 3887; x_wconf 90' lang='lat' dir='ltr'><strong>et</strong></span> <span class='ocrx_word' id='word_1_550' title='bbox 1040 3831 1151 3899; x_wconf 89' lang='lat' dir='ltr'><strong>bac,ut</strong></span> <span class='ocrx_word' id='word_1_551' title='bbox 1163 3831 1254 3885; x_wconf 84' lang='lat' dir='ltr'><strong>sciret</strong></span> <span class='ocrx_word' id='word_1_552' title='bbox 1263 3829 1396 3901; x_wconf 83' lang='lat' dir='ltr'><strong>adquam</strong></span> <span class='ocrx_word' id='word_1_553' title='bbox 1408 3826 1709 3899; x_wconf 81' lang='lat' dir='ltr'><strong>patriamvocaretur,</strong></span> 
     </span>
     <span class='ocr_line' id='line_1_40' title="bbox 66 3916 1710 3993; baseline -0.002 -20"><span class='ocrx_word' id='word_1_554' title='bbox 66 3934 145 3992; x_wconf 89' lang='lat' dir='ltr'><strong>nguu</strong></span> <span class='ocrx_word' id='word_1_555' title='bbox 156 3923 214 3989; x_wconf 91' lang='lat' dir='ltr'><strong>tua,</strong></span> <span class='ocrx_word' id='word_1_556' title='bbox 227 3921 296 3992; x_wconf 89' lang='lat' dir='ltr'><strong>quia</strong></span> <span class='ocrx_word' id='word_1_557' title='bbox 315 3920 360 3976; x_wconf 89' lang='lat' dir='ltr'><strong>iac</strong></span> <span class='ocrx_word' id='word_1_558' title='bbox 371 3921 407 3977; x_wconf 91' lang='lat' dir='ltr'><strong>de</strong></span> <span class='ocrx_word' id='word_1_559' title='bbox 418 3936 517 3987; x_wconf 89' lang='lat' dir='ltr'><strong>carne,</strong></span> <span class='ocrx_word' id='word_1_560' title='bbox 531 3936 590 3976; x_wconf 92' lang='lat' dir='ltr'><strong>uon</strong></span> <span class='ocrx_word' id='word_1_561' title='bbox 601 3935 686 3990; x_wconf 88' lang='lat' dir='ltr'><strong>caro;</strong></span> <span class='ocrx_word' id='word_1_562' title='bbox 702 3919 757 3975; x_wconf 87' lang='lat' dir='ltr'><strong>sed</strong></span> <span class='ocrx_word' id='word_1_563' title='bbox 773 3918 815 3974; x_wconf 63' lang='lat' dir='ltr'><strong>de,</strong></span> <span class='ocrx_word' id='word_1_564' title='bbox 874 3924 903 3976; x_wconf 92' lang='lat' dir='ltr'><strong>et</strong></span> <span class='ocrx_word' id='word_1_565' title='bbox 917 3937 934 3975; x_wconf 85' lang='lat' dir='ltr'><strong>a</strong></span> <span class='ocrx_word' id='word_1_566' title='bbox 948 3936 1007 3993; x_wconf 88' lang='lat' dir='ltr'><strong>quo</strong></span> <span class='ocrx_word' id='word_1_567' title='bbox 1031 3918 1138 3974; x_wconf 82' lang='lat' dir='ltr'><strong>cnsilio</strong></span> <span class='ocrx_word' id='word_1_568' title='bbox 1159 3917 1344 3973; x_wconf 89' lang='lat' dir='ltr'><strong>educeretur.</strong></span> <span class='ocrx_word' id='word_1_569' title='bbox 1372 3916 1533 3987; x_wconf 86' lang='lat' dir='ltr'><strong>Propterea</strong></span> <span class='ocrx_word' id='word_1_570' title='bbox 1553 3916 1710 3986; x_wconf 85' lang='lat' dir='ltr'><strong>utrumque</strong></span> 
     </span>
     <span class='ocr_line' id='line_1_41' title="bbox 64 4002 1711 4080; baseline -0.003 -18"><span class='ocrx_word' id='word_1_571' title='bbox 64 4023 164 4079; x_wconf 62' lang='lat' dir='ltr'><strong>icaro,</strong></span> <span class='ocrx_word' id='word_1_572' title='bbox 181 4013 209 4063; x_wconf 92' lang='lat' dir='ltr'><strong>ct</strong></span> <span class='ocrx_word' id='word_1_573' title='bbox 224 4011 334 4066; x_wconf 89' lang='lat' dir='ltr'><strong>tautum</strong></span> <span class='ocrx_word' id='word_1_574' title='bbox 354 4025 423 4065; x_wconf 86' lang='lat' dir='ltr'><strong>caro</strong></span> <span class='ocrx_word' id='word_1_575' title='bbox 440 4025 446 4065; x_wconf 93' lang='lat'>:</span> <span class='ocrx_word' id='word_1_576' title='bbox 464 4025 523 4064; x_wconf 91' lang='lat' dir='ltr'><strong>non</strong></span> <span class='ocrx_word' id='word_1_577' title='bbox 539 4009 633 4080; x_wconf 88' lang='lat' dir='ltr'><strong>prima</strong></span> <span class='ocrx_word' id='word_1_578' title='bbox 652 4024 739 4080; x_wconf 90' lang='lat' dir='ltr'><strong>caro,</strong></span> <span class='ocrx_word' id='word_1_579' title='bbox 756 4009 810 4064; x_wconf 90' lang='lat' dir='ltr'><strong>sed</strong></span> <span class='ocrx_word' id='word_1_580' title='bbox 874 4010 1134 4066; x_wconf 86' lang='lat' dir='ltr'><strong>commemoratum</strong></span> <span class='ocrx_word' id='word_1_581' title='bbox 1145 4009 1200 4077; x_wconf 89' lang='lat' dir='ltr'><strong>cst,</strong></span> <span class='ocrx_word' id='word_1_582' title='bbox 1213 4008 1343 4062; x_wconf 87' lang='lat' dir='ltr'><strong>ettotam</strong></span> <span class='ocrx_word' id='word_1_583' title='bbox 1359 4003 1462 4061; x_wconf 87' lang='lat' dir='ltr'><strong>ordine</strong></span> <span class='ocrx_word' id='word_1_584' title='bbox 1473 4004 1583 4060; x_wconf 84' lang='lat' dir='ltr'><strong>lactum</strong></span> <span class='ocrx_word' id='word_1_585' title='bbox 1601 4005 1647 4059; x_wconf 92' lang='lat' dir='ltr'><strong>est</strong></span> <span class='ocrx_word' id='word_1_586' title='bbox 1661 4002 1711 4058; x_wconf 92' lang='lat' dir='ltr'><strong>di·</strong></span> 
     </span>
     <span class='ocr_line' id='line_1_42' title="bbox 64 4091 1709 4170; baseline -0.002 -20"><span class='ocrx_word' id='word_1_587' title='bbox 64 4096 127 4151; x_wconf 87' lang='lat' dir='ltr'><strong>ima</strong></span> <span class='ocrx_word' id='word_1_588' title='bbox 140 4112 228 4154; x_wconf 87' lang='lat' dir='ltr'><strong>carne</strong></span> <span class='ocrx_word' id='word_1_589' title='bbox 243 4099 374 4154; x_wconf 89' lang='lat' dir='ltr'><strong>secundo</strong></span> <span class='ocrx_word' id='word_1_590' title='bbox 390 4115 459 4155; x_wconf 89' lang='lat' dir='ltr'><strong>caro</strong></span> <span class='ocrx_word' id='word_1_591' title='bbox 471 4115 477 4155; x_wconf 76' lang='grc' dir='ltr'><em>τ</em></span> <span class='ocrx_word' id='word_1_592' title='bbox 490 4100 526 4153; x_wconf 91' lang='lat' dir='ltr'><strong>da</strong></span> <span class='ocrx_word' id='word_1_593' title='bbox 542 4114 631 4154; x_wconf 89' lang='lat' dir='ltr'><strong>carne</strong></span> <span class='ocrx_word' id='word_1_594' title='bbox 644 4098 738 4154; x_wconf 83' lang='lat' dir='ltr'><strong>reteri</strong></span> <span class='ocrx_word' id='word_1_595' title='bbox 753 4113 810 4153; x_wconf 90' lang='lat' dir='ltr'><strong>no·</strong></span> <span class='ocrx_word' id='word_1_596' title='bbox 872 4098 958 4154; x_wconf 89' lang='lat' dir='ltr'><strong>lectae</strong></span> <span class='ocrx_word' id='word_1_597' title='bbox 969 4097 1167 4170; x_wconf 86' lang='lat' dir='ltr'><strong>pulchritudo,</strong></span> <span class='ocrx_word' id='word_1_598' title='bbox 1182 4095 1267 4152; x_wconf 90' lang='lat' dir='ltr'><strong>triste</strong></span> <span class='ocrx_word' id='word_1_599' title='bbox 1284 4094 1433 4164; x_wconf 85' lang='lat' dir='ltr'><strong>exsilium,</strong></span> <span class='ocrx_word' id='word_1_600' title='bbox 1450 4095 1479 4149; x_wconf 85' lang='lat' dir='ltr'><strong>et</strong></span> <span class='ocrx_word' id='word_1_601' title='bbox 1493 4091 1591 4149; x_wconf 91' lang='lat' dir='ltr'><strong>dulcis</strong></span> <span class='ocrx_word' id='word_1_602' title='bbox 1605 4092 1709 4164; x_wconf 87' lang='lat' dir='ltr'><strong>patria.</strong></span> 
     </span>
     <span class='ocr_line' id='line_1_43' title="bbox 65 4179 1710 4260; baseline -0.002 -21"><span class='ocrx_word' id='word_1_603' title='bbox 65 4200 108 4256; x_wconf 90' lang='lat' dir='ltr'><strong>rc,</strong></span> <span class='ocrx_word' id='word_1_604' title='bbox 127 4187 163 4241; x_wconf 90' lang='lat' dir='ltr'><strong>dc</strong></span> <span class='ocrx_word' id='word_1_605' title='bbox 184 4202 273 4242; x_wconf 89' lang='lat' dir='ltr'><strong>corne</strong></span> <span class='ocrx_word' id='word_1_606' title='bbox 288 4189 440 4260; x_wconf 89' lang='lat' dir='ltr'><strong>purganda</strong></span> <span class='ocrx_word' id='word_1_607' title='bbox 454 4188 552 4243; x_wconf 90' lang='lat' dir='ltr'><strong>hostin</strong></span> <span class='ocrx_word' id='word_1_608' title='bbox 567 4203 646 4244; x_wconf 86' lang='lat' dir='ltr'><strong>earo.</strong></span> <span class='ocrx_word' id='word_1_609' title='bbox 662 4188 731 4242; x_wconf 88' lang='lat' dir='ltr'><strong>ideo</strong></span> <span class='ocrx_word' id='word_1_610' title='bbox 752 4186 809 4242; x_wconf 90' lang='lat' dir='ltr'><strong>mel</strong></span> <span class='ocrx_word' id='word_1_611' title='bbox 874 4187 974 4243; x_wconf 89' lang='lat' dir='ltr'><strong>Solida</strong></span> <span class='ocrx_word' id='word_1_612' title='bbox 993 4186 1059 4241; x_wconf 88' lang='lat' dir='ltr'><strong>laus</strong></span> <span class='ocrx_word' id='word_1_613' title='bbox 1074 4187 1120 4240; x_wconf 88' lang='lat' dir='ltr'><strong>est</strong></span> <span class='ocrx_word' id='word_1_614' title='bbox 1134 4200 1225 4256; x_wconf 78' lang='lat' dir='ltr'><strong>qraaea</strong></span> <span class='ocrx_word' id='word_1_615' title='bbox 1241 4183 1402 4253; x_wconf 82' lang='lat' dir='ltr'><strong>semetipsa</strong></span> <span class='ocrx_word' id='word_1_616' title='bbox 1417 4181 1534 4237; x_wconf 89' lang='lat' dir='ltr'><strong>initium</strong></span> <span class='ocrx_word' id='word_1_617' title='bbox 1544 4181 1632 4253; x_wconf 88' lang='lat' dir='ltr'><strong>capit.</strong></span> <span class='ocrx_word' id='word_1_618' title='bbox 1650 4179 1710 4238; x_wconf 89' lang='lat' dir='ltr'><strong>Sua</strong></span> 
     </span>
     <span class='ocr_line' id='line_1_44' title="bbox 75 4269 1710 4349; baseline -0.002 -20"><span class='ocrx_word' id='word_1_619' title='bbox 75 4275 245 4348; x_wconf 87' lang='lat' dir='ltr'><strong>sublingua</strong></span> <span class='ocrx_word' id='word_1_620' title='bbox 258 4278 317 4346; x_wconf 89' lang='lat' dir='ltr'><strong>tua,</strong></span> <span class='ocrx_word' id='word_1_621' title='bbox 329 4277 597 4349; x_wconf 87' lang='lat' dir='ltr'><strong>quiointuaoarne</strong></span> <span class='ocrx_word' id='word_1_622' title='bbox 612 4277 692 4332; x_wconf 88' lang='lat' dir='ltr'><strong>Deus</strong></span> <span class='ocrx_word' id='word_1_623' title='bbox 703 4276 807 4346; x_wconf 88' lang='lat' dir='ltr'><strong>homo,</strong></span> <span class='ocrx_word' id='word_1_624' title='bbox 874 4277 983 4332; x_wconf 88' lang='lat' dir='ltr'><strong>etenim</strong></span> <span class='ocrx_word' id='word_1_625' title='bbox 992 4289 1139 4348; x_wconf 88' lang='lat' dir='ltr'><strong>quemque</strong></span> <span class='ocrx_word' id='word_1_626' title='bbox 1153 4273 1254 4331; x_wconf 86' lang='lat' dir='ltr'><strong>verius</strong></span> <span class='ocrx_word' id='word_1_627' title='bbox 1265 4271 1480 4329; x_wconf 88' lang='lat' dir='ltr'><strong>commendant.</strong></span> <span class='ocrx_word' id='word_1_628' title='bbox 1497 4271 1567 4326; x_wconf 90' lang='lat' dir='ltr'><strong>ldeo</strong></span> <span class='ocrx_word' id='word_1_629' title='bbox 1581 4269 1710 4342; x_wconf 87' lang='lat' dir='ltr'><strong>primum</strong></span> 
     </span>
     <span class='ocr_line' id='line_1_45' title="bbox 64 4359 1709 4434; baseline -0.003 -16"><span class='ocrx_word' id='word_1_630' title='bbox 64 4366 129 4419; x_wconf 80' lang='lat' dir='ltr'><strong>rtua</strong></span> <span class='ocrx_word' id='word_1_631' title='bbox 140 4380 228 4420; x_wconf 90' lang='lat' dir='ltr'><strong>carne</strong></span> <span class='ocrx_word' id='word_1_632' title='bbox 240 4365 319 4421; x_wconf 91' lang='lat' dir='ltr'><strong>Deus</strong></span> <span class='ocrx_word' id='word_1_633' title='bbox 330 4369 359 4420; x_wconf 94' lang='lat' dir='ltr'><strong>et</strong></span> <span class='ocrx_word' id='word_1_634' title='bbox 373 4366 461 4421; x_wconf 93' lang='lat' dir='ltr'><strong>homo</strong></span> <span class='ocrx_word' id='word_1_635' title='bbox 471 4382 549 4420; x_wconf 88' lang='lat' dir='ltr'><strong>unus</strong></span> <span class='ocrx_word' id='word_1_636' title='bbox 559 4366 648 4422; x_wconf 86' lang='lat' dir='ltr'><strong>lesus</strong></span> <span class='ocrx_word' id='word_1_637' title='bbox 659 4365 807 4422; x_wconf 87' lang='lat' dir='ltr'><strong>Christus.</strong></span> <span class='ocrx_word' id='word_1_638' title='bbox 874 4362 1010 4420; x_wconf 89' lang='lat' dir='ltr'><strong>laudatur</strong></span> <span class='ocrx_word' id='word_1_639' title='bbox 1020 4364 1095 4434; x_wconf 90' lang='lat' dir='ltr'><strong>ipsa,</strong></span> <span class='ocrx_word' id='word_1_640' title='bbox 1105 4362 1211 4419; x_wconf 89' lang='lat' dir='ltr'><strong>deinde</strong></span> <span class='ocrx_word' id='word_1_641' title='bbox 1219 4361 1384 4429; x_wconf 88' lang='lat' dir='ltr'><strong>laudantur,</strong></span> <span class='ocrx_word' id='word_1_642' title='bbox 1393 4362 1497 4434; x_wconf 76' lang='lat' dir='ltr'><strong>etqua</strong></span> <span class='ocrx_word' id='word_1_643' title='bbox 1508 4359 1575 4431; x_wconf 83' lang='lat' dir='ltr'><strong>ejus</strong></span> <span class='ocrx_word' id='word_1_644' title='bbox 1584 4362 1664 4429; x_wconf 90' lang='lat' dir='ltr'><strong>sunt,</strong></span> <span class='ocrx_word' id='word_1_645' title='bbox 1679 4359 1709 4413; x_wconf 92' lang='lat' dir='ltr'><strong>et</strong></span> 
     </span>
     <span class='ocr_line' id='line_1_46' title="bbox 64 4447 1699 4528; baseline -0.004 -21"><span class='ocrx_word' id='word_1_646' title='bbox 64 4468 77 4507; x_wconf 90' lang='lat' dir='ltr'><strong>s</strong></span> <span class='ocrx_word' id='word_1_647' title='bbox 96 4453 250 4509; x_wconf 89' lang='lat' dir='ltr'><strong>distillans</strong></span> <span class='ocrx_word' id='word_1_648' title='bbox 269 4454 347 4510; x_wconf 87' lang='lat' dir='ltr'><strong>labin</strong></span> <span class='ocrx_word' id='word_1_649' title='bbox 364 4461 421 4524; x_wconf 85' lang='lat' dir='ltr'><strong>tua,</strong></span> <span class='ocrx_word' id='word_1_650' title='bbox 444 4454 505 4510; x_wconf 87' lang='lat' dir='ltr'><strong>mel</strong></span> <span class='ocrx_word' id='word_1_651' title='bbox 522 4460 552 4511; x_wconf 90' lang='lat' dir='ltr'><strong>ct</strong></span> <span class='ocrx_word' id='word_1_652' title='bbox 567 4455 613 4510; x_wconf 86' lang='lat' dir='ltr'><strong>lac</strong></span> <span class='ocrx_word' id='word_1_653' title='bbox 633 4454 687 4510; x_wconf 90' lang='lat' dir='ltr'><strong>sub</strong></span> <span class='ocrx_word' id='word_1_654' title='bbox 707 4454 849 4528; x_wconf 74' lang='lat' dir='ltr'><strong>linguan</strong></span> <span class='ocrx_word' id='word_1_655' title='bbox 875 4456 968 4510; x_wconf 88' lang='lat' dir='ltr'><strong>totum</strong></span> <span class='ocrx_word' id='word_1_656' title='bbox 976 4453 1033 4509; x_wconf 89' lang='lat' dir='ltr'><strong>hoc</strong></span> <span class='ocrx_word' id='word_1_657' title='bbox 1043 4452 1081 4508; x_wconf 91' lang='lat' dir='ltr'><strong>ad</strong></span> <span class='ocrx_word' id='word_1_658' title='bbox 1091 4451 1312 4508; x_wconf 87' lang='lat' dir='ltr'><strong>incitamentum</strong></span> <span class='ocrx_word' id='word_1_659' title='bbox 1322 4448 1432 4505; x_wconf 87' lang='lat' dir='ltr'><strong>amoris</strong></span> <span class='ocrx_word' id='word_1_660' title='bbox 1444 4448 1485 4504; x_wconf 87' lang='lat' dir='ltr'><strong>iit.</strong></span> <span class='ocrx_word' id='word_1_661' title='bbox 1493 4447 1628 4503; x_wconf 76' lang='lat' dir='ltr'><strong>Adversa</strong></span> <span class='ocrx_word' id='word_1_662' title='bbox 1640 4461 1699 4517; x_wconf 88' lang='lat' dir='ltr'><strong>quo</strong></span> 
     </span>
     <span class='ocr_line' id='line_1_47' title="bbox 64 4531 1712 4617; baseline -0.005 -19"><span class='ocrx_word' id='word_1_663' title='bbox 64 4542 122 4598; x_wconf 90' lang='lat' dir='ltr'><strong>dor</strong></span> <span class='ocrx_word' id='word_1_664' title='bbox 133 4549 345 4616; x_wconf 80' lang='lat' dir='ltr'><strong>unguentorum</strong></span> <span class='ocrx_word' id='word_1_665' title='bbox 360 4549 572 4617; x_wconf 88' lang='lat' dir='ltr'><strong>tuorumsupcr</strong></span> <span class='ocrx_word' id='word_1_666' title='bbox 584 4545 680 4600; x_wconf 87' lang='lat' dir='ltr'><strong>omnia</strong></span> <span class='ocrx_word' id='word_1_667' title='bbox 691 4559 807 4598; x_wconf 87' lang='lat' dir='ltr'><strong>aroma·</strong></span> <span class='ocrx_word' id='word_1_668' title='bbox 876 4543 1219 4614; x_wconf 88' lang='lat' dir='ltr'><strong>queccmmemorautur,</strong></span> <span class='ocrx_word' id='word_1_669' title='bbox 1231 4536 1588 4596; x_wconf 86' lang='lat' dir='ltr'><strong>utardentisdasiderium</strong></span> <span class='ocrx_word' id='word_1_670' title='bbox 1597 4534 1634 4590; x_wconf 88' lang='lat' dir='ltr'><strong>ad</strong></span> <span class='ocrx_word' id='word_1_671' title='bbox 1644 4531 1712 4591; x_wconf 78' lang='lat' dir='ltr'><strong>effe·</strong></span> 
     </span>
     <span class='ocr_line' id='line_1_48' title="bbox 64 4622 1709 4705; baseline -0.005 -20"><span class='ocrx_word' id='word_1_672' title='bbox 64 4631 256 4703; x_wconf 81' lang='lat' dir='ltr'><strong>rmipsedicit</strong></span> <span class='ocrx_word' id='word_1_673' title='bbox 266 4647 273 4687; x_wconf 91' lang='lat'><strong>:</strong></span> <span class='ocrx_word' id='word_1_674' title='bbox 285 4632 420 4705; x_wconf 88' lang='lat' dir='ltr'><strong>Spiritus</strong></span> <span class='ocrx_word' id='word_1_675' title='bbox 439 4649 522 4688; x_wconf 87' lang='lat' dir='ltr'><strong>meus</strong></span> <span class='ocrx_word' id='word_1_676' title='bbox 537 4649 627 4705; x_wconf 83' lang='lat' dir='ltr'><strong>super</strong></span> <span class='ocrx_word' id='word_1_677' title='bbox 641 4632 701 4688; x_wconf 88' lang='lat' dir='ltr'><strong>mel</strong></span> <span class='ocrx_word' id='word_1_678' title='bbox 713 4631 810 4688; x_wconf 86' lang='lat' dir='ltr'><strong>dulcis</strong></span> <span class='ocrx_word' id='word_1_679' title='bbox 877 4635 955 4687; x_wconf 89' lang='lat' dir='ltr'><strong>ctum</strong></span> <span class='ocrx_word' id='word_1_680' title='bbox 976 4631 1104 4701; x_wconf 76' lang='lat' dir='ltr'><strong>festinet,</strong></span> <span class='ocrx_word' id='word_1_681' title='bbox 1127 4633 1156 4686; x_wconf 91' lang='lat' dir='ltr'><strong>et</strong></span> <span class='ocrx_word' id='word_1_682' title='bbox 1170 4630 1308 4702; x_wconf 84' lang='lat' dir='ltr'><strong>properet</strong></span> <span class='ocrx_word' id='word_1_683' title='bbox 1325 4627 1394 4683; x_wconf 89' lang='lat' dir='ltr'><strong>inda</strong></span> <span class='ocrx_word' id='word_1_684' title='bbox 1413 4625 1506 4695; x_wconf 78' lang='lat' dir='ltr'><strong>exire,</strong></span> <span class='ocrx_word' id='word_1_685' title='bbox 1522 4624 1575 4680; x_wconf 91' lang='lat' dir='ltr'><strong>ubi</strong></span> <span class='ocrx_word' id='word_1_686' title='bbox 1587 4622 1709 4680; x_wconf 86' lang='lat' dir='ltr'><strong>tristitia</strong></span> 
     </span>
     <span class='ocr_line' id='line_1_49' title="bbox 64 4712 1709 4795; baseline -0.005 -21"><span class='ocrx_word' id='word_1_687' title='bbox 64 4720 84 4774; x_wconf 88' lang='lat' dir='ltr'><strong>i.</strong></span> <span class='ocrx_word' id='word_1_688' title='bbox 94 4721 187 4787; x_wconf 76' lang='lat' dir='ltr'><strong>xxxvi,</strong></span> <span class='ocrx_word' id='word_1_689' title='bbox 199 4721 265 4792; x_wconf 90' lang='lat' dir='ltr'><strong>lpse</strong></span> <span class='ocrx_word' id='word_1_690' title='bbox 280 4722 311 4777; x_wconf 91' lang='lat' dir='ltr'><strong>in</strong></span> <span class='ocrx_word' id='word_1_691' title='bbox 327 4725 354 4777; x_wconf 88' lang='lat' dir='ltr'><strong>te</strong></span> <span class='ocrx_word' id='word_1_692' title='bbox 369 4723 561 4795; x_wconf 90' lang='lat' dir='ltr'><strong>singulariter</strong></span> <span class='ocrx_word' id='word_1_693' title='bbox 575 4721 810 4792; x_wconf 68' lang='lat' dir='ltr'><strong>requievitque</strong></span> <span class='ocrx_word' id='word_1_694' title='bbox 875 4721 968 4788; x_wconf 88' lang='lat' dir='ltr'><strong>sedet,</strong></span> <span class='ocrx_word' id='word_1_695' title='bbox 986 4720 1038 4775; x_wconf 89' lang='lat' dir='ltr'><strong>uhi</strong></span> <span class='ocrx_word' id='word_1_696' title='bbox 1053 4719 1151 4774; x_wconf 90' lang='lat' dir='ltr'><strong>luctus</strong></span> <span class='ocrx_word' id='word_1_697' title='bbox 1166 4718 1371 4781; x_wconf 84' lang='lat' dir='ltr'><strong>commoratur,</strong></span> <span class='ocrx_word' id='word_1_698' title='bbox 1395 4717 1425 4771; x_wconf 88' lang='lat' dir='ltr'><strong>et</strong></span> <span class='ocrx_word' id='word_1_699' title='bbox 1448 4712 1569 4771; x_wconf 89' lang='lat' dir='ltr'><strong>miseria</strong></span> <span class='ocrx_word' id='word_1_700' title='bbox 1593 4713 1709 4784; x_wconf 86' lang='lat' dir='ltr'><strong>regnat.</strong></span> 
     </span>
     <span class='ocr_line' id='line_1_50' title="bbox 64 4799 1712 4882; baseline -0.005 -19"><span class='ocrx_word' id='word_1_701' title='bbox 64 4809 172 4864; x_wconf 73' lang='lat' dir='ltr'><strong>ueteris</strong></span> <span class='ocrx_word' id='word_1_702' title='bbox 188 4810 326 4866; x_wconf 88' lang='lat' dir='ltr'><strong>omnibus</strong></span> <span class='ocrx_word' id='word_1_703' title='bbox 347 4812 440 4882; x_wconf 88' lang='lat' dir='ltr'><strong>gratia</strong></span> <span class='ocrx_word' id='word_1_704' title='bbox 461 4811 546 4882; x_wconf 90' lang='lat' dir='ltr'><strong>plena</strong></span> <span class='ocrx_word' id='word_1_705' title='bbox 566 4812 660 4865; x_wconf 88' lang='lat' dir='ltr'><strong>mater</strong></span> <span class='ocrx_word' id='word_1_706' title='bbox 674 4809 750 4863; x_wconf 87' lang='lat' dir='ltr'><strong>iacta</strong></span> <span class='ocrx_word' id='word_1_707' title='bbox 764 4811 811 4863; x_wconf 89' lang='lat' dir='ltr'><strong>est</strong></span> <span class='ocrx_word' id='word_1_708' title='bbox 875 4808 939 4863; x_wconf 90' lang='lat' dir='ltr'><strong>Hoc</strong></span> <span class='ocrx_word' id='word_1_709' title='bbox 949 4810 1042 4864; x_wconf 92' lang='lat' dir='ltr'><strong>totum</strong></span> <span class='ocrx_word' id='word_1_710' title='bbox 1061 4806 1199 4863; x_wconf 81' lang='lat' dir='ltr'><strong>exsilium</strong></span> <span class='ocrx_word' id='word_1_711' title='bbox 1211 4808 1266 4861; x_wconf 88' lang='lat' dir='ltr'><strong>est.</strong></span> <span class='ocrx_word' id='word_1_712' title='bbox 1283 4803 1395 4860; x_wconf 90' lang='lat' dir='ltr'><strong>Deinde</strong></span> <span class='ocrx_word' id='word_1_713' title='bbox 1411 4802 1535 4873; x_wconf 89' lang='lat' dir='ltr'><strong>patriam</strong></span> <span class='ocrx_word' id='word_1_714' title='bbox 1549 4815 1634 4856; x_wconf 90' lang='lat' dir='ltr'><strong>suam</strong></span> <span class='ocrx_word' id='word_1_715' title='bbox 1648 4799 1712 4856; x_wconf 89' lang='lat' dir='ltr'><strong>lau·</strong></span> 
     </span>
     <span class='ocr_line' id='line_1_51' title="bbox 72 4888 1710 4970; baseline -0.005 -17"><span class='ocrx_word' id='word_1_716' title='bbox 72 4901 100 4953; x_wconf 90' lang='lat' dir='ltr'><strong>et</strong></span> <span class='ocrx_word' id='word_1_717' title='bbox 120 4898 261 4969; x_wconf 89' lang='lat' dir='ltr'><strong>templum</strong></span> <span class='ocrx_word' id='word_1_718' title='bbox 284 4899 411 4970; x_wconf 86' lang='lat' dir='ltr'><strong>Spiritus</strong></span> <span class='ocrx_word' id='word_1_719' title='bbox 435 4900 539 4956; x_wconf 87' lang='lat' dir='ltr'><strong>sancti.</strong></span> <span class='ocrx_word' id='word_1_720' title='bbox 570 4899 729 4969; x_wconf 87' lang='lat' dir='ltr'><strong>Propterea</strong></span> <span class='ocrx_word' id='word_1_721' title='bbox 753 4906 832 4952; x_wconf 51' lang='lat' dir='ltr'><strong>unt,</strong></span> <span class='ocrx_word' id='word_1_722' title='bbox 874 4897 933 4966; x_wconf 90' lang='lat' dir='ltr'><strong>dot,</strong></span> <span class='ocrx_word' id='word_1_723' title='bbox 952 4899 980 4952; x_wconf 91' lang='lat' dir='ltr'><strong>et</strong></span> <span class='ocrx_word' id='word_1_724' title='bbox 995 4896 1066 4951; x_wconf 89' lang='lat' dir='ltr'><strong>dicit</strong></span> <span class='ocrx_word' id='word_1_725' title='bbox 1079 4910 1147 4966; x_wconf 82' lang='lat' dir='ltr'><strong>quae</strong></span> <span class='ocrx_word' id='word_1_726' title='bbox 1161 4893 1284 4967; x_wconf 89' lang='lat' dir='ltr'><strong>gaudia,</strong></span> <span class='ocrx_word' id='word_1_727' title='bbox 1301 4909 1367 4965; x_wconf 80' lang='lat' dir='ltr'><strong>quae</strong></span> <span class='ocrx_word' id='word_1_728' title='bbox 1383 4890 1509 4960; x_wconf 76' lang='lat' dir='ltr'><strong>delicias,</strong></span> <span class='ocrx_word' id='word_1_729' title='bbox 1526 4891 1644 4962; x_wconf 75' lang='lat' dir='ltr'><strong>quantes</strong></span> <span class='ocrx_word' id='word_1_730' title='bbox 1656 4888 1710 4962; x_wconf 78' lang='lat' dir='ltr'><strong>ju·</strong></span> 
     </span>
     <span class='ocr_line' id='line_1_52' title="bbox 64 4978 1709 5059; baseline -0.004 -18"><span class='ocrx_word' id='word_1_731' title='bbox 64 4991 153 5042; x_wconf 89' lang='lat' dir='ltr'><strong>torum</strong></span> <span class='ocrx_word' id='word_1_732' title='bbox 162 4989 362 5043; x_wconf 88' lang='lat' dir='ltr'><strong>tuorumodor</strong></span> <span class='ocrx_word' id='word_1_733' title='bbox 371 5004 462 5059; x_wconf 89' lang='lat' dir='ltr'><strong>super</strong></span> <span class='ocrx_word' id='word_1_734' title='bbox 471 4988 568 5044; x_wconf 90' lang='lat' dir='ltr'><strong>omnia</strong></span> <span class='ocrx_word' id='word_1_735' title='bbox 584 4990 725 5056; x_wconf 88' lang='lat' dir='ltr'><strong>aromata,</strong></span> <span class='ocrx_word' id='word_1_736' title='bbox 742 4986 811 5058; x_wconf 88' lang='lat' dir='ltr'><strong>quia</strong></span> <span class='ocrx_word' id='word_1_737' title='bbox 875 4985 1010 5040; x_wconf 87' lang='lat' dir='ltr'><strong>cunditas</strong></span> <span class='ocrx_word' id='word_1_738' title='bbox 1020 4987 1049 5038; x_wconf 90' lang='lat' dir='ltr'><strong>et</strong></span> <span class='ocrx_word' id='word_1_739' title='bbox 1059 4983 1243 5038; x_wconf 73' lang='lat' dir='ltr'><strong>amoenitates</strong></span> <span class='ocrx_word' id='word_1_740' title='bbox 1256 4982 1296 5037; x_wconf 90' lang='lat' dir='ltr'><strong>ihi</strong></span> <span class='ocrx_word' id='word_1_741' title='bbox 1308 4985 1389 5036; x_wconf 90' lang='lat' dir='ltr'><strong>sunt.</strong></span> <span class='ocrx_word' id='word_1_742' title='bbox 1407 4979 1483 5035; x_wconf 80' lang='lat' dir='ltr'><strong>utin</strong></span> <span class='ocrx_word' id='word_1_743' title='bbox 1501 4978 1709 5048; x_wconf 86' lang='lat' dir='ltr'><strong>hisomnibus,</strong></span> 
     </span>
     <span class='ocr_line' id='line_1_53' title="bbox 66 5067 1709 5149; baseline -0.004 -19"><span class='ocrx_word' id='word_1_744' title='bbox 66 5091 94 5130; x_wconf 89' lang='lat' dir='ltr'><strong>m</strong></span> <span class='ocrx_word' id='word_1_745' title='bbox 105 5076 230 5149; x_wconf 88' lang='lat' dir='ltr'><strong>gmtiam</strong></span> <span class='ocrx_word' id='word_1_746' title='bbox 245 5077 335 5132; x_wconf 87' lang='lat' dir='ltr'><strong>vincit</strong></span> <span class='ocrx_word' id='word_1_747' title='bbox 352 5080 398 5132; x_wconf 88' lang='lat' dir='ltr'><strong>iun</strong></span> <span class='ocrx_word' id='word_1_748' title='bbox 414 5077 592 5146; x_wconf 87' lang='lat' dir='ltr'><strong>sublimitas,</strong></span> <span class='ocrx_word' id='word_1_749' title='bbox 609 5091 725 5133; x_wconf 88' lang='lat' dir='ltr'><strong>omnem</strong></span> <span class='ocrx_word' id='word_1_750' title='bbox 741 5089 810 5145; x_wconf 90' lang='lat' dir='ltr'><strong>per·</strong></span> <span class='ocrx_word' id='word_1_751' title='bbox 874 5067 1709 5145; x_wconf 84' lang='lat' dir='ltr'><strong>lioresapparuerunt,rineactiorentesodoramdedarunt,</strong></span> 
     </span>
     <span class='ocr_line' id='line_1_54' title="bbox 64 5156 1718 5239; baseline -0.008 -19"><span class='ocrx_word' id='word_1_752' title='bbox 64 5180 135 5220; x_wconf 73' lang='lat' dir='ltr'><strong>»nam</strong></span> <span class='ocrx_word' id='word_1_753' title='bbox 160 5169 281 5236; x_wconf 87' lang='lat' dir='ltr'><strong>superat</strong></span> <span class='ocrx_word' id='word_1_754' title='bbox 302 5169 351 5221; x_wconf 89' lang='lat' dir='ltr'><strong>tua</strong></span> <span class='ocrx_word' id='word_1_755' title='bbox 378 5166 517 5239; x_wconf 89' lang='lat' dir='ltr'><strong>dignitas.</strong></span> <span class='ocrx_word' id='word_1_756' title='bbox 547 5166 591 5221; x_wconf 87' lang='lat' dir='ltr'><strong>Tu</strong></span> <span class='ocrx_word' id='word_1_757' title='bbox 619 5164 832 5237; x_wconf 84' lang='lat' dir='ltr'><strong>singulariter</strong></span> <span class='ocrx_word' id='word_1_758' title='bbox 875 5161 1228 5219; x_wconf 84' lang='lat' dir='ltr'><strong>vcxturturisauditaest</strong></span> <span class='ocrx_word' id='word_1_759' title='bbox 1243 5156 1718 5228; x_wconf 77' lang='lat' dir='ltr'><strong>interranostra.Amorispleua.</strong></span> 
     </span>
     <span class='ocr_line' id='line_1_55' title="bbox 64 5243 1711 5326; baseline -0.006 -19"><span class='ocrx_word' id='word_1_760' title='bbox 64 5269 82 5323; x_wconf 89' lang='grc' dir='ltr'><strong>ι,</strong></span> <span class='ocrx_word' id='word_1_761' title='bbox 92 5256 122 5308; x_wconf 93' lang='lat' dir='ltr'><strong>tu</strong></span> <span class='ocrx_word' id='word_1_762' title='bbox 140 5253 329 5311; x_wconf 78' lang='lat' dir='ltr'><strong>ineffabiliter</strong></span> <span class='ocrx_word' id='word_1_763' title='bbox 345 5255 512 5326; x_wconf 88' lang='lat' dir='ltr'><strong>sublimata,</strong></span> <span class='ocrx_word' id='word_1_764' title='bbox 523 5254 602 5310; x_wconf 90' lang='lat' dir='ltr'><strong>nulla</strong></span> <span class='ocrx_word' id='word_1_765' title='bbox 612 5255 665 5310; x_wconf 91' lang='lat' dir='ltr'><strong>tihi</strong></span> <span class='ocrx_word' id='word_1_766' title='bbox 676 5255 705 5309; x_wconf 90' lang='lat' dir='ltr'><strong>in</strong></span> <span class='ocrx_word' id='word_1_767' title='bbox 717 5253 811 5326; x_wconf 90' lang='lat' dir='ltr'><strong>gratia</strong></span> <span class='ocrx_word' id='word_1_768' title='bbox 860 5255 944 5308; x_wconf 67' lang='lat' dir='ltr'><strong>”sunt</strong></span> <span class='ocrx_word' id='word_1_769' title='bbox 954 5251 1060 5320; x_wconf 89' lang='lat' dir='ltr'><strong>omnio,</strong></span> <span class='ocrx_word' id='word_1_770' title='bbox 1072 5255 1100 5306; x_wconf 91' lang='lat' dir='ltr'><strong>et</strong></span> <span class='ocrx_word' id='word_1_771' title='bbox 1111 5246 1616 5314; x_wconf 66' lang='lat' dir='ltr'><strong>omuiaamoremresonautfflores,</strong></span> <span class='ocrx_word' id='word_1_772' title='bbox 1626 5243 1711 5313; x_wconf 90' lang='lat' dir='ltr'><strong>odor,</strong></span> 
     </span>
     <span class='ocr_line' id='line_1_56' title="bbox 64 5331 1710 5417; baseline -0.007 -21"><span class='ocrx_word' id='word_1_773' title='bbox 64 5343 86 5397; x_wconf 88' lang='lat' dir='ltr'><strong>is</strong></span> <span class='ocrx_word' id='word_1_774' title='bbox 101 5357 171 5397; x_wconf 87' lang='lat' dir='ltr'><strong>esse</strong></span> <span class='ocrx_word' id='word_1_775' title='bbox 192 5345 294 5414; x_wconf 88' lang='lat' dir='ltr'><strong>potuit,</strong></span> <span class='ocrx_word' id='word_1_776' title='bbox 318 5360 473 5416; x_wconf 89' lang='lat' dir='ltr'><strong>perquam</strong></span> <span class='ocrx_word' id='word_1_777' title='bbox 496 5345 591 5417; x_wconf 90' lang='lat' dir='ltr'><strong>gratia</strong></span> <span class='ocrx_word' id='word_1_778' title='bbox 614 5344 695 5399; x_wconf 83' lang='lat' dir='ltr'><strong>veuit</strong></span> <span class='ocrx_word' id='word_1_779' title='bbox 720 5357 812 5414; x_wconf 90' lang='lat' dir='ltr'><strong>super</strong></span> <span class='ocrx_word' id='word_1_780' title='bbox 875 5341 1030 5397; x_wconf 90' lang='lat' dir='ltr'><strong>canticum.</strong></span> <span class='ocrx_word' id='word_1_781' title='bbox 1051 5338 1132 5394; x_wconf 90' lang='lat' dir='ltr'><strong>Nihil</strong></span> <span class='ocrx_word' id='word_1_782' title='bbox 1148 5338 1196 5393; x_wconf 92' lang='lat' dir='ltr'><strong>hic</strong></span> <span class='ocrx_word' id='word_1_783' title='bbox 1212 5341 1258 5393; x_wconf 90' lang='lat' dir='ltr'><strong>est</strong></span> <span class='ocrx_word' id='word_1_784' title='bbox 1276 5336 1354 5409; x_wconf 90' lang='lat' dir='ltr'><strong>quod</strong></span> <span class='ocrx_word' id='word_1_785' title='bbox 1370 5337 1500 5392; x_wconf 87' lang='lat' dir='ltr'><strong>animum</strong></span> <span class='ocrx_word' id='word_1_786' title='bbox 1510 5350 1570 5390; x_wconf 91' lang='lat' dir='ltr'><strong>non</strong></span> <span class='ocrx_word' id='word_1_787' title='bbox 1584 5331 1710 5400; x_wconf 88' lang='lat' dir='ltr'><strong>subeat,</strong></span> 
     </span>
     <span class='ocr_line' id='line_1_57' title="bbox 64 5418 1712 5505; baseline -0.008 -19"><span class='ocrx_word' id='word_1_788' title='bbox 64 5447 81 5486; x_wconf 89' lang='lat' dir='ltr'><strong>s</strong></span> <span class='ocrx_word' id='word_1_789' title='bbox 105 5431 184 5486; x_wconf 90' lang='lat' dir='ltr'><strong>tilios</strong></span> <span class='ocrx_word' id='word_1_790' title='bbox 201 5433 362 5487; x_wconf 89' lang='lat' dir='ltr'><strong>hominum.</strong></span> <span class='ocrx_word' id='word_1_791' title='bbox 378 5434 454 5503; x_wconf 85' lang='lat' dir='ltr'><strong>Are,</strong></span> <span class='ocrx_word' id='word_1_792' title='bbox 470 5432 574 5505; x_wconf 87' lang='lat' dir='ltr'><strong>inquit,</strong></span> <span class='ocrx_word' id='word_1_793' title='bbox 592 5433 691 5505; x_wconf 77' lang='lat' dir='ltr'><strong>gratie</strong></span> <span class='ocrx_word' id='word_1_794' title='bbox 711 5431 809 5504; x_wconf 87' lang='lat' dir='ltr'><strong>plena.</strong></span> <span class='ocrx_word' id='word_1_795' title='bbox 875 5427 1269 5502; x_wconf 87' lang='lat' dir='ltr'><strong>quodcornoupenetret,at</strong></span> <span class='ocrx_word' id='word_1_796' title='bbox 1284 5425 1362 5499; x_wconf 84' lang='lat' dir='ltr'><strong>quod</strong></span> <span class='ocrx_word' id='word_1_797' title='bbox 1377 5424 1513 5480; x_wconf 85' lang='lat' dir='ltr'><strong>atiectum</strong></span> <span class='ocrx_word' id='word_1_798' title='bbox 1530 5418 1712 5478; x_wconf 87' lang='lat' dir='ltr'><strong>nontransi·</strong></span> 
     </span>
     <span class='ocr_line' id='line_1_58' title="bbox 64 5506 1720 5593; baseline -0.007 -18"><span class='ocrx_word' id='word_1_799' title='bbox 64 5522 547 5593; x_wconf 85' lang='lat' dir='ltr'><strong>tussanctussnpervenietintest</strong></span> <span class='ocrx_word' id='word_1_800' title='bbox 557 5520 812 5577; x_wconf 83' lang='lat' dir='ltr'><strong>virtusAltissimi</strong></span> <span class='ocrx_word' id='word_1_801' title='bbox 876 5522 935 5591; x_wconf 89' lang='lat' dir='ltr'><strong>gut.</strong></span> <span class='ocrx_word' id='word_1_802' title='bbox 949 5517 1057 5588; x_wconf 88' lang='lat' dir='ltr'><strong>inipso</strong></span> <span class='ocrx_word' id='word_1_803' title='bbox 1073 5516 1174 5571; x_wconf 89' lang='lat' dir='ltr'><strong>auditu</strong></span> <span class='ocrx_word' id='word_1_804' title='bbox 1190 5514 1351 5570; x_wconf 89' lang='lat' dir='ltr'><strong>inardescit</strong></span> <span class='ocrx_word' id='word_1_805' title='bbox 1368 5528 1464 5581; x_wconf 87' lang='lat' dir='ltr'><strong>mens,</strong></span> <span class='ocrx_word' id='word_1_806' title='bbox 1474 5511 1579 5582; x_wconf 82' lang='lat' dir='ltr'><strong>flagrat</strong></span> <span class='ocrx_word' id='word_1_807' title='bbox 1589 5506 1720 5563; x_wconf 53' lang='lat' dir='ltr'><strong>desides</strong></span> 
     </span>
     <span class='ocr_line' id='line_1_59' title="bbox 64 5594 1710 5685; baseline -0.008 -21"><span class='ocrx_word' id='word_1_808' title='bbox 64 5609 809 5685; x_wconf 67' lang='lat' dir='ltr'><strong>brabittilri(l.uc.1).Ergosuparomnemgratiam,</strong></span> <span class='ocrx_word' id='word_1_809' title='bbox 877 5608 963 5676; x_wconf 89' lang='lat' dir='ltr'><strong>rium,</strong></span> <span class='ocrx_word' id='word_1_810' title='bbox 972 5603 1265 5676; x_wconf 87' lang='lat' dir='ltr'><strong>etconcupisceutias</strong></span> <span class='ocrx_word' id='word_1_811' title='bbox 1275 5603 1469 5659; x_wconf 88' lang='lat' dir='ltr'><strong>euasauimus</strong></span> <span class='ocrx_word' id='word_1_812' title='bbox 1479 5597 1610 5669; x_wconf 87' lang='lat' dir='ltr'><strong>ipseuon</strong></span> <span class='ocrx_word' id='word_1_813' title='bbox 1621 5594 1710 5666; x_wconf 89' lang='lat' dir='ltr'><strong>capit.</strong></span> 
     </span>
     <span class='ocr_line' id='line_1_60' title="bbox 64 5681 1721 5775; baseline -0.005 -21"><span class='ocrx_word' id='word_1_814' title='bbox 64 5702 149 5771; x_wconf 77' lang='lat' dir='ltr'><strong>itua3</strong></span> <span class='ocrx_word' id='word_1_815' title='bbox 166 5715 258 5775; x_wconf 87' lang='lat' dir='ltr'><strong>super</strong></span> <span class='ocrx_word' id='word_1_816' title='bbox 276 5716 363 5758; x_wconf 87' lang='lat' dir='ltr'><strong>omne</strong></span> <span class='ocrx_word' id='word_1_817' title='bbox 383 5701 533 5774; x_wconf 86' lang='lat' dir='ltr'><strong>meritum,</strong></span> <span class='ocrx_word' id='word_1_818' title='bbox 556 5699 731 5760; x_wconf 87' lang='lat' dir='ltr'><strong>excellentia</strong></span> <span class='ocrx_word' id='word_1_819' title='bbox 745 5700 808 5769; x_wconf 88' lang='lat' dir='ltr'><strong>tue,</strong></span> <span class='ocrx_word' id='word_1_820' title='bbox 877 5697 981 5771; x_wconf 91' lang='lat' dir='ltr'><strong>Neque</strong></span> <span class='ocrx_word' id='word_1_821' title='bbox 1005 5695 1084 5752; x_wconf 89' lang='lat' dir='ltr'><strong>enim</strong></span> <span class='ocrx_word' id='word_1_822' title='bbox 1107 5694 1174 5752; x_wconf 91' lang='lat' dir='ltr'><strong>sine</strong></span> <span class='ocrx_word' id='word_1_823' title='bbox 1189 5691 1383 5750; x_wconf 86' lang='lat' dir='ltr'><strong>delectatione</strong></span> <span class='ocrx_word' id='word_1_824' title='bbox 1400 5686 1499 5746; x_wconf 86' lang='lat' dir='ltr'><strong>audiri</strong></span> <span class='ocrx_word' id='word_1_825' title='bbox 1511 5687 1610 5764; x_wconf 83' lang='lat' dir='ltr'><strong>potest</strong></span> <span class='ocrx_word' id='word_1_826' title='bbox 1630 5681 1721 5766; x_wconf 77' lang='lat' dir='ltr'><strong>quoa·</strong></span> 
     </span>
    </p>
   </div>
   <div class='ocr_carea' id='block_1_3' title="bbox 0 0 1902 6022">
    <p class='ocr_par' dir='ltr' id='par_1_3' title="bbox 0 0 1902 6022">
     <span class='ocr_line' id='line_1_61' title="bbox 0 0 1902 6022; baseline 0 0"><span class='ocrx_word' id='word_1_827' title='bbox 0 0 1902 6022; x_wconf 95' lang='lat' dir='ltr'><strong> </strong></span> 
     </span>
    </p>
   </div>
  </div>
 </body>
</html>
