3796 6022
128 254 188 318 sar
509 244 728 316 ceraunia
748 233 807 314 ln
831 244 1023 316 nasonis
1046 245 1190 317 oram
1210 247 1478 319 nocuartca.

1800 257 1861 322 Q

129 455 227 509 carnis
251 453 437 508 commodum
459 452 665 516 detrimentum
688 452 794 508 animae
818 451 963 523 patienter
975 433 1007 497 Α
1021 454 1141 509 radians
1156 454 1331 526 splendidus
1345 458 1405 525 est,
1420 456 1466 511 sic
1481 455 1644 512 monachus
1658 455 1813 526 perfectus
1828 457 1858 512 in

67 567 68 570 ¹
128 545 287 599 sustinere.
1020 543 1181 598 sobrietate
1197 546 1225 598 et
1240 545 1373 601 castitate
1384 547 1414 599 et
1428 544 1517 600 corde
1527 543 1666 618 perviligi
1679 545 1711 600 in
1725 547 1859 617 tempore

1019 632 1211 701 psalmorum.
1223 631 1428 703 Sicutpondus
1439 632 1513 688 solia
1522 649 1660 704 premens
1671 632 1859 689 virumintir·

1019 736 1109 790 mum,
1122 721 1167 776 sic
1177 736 1301 777 somnus
1312 721 1444 777 inoculis
1460 722 1661 778 estmonachi.
1673 721 1859 794 Sicutspinae

928 848 939 900 t
955 860 961 873 ,
1019 812 1048 865 et
1062 810 1161 865 tribuli
1176 810 1207 865 in
1221 825 1295 882 agro
1306 811 1426 881 optimo,
1436 811 1481 866 sic
1499 811 1695 884 cogitationes
1709 815 1814 882 turpes
1829 812 1859 866 in

955 889 962 902 '
1021 899 1110 954 corde
1123 900 1271 955 monachi.
1285 898 1367 955 Sicut
1379 899 1457 955 tinea
1469 899 1643 955 exterminat
1649 900 1859 956 vestimentum

1021 987 1065 1042 sic
1081 987 1222 1044 detractio
1237 990 1365 1043 ammam
1381 988 1529 1044 monachi.
1556 988 1623 1044 Noli
1638 988 1682 1044 ire
1707 989 1745 1044 ad
1761 989 1856 1044 collo·

194 704 255 758 Trr.
273 701 425 756 (tXCVlll.
443 701 487 756 lle
504 701 583 756 trina
598 701 765 759 retectione
779 702 893 758 animae.

161 846 249 901 Trina
275 845 436 900 reiectione
459 845 540 899 Deus
562 845 688 899 aniciam
708 845 825 900 ildelem
842 846 927 916 pasci

124 934 319 1007 perverbum,
327 937 613 1004 persacrnmentum,
621 950 674 1004 per
684 934 831 1005 spiritum.
842 933 964 1000 Quando

128 1040 183 1079 nos
198 1040 251 1094 per
265 1022 357 1077 verba
371 1039 425 1077 sua
441 1026 663 1077 etsacramenta
680 1023 785 1093 rctlcit,
800 1022 965 1078 favumno-
1066 1076 1072 1087 ,
1204 1078 1209 1089 ,
1249 1077 1254 1088 ,
1389 1077 1395 1089 ,
1788 1077 1795 1089 ,

128 1111 494 1181 bisedendumproponit3
512 1112 710 1183 quandovero
725 1111 965 1182 iutusperspiri-
1023 1092 1126 1148 qmum
1139 1077 1285 1146 m⁰¹¹⁰f¹st
1315 1094 1353 1132 ¹¹⁰
1369 1093 1414 1132 ⁸¹⁸
1430 1077 1807 1151 ⁸⁰P⁸ffl¹¹¹⁸¹¹l⁰8⁰⁰⁰⁰l
1825 1077 1859 1132 Et

128 1205 189 1256 tum
206 1216 293 1254 sunm
309 1214 364 1254 nos
380 1199 491 1270 reficit,
506 1199 564 1253 mel
580 1199 667 1254 nobis
683 1199 864 1271 gustandum
877 1198 968 1256 eilua-
1022 1180 1059 1219 ¹¹⁰
1079 1165 1154 1219 v⁶¹¹⁸
1170 1165 1270 1221 d¹⁰⁰r⁰
1286 1181 1292 1220 ³
1312 1165 1433 1266 ΨΜ
1446 1182 1513 1266 ⁰¹¹¹,n
1537 1167 1671 1267 mu¹¹,⁰¹'⁰’
1685 1169 1716 1221 θ*
1729 1165 1858 1266 mun‘hfs

129 1290 180 1345 dit·
1023 1269 1100 1308 sum.
1116 1254 1280 1309 Monachus
1291 1254 1557 1325 sapiensmambus
1572 1271 1637 1311 suis
1648 1259 1799 1326 operatur,
1816 1272 1859 1308 vr-

1024 1346 1102 1397 ctum
1118 1342 1176 1397 sibi
1201 1342 1360 1414 acquirens
1384 1343 1596 1416 quotidianum,
1614 1347 1642 1398 et
1665 1344 1799 1398 lucratus
1815 1348 1859 1398 ost

165 1450 227 1505 T„
248 1448 377 1508 ρχριχ,
398 1449 442 1503 00
458 1454 623 1519 contempt„
637 1448 739 1503 mund,-
753 1449 930 1505 inducendo,
1024 1430 1174 1487 orationes
1190 1432 1218 1486 et
1229 1430 1344 1503 jejunia
1361 1447 1425 1487 sua.
1436 1431 1467 1487 Si
1482 1434 1579 1487 autem
1590 1430 1627 1486 ab
1642 1431 1860 1503 alieacceperit

1023 1518 1222 1592 victum,quid
1232 1519 1441 1592 prodestquod
1452 1524 1552 1576 oratet
1565 1521 1669 1594 vigilat
1684 1520 1764 1599 sicut
1779 1536 1859 1576 mer-

164 1610 295 1665 Primum
311 1611 347 1664 ad
363 1612 562 1680 contemptum
576 1609 678 1664 mundi
689 1609 898 1666 adminiculum
910 1615 965 1681 cst,
1024 1608 1162 1663 cenarius
1173 1608 1404 1665 malusetdurus
1415 1611 1429 1664 ‘l
1439 1608 1511 1675 Quia
1522 1610 1665 1681 scriptum
1676 1614 1737 1665 est:
1749 1607 1860 1665 Melius

128 1701 156 1755 si
173 1700 295 1771 coeperit
310 1699 396 1754 homo
406 1700 599 1770 semetipsum
610 1714 775 1770 agnoscere
787 1702 965 1755 curcrcatus
980 1744 1007 1807 B
1024 1696 1860 1772 etbeatiusestdarequamacciperefltrtctxr){tignorum

128 1789 177 1860 sit,
194 1794 222 1844 et
238 1788 366 1859 exquirit
382 1788 523 1842 lectorem
539 1804 625 1842 suum
642 1788 745 1858 Deum,
761 1791 831 1843 tnnc
846 1788 965 1858 incipiet
1023 1787 1108 1856 copia
1122 1786 1273 1858 ingentem
1288 1786 1413 1841 suscitat
1424 1787 1571 1842 flammam
1583 1786 1859 1856 ;multitudcautem

127 1879 271 1950 poenitere
287 1878 322 1932 de
337 1877 374 1931 iis
391 1893 457 1947 quae
473 1876 620 1932 commisit
630 1876 661 1930 in
671 1880 802 1947 tempore
813 1877 966 1949 negligen·
1023 1874 1395 1930 escaruminobedientiam
1402 1876 1527 1947 parturit
1534 1879 1564 1930 et
1572 1879 1707 1931 mortem.
1719 1875 1859 1949 indigens

127 1968 176 2022 tiae
192 1983 266 2022 suae.
283 1966 372 2020 Etsic
386 1966 504 2020 demum
515 1966 665 2037 benignus
677 1966 756 2020 Deus
767 1964 965 2021 datillitristi-
1021 1966 1154 2019 ventrem
1162 1963 1381 2020 inorationibus
1396 1964 1517 2037 vigilem
1533 1968 1664 2037 prestat,
1675 1967 1704 2019 at
1719 1979 1859 2020 coronam

127 2055 197 2111 tiam
213 2054 422 2126 propeccatis.
440 2054 474 2108 Et
490 2055 967 2126 posthaeciterumpersuambe-
1022 2053 1128 2108 animae
1153 2054 1288 2125 acquirit.
1322 2053 1464 2124 Repletus
1494 2056 1592 2108 autem
1617 2053 1715 2109 somni
1741 2053 1860 2109 inducet

128 2144 300 2217 nignitatem
311 2145 359 2199 dat
369 2143 411 2197 illi
422 2143 611 2198 afflictionem
622 2144 773 2214 corporis3
789 2143 819 2198 in
827 2143 963 2216 jejuniis,
1023 2143 1208 2214 gravitatem.
1220 2142 1331 2197 Oculus
1338 2143 1491 2215 gloriosus
1500 2143 1636 2198 convivia
1643 2146 1858 2215 perscrutatur,

127 2234 288 2307 invigiliis
298 2237 326 2287 et
334 2231 668 2300 orationisinstantia,et
676 2233 844 2302 contemptu
853 2232 964 2303 mundi,
1023 2230 1128 2290 oculus
1149 2234 1246 2286 autem
1262 2231 1635 2302 sapientiummeditatibur
1648 2232 1859 2287 continentiam

128 2327 156 2380 et
171 2327 202 2378 ut
216 2322 314 2377 libens
329 2321 425 2375 illatas
441 2320 567 2392 injurias
584 2318 715 2390 sufferat,
731 2322 760 2374 et
775 2318 842 2375 odio
859 2320 965 2376 habeat
1022 2323 1182 2391 martyrum
1190 2320 1508 2376 Formidolosusmiles
1518 2320 1664 2376 horrescit
1671 2319 1783 2388 tubam,
1794 2336 1859 2393 quar

126 2409 214 2468 omne
228 2410 419 2482 refrigerium
434 2409 597 2479 corporale,
615 2413 643 2463 et
653 2411 684 2463 ut
700 2408 802 2481 diligat
815 2408 964 2479 planctum
1022 2407 1133 2464 bellum
1148 2409 1319 2482 significan
1341 2412 1371 2464 et
1385 2409 1513 2482 gulosus
1529 2410 1703 2476 monachus,
1723 2409 1748 2466 si
1765 2410 1859 2466 absti-

126 2501 225 2573 magis
240 2516 328 2570 quam
345 2499 447 2553 risum.
468 2497 539 2551 Post
555 2498 619 2551 haec
635 2497 714 2551 Deus
726 2496 835 2552 tribuet
842 2496 886 2552 illi
895 2497 960 2553 desi
1023 2498 1152 2552 nentiam
1165 2497 1289 2567 auderit,
1305 2499 1578 2568 praedicantemncn
1587 2498 1745 2554 auscultat.
1763 2497 1860 2554 Flam·

97 2637 101 2642 Α
126 2590 240 2665 derium
252 2592 280 2642 et
303 2588 353 2642 liet
365 2588 468 2641 dumet
483 2587 632 2657 planctum
648 2589 675 2641 et
691 2584 924 2642 humiliationem
937 2591 966 2642 et
1024 2602 1070 2640 ma
1086 2602 1153 2641 cum
1169 2587 1328 2641 marcescit
1348 2588 1455 2644 iterum
1471 2587 1623 2658 elucescit,
1640 2587 1667 2642 si
1682 2587 1809 2660 accipiat
1824 2589 1859 2642 li·

125 2676 333 2745 humilitatem,
354 2679 385 2729 ut
409 2675 522 2730 trabem
546 2675 623 2730 oculi
643 2675 690 2730 sui
705 2675 889 2746 consideret;
906 2692 965 2733 non
1024 2691 1125 2746 gnum,
1143 2679 1171 2730 et
1185 2676 1276 2731 libido
1292 2676 1650 2750 sopitarursumignesoit
1661 2677 1690 2731 in
1706 2678 1860 2735 saturitate

125 2765 248 2822 alterius
265 2765 408 2820 festucam
424 2766 533 2819 nitatur
546 2780 662 2833 eruere,
679 2767 708 2818 et
728 2764 805 2818 dicat
826 2780 963 2836 semper:
1024 2780 1170 2820 escarum.
1188 2765 1255 2820 Non
1270 2765 1443 2821 miserearis
1468 2768 1613 2838 corporis,
1632 2767 1658 2821 si
1683 2766 1860 2823 lassitudine

130 2854 270 2923 Quoniam
277 2855 562 2928 iniquitatemmeam
570 2854 965 2926 eqocoqnosco,etdelictum
1024 2852 1175 2909 deiecerit.
1192 2854 1294 2926 Equus
1311 2856 1502 2911 consentiens
1517 2855 1655 2928 indigens
1668 2871 1789 2928 corpus,
1806 2872 1860 2912 nec

126 2962 221 3001 rreum
244 2951 346 3000 eontra
371 2960 418 2998 rue
443 2949 489 2998 est
511 2941 738 3014 scurpe1·(Psal.
755 2944 793 3013 n).
811 2943 847 2998 Et
861 2946 892 2998 ut
906 2944 965 3000 diei
1023 2956 1216 2997 ascensorem
1232 2943 1331 2999 delicit
1351 2961 1489 3016 unquam.
1506 2944 1754 3015 Concupiscentia
1769 2949 1861 3001 mater

125 3036 223 3091 exitus
239 3033 286 3089 sui
301 3050 414 3088 memor
431 3033 478 3104 sit,
497 3035 525 3086 et
535 3032 682 3103 quomodo
695 3033 725 3086 iu
739 3036 901 3103 conspectu
913 3032 966 3088 Dei
984 3060 1011 3124 ο
1023 3031 1167 3103 lrb1d1n1s3
1180 3031 1710 3106 oleumnutritlampademlucentem,
1723 3038 1753 3091 at
1760 3035 1860 3109 ignem

126 3141 309 3180 occursurus
321 3124 369 3194 sit,
382 3123 571 3194 etjudiciuet
581 3121 965 3191 poenasdescribatincon·
1025 3121 1149 3175 luxuriae
1179 3121 1314 3176 accendit
1343 3121 1541 3177 confabulatio
1569 3123 1736 3179 mulierum.
1754 3123 1859 3190 Facies

129 3218 234 3287 spectu
250 3215 356 3269 mentis
369 3227 449 3267 suae:
467 3227 583 3267 necnon
599 3214 627 3265 et
641 3212 762 3266 meritos
775 3210 905 3267 honores
915 3213 966 3284 qui
1024 3210 1104 3264 enim
1118 3210 1251 3265 mulieris
1277 3211 1438 3282 sagittaest
1449 3212 1614 3267 truculenta
1627 3213 1857 3286 3iatl3itvulnus

126 3305 216 3359 dandi
231 3306 301 3357 sunt
316 3302 439 3356 sanctis.
451 3301 505 3365 Qui
518 3304 614 3355 autem
631 3299 806 3372 cognoverit
820 3302 898 3373 quod
915 3317 968 3356 cor
1023 3299 1054 3353 in
1068 3299 1195 3354 animam
1209 3302 1237 3354 et
1248 3316 1404 3355 vencnum.
1422 3301 1502 3374 Fuge
1518 3301 1787 3358 contabulationem
1802 3319 1861 3358 mu·

126 3409 214 3448 suum
225 3392 342 3446 firmum
353 3391 437 3444 estin
447 3390 550 3444 timore
562 3390 678 3444 Domini
689 3405 696 3459 3
712 3393 741 3444 et
751 3406 810 3445 non
822 3391 967 3445 titubave-
1023 3386 1116 3458 lieris,
1128 3389 1154 3443 si
1171 3392 1272 3444 castus
1283 3404 1353 3444 esse
1369 3390 1510 3445 volueris.
1528 3391 1718 3446 Absccnsum
1726 3392 1860 3448 ostineis

125 3481 163 3536 rit
177 3481 215 3535 ad
229 3480 326 3534 locum
338 3495 435 3548 suum,
451 3479 504 3532 scd
517 3477 632 3532 sortiter
640 3478 782 3533 restiterit
792 3479 965 3534 adversario
1023 3491 1180 3532 venenum.
1194 3478 1290 3549 Magis
1306 3479 1431 3533 accedas
1447 3479 1483 3533 ad
1500 3479 1600 3552 ignem
1609 3481 1763 3537 ardentem
1771 3498 1859 3554 quam

126 3586 192 3640 suo,
211 3569 259 3624 ille
275 3568 426 3639 perlectus
440 3567 605 3621 monachus
616 3571 644 3621 et
655 3567 741 3622 miles
756 3567 866 3623 Christi
882 3583 968 3623 voca·
1023 3565 1059 3618 ad
1077 3565 1239 3622 mulierem.
1250 3567 1318 3622 Noli
1332 3567 1418 3636 velle,
1444 3569 1568 3624 cumeis
1581 3568 1714 3641 juvenis,
1731 3572 1859 3642 impetus

125 3739 187 3804 ictu
196 3748 340 3816 obruitur,
354 3747 398 3800 sio
413 3745 502 3800 multa
517 3745 678 3815 possidens
694 3745 858 3800 monachus
873 3746 903 3799 in
918 3747 966 3800 via
1021 3743 1101 3798 tione
1117 3742 1260 3800 mulieris.
1274 3744 1328 3810 Qui
1345 3746 1859 3820 repleveritventrcmetpromiserit

127 3839 295 3910 impeditur,
312 3837 386 3891 nillil
401 3836 572 3906 possidens,
590 3835 675 3906 quasi
692 3834 834 3906 aquilaad
845 3834 967 3889 celsitu·
1024 3833 1198 3904 castitatem,
1215 3834 1279 3904 ipse
1291 3834 1349 3889 sibi
1360 3836 1525 3890 mentietur.
1544 3836 1649 3891 Forma
1663 3838 1859 3907 pulchritudi-

128 3926 226 3983 dinem
240 3926 383 3996 pervolat,
399 3927 527 3996 tuncque
543 3924 640 3980 solum
651 3924 805 3979 descendit
815 3925 852 3979 ad
867 3939 965 3995 oscas,
1023 3921 1396 3994 nispejusquamprocclla
1404 3925 1718 3997 submergitspeciem
1726 3928 1860 3985 mulieris

129 4016 246 4088 quando
256 4012 968 4083 compellitnecessitas.Prudensmonachusnon
1024 4011 1052 4064 si
1063 4011 1155 4065 semel
1170 4016 1267 4067 mente
1279 4016 1464 4084 conceperis,
1474 4018 1502 4068 et
1518 4016 1612 4085 ipsam
1624 4016 1713 4071 vitam
1730 4023 1858 4073 contem·

129 4102 307 4171 adulabitur,
333 4105 453 4172 propter
476 4102 656 4172 voluptatem
673 4103 797 4173 ventris,
815 4102 967 4158 divitibus.
1025 4114 1096 4154 nore
1112 4089 1280 4170 persuadet
1292 4101 1329 4155 Ut
1340 4101 1452 4157 enimsi
1465 4104 1494 4157 in
1509 4103 1603 4174 paleis
1620 4108 1753 4161 uteretur
1768 4106 1859 4180 ignis,

129 4190 270 4261 Nihilque
294 4191 469 4260 possidens,
494 4195 524 4244 ut
547 4206 653 4245 cursor
671 4190 758 4262 levis,
775 4191 917 4247 velociter
932 4191 969 4246 ad
1026 4189 1133 4243 excitat
1149 4190 1303 4258 ltammam,
1321 4192 1365 4245 sio
1382 4194 1521 4247 memoria
1539 4192 1671 4248 mulieris
1682 4193 1860 4265 permanens

129 4279 266 4336 bravium
281 4296 419 4350 supernae
435 4279 600 4334 vocationis
617 4281 670 4335 Dei
689 4281 852 4352 perveniet.
873 4280 970 4336 Verus
1027 4279 1182 4333 succendit
1198 4279 1479 4350 concupiscentiam.
1501 4282 1631 4337 aculeus
1655 4286 1770 4354 peccati
1786 4285 1860 4340 iacta

129 4369 295 4425 monachus
310 4373 378 4439 post
393 4385 468 4439 opus
485 4369 666 4424 moderatum
677 4371 861 4426 orationibus
872 4369 1075 4436 etlec-Dest
1095 4367 1212 4421 lomina.
1236 4368 1337 4423 Omnis
1367 4370 1495 4425 societas
1526 4370 1683 4426 mulierum
1696 4373 1801 4446 gluten
1816 4378 1860 4430 est

130 4458 262 4515 tionibus
273 4462 368 4513 vacat.
380 4459 459 4513 Nihil
470 4459 630 4529 possidens
640 4459 803 4515 monachus
819 4440 969 4515 thesauri-

130 4553 176 4604 zat
200 4549 231 4603 in
254 4548 343 4616 coe103
367 4552 393 4601 cl
419 4549 497 4602 canit
511 4547 571 4602 Deo
586 4548 689 4602 laudes
704 4548 751 4602 die
767 4551 796 4603 et
814 4552 916 4620 nocte,
939 4552 969 4604 in

130 4637 237 4693 timore
252 4638 315 4693 Dei.
331 4637 473 4693 (ilci-ictio
486 4637 633 4708 monachi,
650 4637 823 4692 cumnullas
834 4654 883 4693 ros
894 4655 970 4709 prae·

132 4729 226 4782 sentis
250 4728 317 4782 vitae
343 4727 498 4797 possidere
524 4727 681 4782 desiderat.
705 4727 845 4783 Gloriatio
866 4744 970 4782 mona-

132 4816 191 4885 chi,
209 4817 319 4887 vigiliae
335 4821 363 4870 et
378 4818 463 4871 ssetus
480 4816 508 4870 in
525 4817 708 4871 orationibus
730 4817 805 4871 suis.
828 4816 969 4872 Gloriatio

133 4903 287 4973 monachi,
322 4907 517 4959 mansuetudo
550 4910 579 4960 et
611 4906 696 4960 tides.
731 4904 871 4960 Gloriatio
903 4922 969 4961 mo-

132 4990 234 5061 nachi,
266 4993 382 5062 quando
408 4994 499 5047 [lcum
524 5010 560 5047 ex
583 4998 642 5048 toto
667 4993 756 5048 corde
780 4994 917 5048 dilexerit
941 4998 970 5049 et

131 5079 299 5152 proximum
314 5095 402 5133 suum
416 5085 554 5152 tanquam
572 5083 715 5153 seipsum.
739 5083 879 5138 Gloriatio
903 5099 969 5138 mo·

132 5167 237 5239 nachi,
267 5168 443 5223 abstinentia
468 5186 618 5240 escarum,
650 5175 678 5226 ei
706 5170 883 5244 multiloquii
909 5172 969 5228 lin-

131 5255 968 5332 guae.Gloriatiomonachi,quandoverbaejusoperibus

133 5349 307 5405 consonant.
325 5344 465 5401 Gloriatio
480 5346 631 5415 monachi,
649 5348 767 5418 quando
783 5348 814 5403 in
829 5350 895 5406 loco
912 5366 968 5406 suo

131 5440 293 5511 permanet,
317 5438 346 5490 et
370 5436 427 5489 huc
449 5434 577 5506 illucque
599 5451 658 5491 non
678 5440 811 5508 vagatur.
828 5438 968 5494 Gloriatio

132 5526 270 5584 monachi
299 5524 508 5599 longanimitas
531 5540 597 5579 cum
620 5525 783 5582 humilitate
812 5531 840 5584 et
862 5530 967 5600 gratia.

132 5613 214 5679 Sicut
229 5616 342 5690 lampas
358 5613 512 5695 splendida
526 5613 557 5671 in
572 5614 637 5673 loco
652 5616 823 5690 tenebroso,
835 5619 912 5676 sicut
922 5617 968 5677 acl

1028 4454 1213 4527 delictorum,
1229 4462 1258 4512 et
1272 4460 1412 4530 tanquam
1435 4460 1519 4515 visco
1535 4461 1625 4515 nectit
1648 4465 1736 4517 cantu
1753 4479 1810 4519 suo
1824 4465 1859 4519 de

1027 4559 1087 4616 quo
1103 4544 1238 4600 diabolus
1254 4548 1386 4615 satiatur,
1403 4551 1452 4602 aut
1472 4549 1499 4602 si
1514 4550 1577 4605 risu
1602 4550 1796 4622 dissolvatur,
1812 4557 1861 4608 aut

1029 4636 1147 4688 cantare
1165 4633 1337 4692 delectetur.
1355 4636 1463 4691 Utilius
1490 4642 1536 4693 est
1560 4638 1661 4693 audire
1685 4640 1861 4697 basiliscum

1029 4723 1197 4778 sibilantem
1215 4740 1303 4796 quam
1320 4725 1473 4781 mulierem
1498 4731 1675 4783 cantantem.
1695 4728 1732 4784 Et
1744 4733 1776 4786 tu
1791 4731 1861 4801 quid

1027 4812 1161 4867 dicturus
1177 4829 1211 4868 es
1234 4813 1331 4868 nibil?
1346 4814 1498 4878 Quomodo
1509 4816 1590 4871 Elias
1605 4822 1861 4875 commoratusest

1027 4916 1094 4956 cum
1111 4902 1222 4956 vidua?
1237 4901 1304 4972 lpse
1319 4904 1369 4974 qui
1385 4904 1564 4975 discipulum
1578 4908 1605 4960 te
1620 4907 1696 4961 dicis
1712 4907 1798 4979 Etiam
1814 4909 1859 4965 iac

1026 4991 1104 5061 quod
1121 4990 1185 5061 ipse
1202 4989 1282 5045 Elias
1296 4990 1375 5047 iecit.
1394 4993 1501 5064 hccipe
1516 4994 1568 5049 tibi
1584 4998 1731 5052 tantorum
1746 4998 1860 5054 dieram

1026 5079 1154 5149 spatium
1165 5078 1360 5153 jejuniorum,
1378 5085 1409 5137 ut
1423 5083 1525 5154 possis
1544 5083 1575 5138 iu
1590 5083 1666 5140 coslo
1680 5100 1810 5160 regnare
1831 5087 1860 5142 in

1026 5167 1138 5224 secula
1153 5169 1343 5227 saeculorum.

1061 5311 1123 5368 Τιτ.
1140 5311 1196 5369 CC.
1214 5313 1258 5370 De
1273 5313 1419 5373 solutione
1448 5322 1572 5390 quatuor
1596 5318 1792 5393 quaestionum
1804 5335 1861 5396 per

1116 5437 1300 5512 llanulphurn
1315 5440 1352 5497 de
1366 5442 1520 5498 Maariaco
1537 5444 1770 5518 propositarum.

1062 5527 1148 5584 Huoo
1174 5529 1334 5585 Raacueuo
1358 5530 1395 5586 de
1419 5531 1578 5605 Mauriaeo,
1603 5537 1659 5592 etc.
1682 5535 1757 5596 Vide
1771 5553 1859 5614 snpra

1026 5617 1103 5674 inter
1118 5617 1260 5692 epistolas
1274 5618 1419 5695 Huponis,
1437 5620 1564 5700 Operum
1580 5629 1648 5685 tom.
1666 5624 1705 5687 II.
