3796 6022
126 335 191 407 478
505 341 724 409 arraumx
746 344 804 409 AD
825 343 1021 411 ausonia
1034 344 1186 411 OPERA
1205 343 1471 411 boemanos.
1793 345 1856 413 m

130 542 651 615 puissermonemmeumserraverii
662 550 785 601 laertem
799 561 854 601 oon
863 551 961 617 puste-
976 527 1005 589 Α
1019 548 1145 602 comedit
1159 552 1190 603 ut
1205 549 1297 604 sciret
1311 549 1422 621 eligere
1432 549 1613 605 bonumsed
1625 550 1695 622 quid
1710 549 1848 605 dicimus.

129 631 463 701 bitiuaeteruumtdoan.
473 634 959 706 vrri).llccebonumbutyrumSed
1018 634 1119 700 Qualis
1134 640 1180 692 est
1195 638 1260 693 laus
1275 638 1332 692 ista
1346 639 1382 705 (si
1390 642 1486 694 tamen
1498 638 1562 693 laus
1571 639 1694 694 dicenda
1711 639 1851 710 esttquod

129 721 214 776 adest
226 721 397 776 amaritudo.
407 722 441 777 Et
450 723 804 795 illi:Nuuccopnorimus,
814 724 959 795 inquiunt,
1018 724 1196 781 Daushoum
1220 743 1272 797 per
1293 727 1504 797 experientiam
1531 727 1641 781 bonum
1670 727 1783 793 didicit,
1801 728 1851 798 qui

129 810 195 881 quia
204 810 377 864 daeruouium
392 811 495 867 trabes.
506 813 658 868 Aluubam
667 819 799 868 ritortuus
808 819 889 868 estet
895 828 962 884 pro-
1017 812 1136 884 sempei·
1150 815 1227 870 idem
1236 816 1300 884 ipsa
1310 816 1426 871 bonitas
1437 816 1492 870 tuit
1501 815 1575 870 ‘ised
1584 815 1648 870 baec
1659 815 1850 885 pietatistaus

123 898 223 969 pbotse
233 917 243 962 ,·
252 904 281 952 et
292 904 321 952 tu
329 899 416 954 dicis:
427 900 462 955 Si
471 904 536 973 pitis
546 918 702 956 serrueneu
712 919 805 957 ineam
814 919 960 957 serrare·
1017 907 1073 973 cst,
1089 906 1118 958 et
1132 905 1312 974 praeconium
1320 904 1532 959 niisericordias
1543 903 1620 976 ejus,
1628 903 1680 975 qui
1691 920 1744 974 pro
1760 904 1849 960 uobis

128 985 183 1054 rit,
197 993 321 1041 mortem
338 1005 394 1042 uon
416 990 551 1061 prestabit
575 991 606 1045 iu
621 998 764 1045 aeternum
780 990 877 1058 (ibid).
902 991 960 1046 Sed
1022 991 1204 1049 itainctinari
1228 994 1367 1063 dignatus
1383 997 1439 1060 est,
1456 997 1487 1047 ut
1501 993 1636 1063 accipere
1652 995 1757 1063 posset
1769 993 1800 1047 in
1815 1008 1850 1047 eo

127 1074 217 1130 lesus
233 1075 540 1134 abrasaamaritudine
550 1080 586 1134 nd
596 1081 786 1151 esumbutpri
797 1096 830 1135 sc
841 1095 961 1134 conrar-
1023 1083 1102 1152 quod
1112 1084 1274 1152 assumpsit
1285 1083 1312 1136 id
1329 1083 1406 1153 quod
1423 1098 1542 1152 semper
1561 1082 1649 1137 habet
1675 1083 1706 1135 in
1722 1081 1852 1153 eoquod

126 1165 203 1232 tons,
213 1165 360 1230 aitmtmeu
369 1184 453 1222 arneu
465 1169 530 1222 dico
542 1169 634 1233 robis,
645 1177 799 1241 autequam
808 1168 963 1223 Abrabam
1018 1169 1080 1224 tuit.
1091 1170 1237 1226 Hocenirn
1245 1171 1418 1226 lleiisbozuo
1433 1186 1486 1240 per
1496 1170 1707 1241 experientiam
1718 1170 1852 1241 gustavit

126 1250 213 1307 deret
233 1269 287 1325 epo
302 1272 365 1310 sarni
378 1255 478 1326 (ibid.)
493 1257 589 1312 ludaei
604 1274 675 1312 vero
692 1274 810 1312 rursum
821 1257 960 1312 amaritu·
1019 1274 1056 1313 ex
1069 1260 1293 1331 temporemuod
1309 1275 1373 1330 ipse
1389 1259 1563 1314 homolleus
1580 1260 1851 1329 pernaturamerat

126 1340 224 1397 dinem
235 1349 440 1415 aspergentes,
460 1345 589 1400 tulerunt
603 1346 718 1417 lapides
735 1353 763 1400 ut
773 1347 914 1416 jacerent
930 1347 963 1400 in
1019 1363 1056 1402 ex
1066 1349 1238 1403 aeternitate.
1257 1349 1336 1420 Ergo
1356 1348 1411 1404 mel
1424 1348 1552 1403 comedit
1566 1347 1728 1402 divinitatis
1744 1347 1850 1402 buma-

128 1445 193 1484 euro
208 1430 306 1501 (ibid).
324 1433 359 1487 Et
373 1434 509 1504 sequitur
524 1435 692 1505 reprobatio
710 1435 786 1489 anati.
805 1435 893 1490 destas
908 1452 960 1488 au-
1019 1438 1105 1506 nitnS,
1124 1453 1239 1492 cutnse
1256 1437 1361 1492 infudit
1385 1441 1472 1507 atque
1501 1437 1595 1491 univit
1609 1436 1768 1491 intirmituti
1784 1453 1848 1490 mu·

125 1525 184 1574 tem
199 1519 402 1584 absconditae
418 1529 448 1577 et
463 1524 558 1578 (exirit
573 1525 609 1579 dc
625 1523 731 1595 tenrplo
741 1523 840 1592 (ibid.)
856 1524 960 1578 Adbuc
1017 1524 1124 1596 jestas.
1144 1526 1186 1580 lbi
1201 1527 1326 1580 humanu
1337 1527 1536 1596 noturapleno
1548 1518 1692 1579 satietatis
1699 1528 1792 1596 gustu
1802 1541 1852 1580 su·

123 1608 278 1664 videamus
293 1610 364 1664 alibi
375 1628 381 1666 :
392 1612 603 1667 Asrrbularitiu
610 1612 909 1684 porticuSalomouis.
920 1613 960 1675 b't
1018 1630 1140 1685 pernam
1154 1615 1340 1670 dulcedinem
1356 1614 1473 1669 haurire
1486 1616 1582 1684 capit,
1599 1614 1651 1669 ubi
1665 1616 1757 1669 totum
1771 1613 1851 1684 quod

124 1698 384 1755 circumdaberunt
399 1717 472 1766 cum
490 1702 625 1757 dieerrtrs
642 1719 648 1758 :
668 1702 819 1773 Quousque
835 1703 961 1756 arrianam
1018 1707 1064 1758 est
1080 1703 1308 1758 Deusinetlabili
1320 1704 1478 1775 gratiasibi
1491 1703 1602 1758 unitum
1614 1702 1850 1775 accepit,l'amen

125 1792 257 1841 nostram
274 1788 353 1842 tollis
368 1789 382 1843 ?
396 1790 431 1844 Si
448 1797 477 1844 tu
493 1807 526 1844 es
541 1791 689 1858 CbristuS,
702 1792 750 1846 dic
766 1792 852 1846 uobis
863 1790 958 1863 palam
1018 1794 1175 1847 comedere
1190 1793 1319 1848 hominis
1335 1796 1406 1861 erat,
1424 1808 1493 1846 esse
1504 1792 1604 1846 cibum
1618 1791 1851 1846 divinitatis.i·'e·

124 1875 221 1944 (dean.
238 1886 279 1946 x),
295 1881 323 1932 et
339 1878 387 1934 ille
404 1895 410 1934 :
435 1879 551 1952 Loquor
570 1880 661 1945 robis,
680 1886 709 1934 rt
733 1897 790 1935 uon
819 1880 956 1935 creditis,
1018 1898 1069 1936 rus
1085 1897 1158 1953 ergo
1174 1882 1262 1936 bomo
1274 1881 1570 1951 Emmanuelquimel
1583 1880 1711 1935 comedit
1723 1880 1850 1936 utsciret

126 1962 222 2037 Opera
238 1983 300 2038 qma
315 1983 369 2038 epo
392 1967 469 2022 brieio
491 1968 521 2022 iu
543 1969 659 2023 notariae
680 1969 785 2023 Patris
807 1969 876 2038 arici,
894 1969 957 2039 ipsa
1017 1970 1128 2042 eligere
1144 1970 1262 2025 boumn.
1280 1970 1459 2024 Veruslleus
1469 1968 1650 2037 Emmanuel,
1664 1969 1715 2040 qui
1734 1968 1851 2023 meituit

125 2054 959 2129 testimouiumpertubantdeinc,eccebutyrum,sedros
1017 2075 1075 2113 nen
1091 2076 1143 2129 per
1158 2059 1368 2129 experientiam
1393 2059 1525 2125 obscene,
1551 2058 1605 2112 sed
1636 2073 1688 2128 per
1717 2060 1850 2113 naturam

124 2158 181 2197 nou
197 2145 325 2199 creditis
346 2145 444 2216 (ibid).
470 2163 540 2202 ecce
556 2147 728 2202 amaritudo.
751 2148 890 2219 Sequitur
914 2163 958 2201 re·
1017 2148 1258 2218 scicnsseipsum
1271 2148 1391 2202 bonum.
1411 2147 1494 2202 Unus
1505 2150 1642 2202 tamenet
1656 2147 1733 2201 idam
1749 2161 1803 2216 per·
1817 2161 1850 2200 se

123 2232 257 2302 probatio
275 2249 281 2287 :
300 2234 372 2298 Quia
389 2252 445 2289 nou
462 2237 538 2291 estis
553 2254 592 2290 aa
606 2236 712 2290 eritius
722 2238 798 2290 meis
812 2236 909 2306 (ibid).
923 2235 958 2289 bt
1016 2241 1046 2291 et
1059 2253 1113 2307 per
1127 2241 1260 2291 naturam
1277 2238 1377 2291 sciens
1393 2240 1482 2305 etper
1498 2235 1713 2305 experientiam
1730 2235 1852 2290 discens

125 2337 245 2377 rursum
262 2338 268 2377 :
286 2323 350 2394 Epo
366 2330 490 2395 reputer
506 2342 590 2381 uuum
602 2341 701 2379 suiuus
712 2325 809 2394 (ibid).
822 2340 892 2379 eece
907 2325 958 2378 bu·
1015 2325 1088 2389 Quia
1105 2326 1181 2380 idem
1193 2326 1257 2396 ipse
1268 2324 1755 2394 beumaecepitperexperientiam
1771 2323 1851 2394 quod

123 2411 228 2481 tyrum.
242 2410 389 2483 Sequitur:
403 2412 668 2485 l'uleruntlupides
678 2414 773 2469 durlaci
783 2414 957 2483 utjaccrent
1017 2413 1071 2467 tuit
1086 2414 1165 2467 Deus
1180 2414 1244 2482 ipse
1262 2430 1313 2483 per
1329 2413 1505 2466 naturam0
1523 2413 1694 2467 Emmanuel
1709 2412 1852 2479 benemo-

124 2498 235 2553 inourn
259 2500 369 2571 (ibid),
399 2518 469 2556 ecce
500 2502 604 2557 iterum
633 2503 807 2570 amaritudo,
836 2502 893 2557 Sed
910 2501 958 2557 ille
1018 2502 1136 2556 bisc-um
1152 2503 1242 2569 Deua,
1259 2506 1414 2572 propterea
1428 2506 1458 2555 tu
1473 2502 1613 2570 butyrum
1624 2505 1653 2555 et
1676 2500 1734 2554 mel
1750 2515 1849 2554 comc-

123 2588 326 2643 amaritudinis
336 2591 616 2662 gustuiabappetitu
626 2591 792 2645 dulcedinis
800 2590 959 2645 avcrtinon
1015 2591 1085 2644 dere
1101 2590 1231 2660 potuisti,
1250 2591 1318 2660 quia
1333 2590 1505 2644 Emmanuel
1522 2589 1617 2644 tactus
1633 2605 1667 2644 es
1692 2589 1849 2643 nobiscum

125 2679 247 2746 poterat.
260 2677 334 2732 Nam
349 2679 495 2734 subditur:
505 2679 668 2750 ltrspeudit
677 2679 824 2742 eisdesus,
835 2679 957 2734 diceus:
1016 2681 1190 2736 lleus.l)eus
1205 2681 1365 2750 enimapud
1373 2685 1412 2750 te,
1425 2697 1479 2735 uec
1487 2681 1622 2750 accipere
1633 2678 1755 2748 potuisti
1771 2678 1849 2748 quod

124 2765 218 2821 Multa
228 2767 400 2839 operabona
412 2768 530 2822 ostendi
542 2769 625 2822 r'olris
636 2768 776 2823 erPotro
786 2768 956 2836 ureotibirt),
1015 2785 1092 2838 eras,
1110 2785 1163 2824 nce
1178 2771 1256 2840 qarod
1274 2786 1332 2823 non
1348 2785 1414 2823 cras
1430 2769 1589 2823 sustinere.
1607 2768 1766 2837 Propterea
1784 2766 1848 2820 Em·

124 2855 173 2911 hic
188 2860 234 2911 est
244 2856 390 2928 butyrum.
401 2857 732 2927 Sequiturzamaritudu,
745 2856 958 2928 Propterquod
1015 2859 1130 2913 manuel
1148 2859 1241 2912 lactus
1259 2875 1292 2913 es
1311 2858 1466 2912 nobiscum
1479 2858 1569 2925 Deus,
1586 2860 1616 2911 ut
1632 2857 1660 2909 iu
1676 2858 1779 2911 nostro
1797 2855 1849 2909 hu·

125 2961 195 3017 opus
211 2963 255 3001 rue
270 2945 411 3017 lapidatis
425 2946 526 3015 (ibid.)
542 2946 578 2999 Et
604 2946 674 2999 alibi
695 2946 790 3000 adbuc
806 2945 893 2999 aliam
908 2962 957 3000 su·
1014 2947 1153 3013 initiatus,
1172 2948 1200 3001 in
1216 2949 1281 3016 ipso
1296 2951 1323 3001 et
1335 2948 1463 3015 desuper
1474 2946 1551 3017 quod
1567 2949 1719 2999 tuumcrat
1733 2943 1847 3014 aeripe-

123 3050 177 3104 per
192 3034 292 3090 aliam:
307 3035 485 3100 Quaerebant
496 3036 793 3106 ortenapprebeudere
806 3034 957 3104 (deniare)
1014 3052 1074 3105 res,
1091 3040 1119 3091 et
1140 3037 1218 3107 quod
1243 3040 1378 3090 uestrum
1407 3038 1471 3089 erat
1494 3035 1611 3101 sabine,
1628 3033 1680 3087 tibi
1697 3033 1843 3087 sociares.

124 3123 181 3179 Sed
194 3124 374 3196 ipsemalam
386 3125 698 3195 1·eprobanscrirude
714 3124 849 3179 trientibus
858 3141 956 3179 corum
973 3124 1267 3221 clirgoEmnmnuel
1280 3126 1375 3179 tactus
1387 3139 1420 3178 es
1432 3124 1589 3178 nobiseum
1605 3123 1729 3188 Dmrs,ut
1737 3135 1847 3191 posses

124 3212 955 3284 thuidsingulana1·ramus?lta1·ounquaminvenimus
1013 3214 1149 3285 butyrum
1164 3218 1192 3268 et
1211 3215 1267 3267 met
1298 3213 1462 3280 comedere,
1493 3216 1521 3267 at
1538 3212 1614 3266 inter
1629 3209 1848 3265 comedendum

125 3302 228 3357 lesum
239 3303 512 3357 sineumaritudiue
528 3303 724 3357 111unducasse
740 3302 888 3373 butyrum.
902 3301 955 3355 Po·
1012 3303 1270 3370 msceresdronum
1280 3303 1407 3373 eligens,
1420 3297 1765 3369 malumrep1·obare.Sed
1775 3296 1847 3369 quid

123 3391 521 3445 stremonovissimamillam
532 3391 955 3464 triagnumqueamaritudinem
1012 3391 1100 3446 dico?
1116 3393 1183 3463 quis
1195 3395 1240 3446 est
1256 3391 1376 3460 sapiens
1386 3395 1416 3444 ut
1425 3388 1654 3460 iidetligatbaec?
1665 3386 1767 3451 Qualis
1775 3400 1848 3457 ergo

123 3477 280 3550 hutprique
297 3479 481 3535 dulcedinem
496 3481 624 3552 niatiipre
637 3481 872 3551 reprobationem
888 3480 956 3550 quis
1011 3482 1137 3536 tuticus
1153 3496 1221 3534 eras
1237 3480 1376 3550 antiquus
1391 3494 1407 3532 u
1428 3477 1572 3548 principie
1589 3476 1638 3547 qui
1654 3476 1686 3529 ιιι
1701 3474 1847 3545 principio

125 3567 320 3624 considerans
335 3585 394 3624 non
410 3570 692 3640 mireturtt'cpendit
706 3570 849 3624 Doniinus
865 3569 955 3622 lesus
1010 3568 1250 3624 lucemdirisisti
1268 3585 1302 3622 ac
1327 3567 1476 3634 teriebrus,
1507 3565 1534 3619 si
1562 3565 1671 3619 bonum
1693 3563 1848 3635 eligereet

125 3655 156 3715 in
171 3674 259 3714 cruce
270 3662 301 3714 ut
316 3675 369 3730 pro
384 3659 502 3729 pietatis
522 3659 677 3714 dulcedine
694 3658 832 3731 poculum
847 3674 954 3711 amarae
1010 3658 1117 3712 malum
1134 3657 1293 3727 reprobare
1303 3655 1523 3710 nesciebasibn
1535 3654 1610 3708 torte
1621 3657 1649 3707 et
1660 3653 1717 3706 boc
1727 3651 1847 3707 nescire

124 3749 228 3803 mortis
244 3749 425 3822 degustaret,
443 3753 471 3803 et
479 3749 731 3804 circumdantibus
742 3764 808 3801 euni
825 3745 953 3802 inimicis
1010 3745 1126 3800 uirtutis
1143 3749 1213 3812 erut,
1230 3749 1260 3799 et
1274 3745 1389 3799 discere
1406 3743 1596 3815 dignationis,
1613 3741 1681 3813 quia
1696 3740 1844 3795 clectioad

123 3840 210 3909 atque
222 3841 289 3910 post
302 3838 366 3893 dira
381 3840 503 3893 vulnera
518 3854 610 3894 voces
636 3836 825 3907 blasphemas
841 3836 871 3888 in
886 3850 954 3889 eum
1011 3834 1139 3888 divinam
1155 3837 1286 3888 naturum
1302 3832 1515 3902 nonpertinuit,
1531 3829 1619 3901 cujus
1631 3829 1666 3883 ad
1674 3828 1846 3883 utrumlibet

120 3926 417 3998 jaculantibus,ipse,
428 3927 583 3982 suavitatis
593 3926 651 3981 cibi
666 3926 713 3980 sui
724 3925 952 3987 noirinimemor,
1010 3938 1044 3978 se
1060 3924 1169 3978 babere
1185 3939 1242 3976 non
1259 3921 1312 3976 tuit
1322 3925 1336 3975 ‘t
1352 3921 1432 3992 Ergo
1448 3919 1619 3974 Emmanuel
1637 3919 1750 3989 eligere
1765 3919 1844 3971 etre-

123 4015 184 4071 uit:
203 4016 305 4080 Pater,
322 4017 506 4088 ipuosceeis,
524 4017 589 4088 quia
612 4015 746 4070 nesciunt
759 4013 828 4086 quid
842 4013 954 4068 iaciunt
1011 4012 1134 4082 probare
1150 4011 1260 4079 didicit,
1286 4010 1353 4081 quia
1365 4010 1416 4080 qui
1435 4010 1466 4063 in
1490 4008 1536 4063 sui
1555 4011 1656 4062 natura
1682 4006 1844 4061 conditioni

123 4104 383 4173 (Lucmxurtlicce
399 4105 535 4174 butyrum
545 4106 696 4175 optimum,
709 4103 826 4174 magnis
836 4102 954 4173 quidem
1011 4117 1070 4155 non
1084 4100 1267 4172 subjacebat,
1275 4099 1305 4153 in
1317 4096 1549 4153 nostmliberum
1560 4095 1715 4150 arbitrium
1729 4110 1846 4149 ussum·

124 4193 372 4249 amaritudiuibus
386 4193 460 4248 toris
478 4196 678 4263 uspereunuet
692 4196 789 4247 tamen
803 4191 955 4246 dulcorem
1010 4190 1079 4258 psit.
1098 4189 1150 4244 Cui
1168 4189 1197 4243 in
1213 4204 1247 4242 se
1264 4188 1437 4242 confirmato
1448 4185 1526 4239 dedit
1537 4200 1627 4255 posse
1637 4200 1697 4239 non
1711 4199 1804 4253 posse
1816 4185 1850 4237 iu

125 4297 212 4337 suum
222 4282 347 4339 interius
362 4297 545 4337 conservans
560 4281 740 4337 illaesumUt
754 4296 827 4353 ergo
838 4281 956 4335 demon·
1011 4277 1123 4332 mulum
1137 4278 1273 4345 deiicere,
1287 4275 1391 4330 ctbeni
1402 4274 1575 4329 electionem
1589 4273 1741 4327 voluntate
1752 4272 1846 4326 libera

124 4371 388 4442 waretquodsine
399 4371 587 4441 corruptione
602 4370 838 4425 suaedulcedinis
849 4371 954 4439 sponte
1012 4367 1078 4421 sina
1093 4367 1255 4420 coactione.
1281 4364 1384 4434 Neque
1414 4363 1525 4417 ulrico
1555 4361 1847 4416 minusliberumeo

123 4460 347 4516 amaritudinem
363 4461 559 4531 suscepisset,
570 4460 774 4529 expostulans
789 4458 829 4512 ait
845 4474 851 4512 :
865 4457 953 4512 Silio.
969 4467 1000 4528 Π
1012 4454 1092 4525 quod
1107 4470 1161 4509 nec
1176 4454 1254 4507 eliud
1272 4452 1432 4523 patipossit
1442 4450 1707 4518 voluntariummec
1722 4449 1847 4505 adalind

123 4551 165 4606 Aa
178 4549 225 4604 illi
239 4550 408 4605 obtulerunt
420 4551 449 4604 ei
464 4557 577 4604 ecetram
600 4566 664 4603 curu
680 4548 751 4602 telle
766 4548 884 4602 mistum
900 4565 909 4610 ,·
926 4551 954 4600 et
1014 4543 1148 4613 campelli
1161 4543 1294 4597 invitum.
1311 4541 1367 4594 Sed
1385 4539 1495 4593 idcirco
1511 4554 1580 4593 rere
1598 4542 1627 4592 et
1638 4554 1753 4592 summe
1768 4538 1846 4594 libe-

123 4657 186 4696 cum
200 4645 363 4713 postesset,
380 4639 473 4694 uoluit
488 4638 596 4693 bibere
608 4638 705 4706 (deon.
731 4642 803 4704 xix).
820 4635 956 4692 Gustavit

122 4733 152 4785 et
165 4729 343 4800 reprobavit,
362 4729 430 4800 quia
445 4728 585 4783 sustinuit
601 4731 630 4782 et
644 4725 762 4797 abjecit.
780 4725 893 4780 Passus
910 4725 957 4778 ast

123 4820 153 4873 et
180 4817 341 4888 supererit.
359 4816 634 4888 Nunqaidnenjam
644 4813 954 4887 palantestquotuodo

123 4905 295 4962 Emmanuel
320 4909 423 4962 noster
436 4907 574 4976 buturum
603 4904 737 4959 comedat
765 4908 795 4957 ut
818 4903 896 4956 sciat
909 4916 956 4955 re

120 4994 252 5067 prodere
267 4994 372 5051 malum
384 4996 398 5051 ?
411 4997 483 5060 Quia
500 4996 528 5049 in
544 4994 664 5049 bomine
691 4993 770 5047 Deus
798 5007 874 5061 opus
890 4991 955 5060 pie-

123 5079 955 5154 tatisexbibeus,etimpiorumpersecutionemsustinens

124 5189 213 5244 quam
226 5173 269 5229 sit
280 5172 463 5243 reprobanda
478 5187 582 5226 comm
595 5169 726 5240 prauitas
732 5184 784 5239 per
798 5168 956 5238 experien-

122 5261 195 5317 tiam
208 5261 315 5330 sensit,
337 5277 426 5332 quam
456 5275 509 5330 per
523 5257 736 5329 prouidentiam
766 5257 850 5327 prius
879 5256 956 5312 idem

124 5351 191 5422 ipse
207 5350 388 5421 reprobavit.

160 5440 247 5497 Nauae
261 5439 334 5494 libet
347 5437 455 5492 intueri
470 5435 618 5507 qmiuado
630 5436 686 5492 mal
698 5435 831 5491 comedat
842 5434 956 5489 Emona»

124 5530 195 5586 nuel
204 5530 270 5597 iste,
289 5533 320 5581 ut
329 5527 408 5581 sciat
418 5525 533 5597 stipere
545 5524 659 5580 bonuau.
684 5524 717 5580 ln
731 5527 822 5597 gustu
838 5523 958 5595 quidem

125 5617 222 5674 uuus
241 5614 315 5672 nihil
329 5613 533 5671 mestitudinis
543 5613 701 5683 muamus,
711 5616 740 5669 et
754 5614 959 5684 proptereate

126 5709 187 5761 tum
202 5704 283 5785 quad
296 5703 339 5760 ibi
351 5703 446 5761 estab
461 5703 638 5787 amarante
645 5702 777 5778 ababuc.
801 5700 883 5774 Erpa
900 5699 958 5756 mel

1014 4649 1089 4701 rum,
1106 4631 1173 4702 quin
1189 4647 1248 4685 non
1264 4629 1359 4700 pessit
1374 4629 1420 4684 vel
1436 4627 1514 4682 aliud
1530 4628 1589 4697 pati
1605 4642 1692 4698 quam
1709 4626 1846 4698 velle,rel

1013 4720 1092 4776 atiud
1107 4720 1182 4775 vello
1198 4734 1284 4790 quam
1300 4733 1400 4787 posse,
1411 4717 1475 4771 eive
1487 4716 1566 4770 atiud
1577 4730 1668 4786 posse
1678 4715 1848 4786 quambene

1013 4810 1100 4864 velle.
1117 4808 1166 4862 Sic
1184 4807 1353 4862 Emmanuel
1370 4806 1507 4877 butyrum
1531 4804 1633 4860 etmel
1663 4803 1801 4870 comedit,
1819 4809 1849 4857 ut

1013 4903 1089 4953 serat
1104 4896 1270 4970 reprobare
1279 4895 1384 4949 litatum
1400 4899 1429 4949 et
1439 4892 1747 4966 eliperebouum,quia
1759 4891 1848 4946 inhu·

1014 5003 1101 5041 mana
1117 4987 1231 5054 natura,
1248 5000 1335 5056 quam
1355 4983 1529 5053 assumpsit,
1556 4980 1721 5035 rationabili
1734 4979 1849 5052 judicio

1014 5074 1178 5130 voluntatis
1195 5076 1307 5128 sauctae
1323 5071 1430 5126 uratum
1439 5071 1571 5125 deseruit
1585 5073 1613 5124 et
1627 5069 1737 5123 bonum
1748 5068 1849 5139 elegit,

1015 5164 1093 5218 sicut
1108 5163 1253 5233 scriptum
1268 5165 1330 5216 est:
1344 5158 1643 5231 ltilexistijustttiarn
1653 5163 1682 5211 et
1693 5157 1786 5211 odisti
1794 5157 1851 5210 iui-

1016 5254 1157 5326 quitatem
1173 5271 1182 5317 ,·
1195 5256 1355 5322 propteroa
1369 5249 1454 5304 uexit
1469 5255 1498 5303 te
1509 5247 1599 5316 Deus,
1610 5247 1691 5301 licus
1707 5251 1775 5300 tuus
1789 5245 1853 5301 oleo

1015 5341 1130 5398 letitie
1140 5357 1204 5413 prro
1213 5338 1403 5395 consortibus
1415 5337 1474 5392 tuis
1484 5335 1681 5406 (Psabxmr).
1694 5334 1790 5390 Simili
1804 5349 1853 5406 ge-

1017 5446 1087 5486 nero
1102 5429 1262 5486 locutionis
1279 5428 1315 5483 de
1331 5427 1396 5498 ipso
1408 5426 1478 5480 dicit
1497 5425 1656 5496 tipostolus
1667 5440 1673 5478 :
1684 5424 1724 5479 Et
1735 5423 1852 5496 quidem

1017 5537 1080 5576 curu
1097 5528 1178 5577 essct
1195 5516 1290 5571 Filius
1304 5517 1371 5584 lter,
1387 5515 1493 5570 didicit
1505 5531 1544 5570 eu
1558 5514 1606 5568 bis
1620 5517 1853 5586 eompassuscst

1017 5607 1227 5664 obedientiam.
1256 5611 1285 5660 et
1305 5608 1520 5660 consummatus
1540 5601 1637 5657 taetus
1652 5606 1699 5656 est
1715 5600 1853 5656 omnibus

1017 5694 1292 5773 obtemperantibus
1301 5692 1362 5750 sibi
1377 5707 1464 5749 causa
1480 5688 1812 5759 salutisaeteraaetlieb.
1823 5698 1853 5758 r)
