<?xml version="1.0" encoding="UTF-8"?>
<!DOCTYPE html PUBLIC "-//W3C//DTD XHTML 1.0 Transitional//EN"
    "http://www.w3.org/TR/xhtml1/DTD/xhtml1-transitional.dtd">
<html xmlns="http://www.w3.org/1999/xhtml" xml:lang="en" lang="en">
 <head>
  <title>
</title>
<meta http-equiv="Content-Type" content="text/html;charset=utf-8" />
  <meta name='ocr-system' content='tesseract 3.04.00' />
  <meta name='ocr-capabilities' content='ocr_page ocr_carea ocr_par ocr_line ocrx_word'/>
</head>
<body>
  <div class='ocr_page' id='page_1' title='image "./patrologiaecurs28unkngoog/patrologiaecurs28unkngoog_0173.png"; bbox 0 0 3796 6022; ppageno 0'>
   <div class='ocr_carea' id='block_1_1' title="bbox 543 272 1884 344">
    <p class='ocr_par' dir='ltr' id='par_1_1' title="bbox 543 272 1884 344">
     <span class='ocr_line' id='line_1_1' title="bbox 543 272 1884 344; baseline 0 0"><span class='ocrx_word' id='word_1_1' title='bbox 543 274 764 344; x_wconf 80' lang='lat' dir='ltr'>APPENDIX</span> <span class='ocrx_word' id='word_1_2' title='bbox 786 278 844 343; x_wconf 79' lang='lat' dir='ltr'>Aa</span> <span class='ocrx_word' id='word_1_3' title='bbox 868 272 1059 343; x_wconf 85' lang='lat' dir='ltr'>HUGONIS</span> <span class='ocrx_word' id='word_1_4' title='bbox 1083 277 1226 341; x_wconf 84' lang='lat' dir='ltr'>OPERA</span> <span class='ocrx_word' id='word_1_5' title='bbox 1248 276 1513 344; x_wconf 79' lang='lat' dir='ltr'>DOGMATICA.</span> <span class='ocrx_word' id='word_1_6' title='bbox 1827 280 1884 344; x_wconf 86' lang='grc'>336</span> 
     </span>
    </p>
   </div>
   <div class='ocr_carea' id='block_1_2' title="bbox 611 479 1048 489">
    <p class='ocr_par' dir='ltr' id='par_1_2' title="bbox 611 479 1048 489">
     <span class='ocr_line' id='line_1_2' title="bbox 611 479 1048 489; baseline -0.005 -1"><span class='ocrx_word' id='word_1_7' title='bbox 611 479 1048 489; x_wconf 48' lang='lat' dir='ltr'>mma--.m</span> 
     </span>
    </p>
   </div>
   <div class='ocr_carea' id='block_1_3' title="bbox 386 631 1665 746">
    <p class='ocr_par' dir='ltr' id='par_1_3' title="bbox 386 631 1665 746">
     <span class='ocr_line' id='line_1_3' title="bbox 386 631 1665 746; baseline -0.005 0"><span class='ocrx_word' id='word_1_8' title='bbox 386 631 755 746; x_wconf 83' lang='lat' dir='ltr'><strong>SPECULUM</strong></span> <span class='ocrx_word' id='word_1_9' title='bbox 796 631 884 742; x_wconf 85' lang='lat' dir='ltr'>DE</span> <span class='ocrx_word' id='word_1_10' title='bbox 926 631 1298 744; x_wconf 76' lang='lat' dir='ltr'>llYS&#39;l&#39;EltllS</span> <span class='ocrx_word' id='word_1_11' title='bbox 1341 631 1665 746; x_wconf 84' lang='lat' dir='ltr'>llCLESllE.</span> 
     </span>
    </p>
   </div>
   <div class='ocr_carea' id='block_1_4' title="bbox 125 1003 1892 5714">
    <p class='ocr_par' dir='ltr' id='par_1_4' title="bbox 125 1003 1892 5714">
     <span class='ocr_line' id='line_1_4' title="bbox 469 1003 1881 1074; baseline -0.001 -16"><span class='ocrx_word' id='word_1_12' title='bbox 469 1003 678 1059; x_wconf 81' lang='lat' dir='ltr'>PROLOGUS.</span> <span class='ocrx_word' id='word_1_13' title='bbox 1051 1019 1138 1073; x_wconf 92' lang='lat' dir='ltr'>quam</span> <span class='ocrx_word' id='word_1_14' title='bbox 1149 1003 1214 1056; x_wconf 90' lang='lat' dir='ltr'>aliis</span> <span class='ocrx_word' id='word_1_15' title='bbox 1231 1003 1400 1073; x_wconf 71' lang='lat' dir='ltr'>pradicant,</span> <span class='ocrx_word' id='word_1_16' title='bbox 1413 1004 1571 1057; x_wconf 87' lang='lat' dir='ltr'>virtutibus</span> <span class='ocrx_word' id='word_1_17' title='bbox 1583 1020 1616 1057; x_wconf 88' lang='lat' dir='ltr'>sc</span> <span class='ocrx_word' id='word_1_18' title='bbox 1627 1020 1643 1057; x_wconf 91' lang='lat' dir='ltr'>a</span> <span class='ocrx_word' id='word_1_19' title='bbox 1655 1020 1760 1058; x_wconf 80' lang='lat' dir='ltr'>selune</span> <span class='ocrx_word' id='word_1_20' title='bbox 1771 1005 1881 1074; x_wconf 69' lang='lat' dir='ltr'>pecuali</span> 
     </span>
     <span class='ocr_line' id='line_1_5' title="bbox 193 1052 1879 1165; baseline -0.004 -14"><span class='ocrx_word' id='word_1_21' title='bbox 193 1095 235 1151; x_wconf 88' lang='lat' dir='ltr'>Da</span> <span class='ocrx_word' id='word_1_22' title='bbox 252 1094 445 1150; x_wconf 70' lang='lat' dir='ltr'>sacramentis</span> <span class='ocrx_word' id='word_1_23' title='bbox 462 1093 690 1163; x_wconf 82' lang='lat' dir='ltr'>ecclesiasticis,</span> <span class='ocrx_word' id='word_1_24' title='bbox 707 1096 737 1147; x_wconf 91' lang='lat' dir='ltr'>ut</span> <span class='ocrx_word' id='word_1_25' title='bbox 752 1095 922 1161; x_wconf 66' lang='lat' dir='ltr'>tractarem,</span> <span class='ocrx_word' id='word_1_26' title='bbox 939 1109 990 1147; x_wconf 91' lang='lat' dir='ltr'>co·</span> <span class='ocrx_word' id='word_1_27' title='bbox 1005 1052 1034 1112; x_wconf 77' lang='grc' dir='ltr'>Α</span> <span class='ocrx_word' id='word_1_28' title='bbox 1050 1092 1223 1161; x_wconf 81' lang='lat' dir='ltr'>excitantes,</span> <span class='ocrx_word' id='word_1_29' title='bbox 1237 1109 1344 1162; x_wconf 86' lang='lat' dir='ltr'>eorpus</span> <span class='ocrx_word' id='word_1_30' title='bbox 1355 1110 1441 1146; x_wconf 89' lang='lat' dir='ltr'>suum</span> <span class='ocrx_word' id='word_1_31' title='bbox 1451 1095 1605 1165; x_wconf 71' lang='lat' dir='ltr'>castigant.</span> <span class='ocrx_word' id='word_1_32' title='bbox 1617 1093 1699 1147; x_wconf 70' lang='lat' dir='ltr'>[Inde</span> <span class='ocrx_word' id='word_1_33' title='bbox 1709 1094 1879 1163; x_wconf 73' lang='lat' dir='ltr'>Apostolus:</span> 
     </span>
     <span class='ocr_line' id='line_1_6' title="bbox 157 1174 1892 1256; baseline -0.004 -15"><span class='ocrx_word' id='word_1_34' title='bbox 157 1200 281 1256; x_wconf 77' lang='lat' dir='ltr'>cunique</span> <span class='ocrx_word' id='word_1_35' title='bbox 301 1183 455 1253; x_wconf 67' lang='lat' dir='ltr'>mysticam</span> <span class='ocrx_word' id='word_1_36' title='bbox 478 1182 663 1236; x_wconf 87' lang='lat' dir='ltr'>dulcedinem</span> <span class='ocrx_word' id='word_1_37' title='bbox 683 1183 770 1235; x_wconf 82' lang='lat' dir='ltr'>vobis</span> <span class='ocrx_word' id='word_1_38' title='bbox 796 1198 989 1252; x_wconf 80' lang='lat' dir='ltr'><strong>exponerem,</strong></span> <span class='ocrx_word' id='word_1_39' title='bbox 1051 1182 1171 1250; x_wconf 74' lang='lat' dir='ltr'>Caslipo</span> <span class='ocrx_word' id='word_1_40' title='bbox 1180 1198 1285 1252; x_wconf 70' lang='lat' dir='ltr'>erirpus</span> <span class='ocrx_word' id='word_1_41' title='bbox 1294 1199 1387 1234; x_wconf 81' lang='lat' dir='ltr'>iocum</span> <span class='ocrx_word' id='word_1_42' title='bbox 1399 1188 1427 1234; x_wconf 89' lang='lat' dir='ltr'>el</span> <span class='ocrx_word' id='word_1_43' title='bbox 1437 1184 1467 1235; x_wconf 88' lang='grc' dir='ltr'>ιιι</span> <span class='ocrx_word' id='word_1_44' title='bbox 1477 1183 1653 1235; x_wconf 73' lang='lat' dir='ltr'>seruitutem</span> <span class='ocrx_word' id='word_1_45' title='bbox 1662 1183 1805 1252; x_wconf 68' lang='lat' dir='ltr'>redigat!</span> <span class='ocrx_word' id='word_1_46' title='bbox 1816 1174 1892 1235; x_wconf 73' lang='lat' dir='ltr'>Cor.¹</span> 
     </span>
     <span class='ocr_line' id='line_1_7' title="bbox 155 1270 1882 1342; baseline -0.003 -15"><span class='ocrx_word' id='word_1_47' title='bbox 155 1278 256 1328; x_wconf 89' lang='lat' dir='ltr'>vestra</span> <span class='ocrx_word' id='word_1_48' title='bbox 271 1271 387 1342; x_wconf 79' lang='lat' dir='ltr'>rogavit</span> <span class='ocrx_word' id='word_1_49' title='bbox 402 1270 529 1324; x_wconf 87' lang='lat' dir='ltr'>dilectio.</span> <span class='ocrx_word' id='word_1_50' title='bbox 547 1272 619 1324; x_wconf 79' lang='lat' dir='ltr'>llum</span> <span class='ocrx_word' id='word_1_51' title='bbox 635 1275 731 1324; x_wconf 89' lang='lat' dir='ltr'>autem</span> <span class='ocrx_word' id='word_1_52' title='bbox 748 1270 903 1340; x_wconf 86' lang='lat' dir='ltr'>libentius,</span> <span class='ocrx_word' id='word_1_53' title='bbox 924 1272 992 1342; x_wconf 90' lang='lat' dir='ltr'>quia</span> <span class='ocrx_word' id='word_1_54' title='bbox 1047 1272 1099 1335; x_wconf 79' lang='lat' dir='ltr'>ixl.</span> <span class='ocrx_word' id='word_1_55' title='bbox 1118 1270 1153 1323; x_wconf 93' lang='lat' dir='ltr'>lli</span> <span class='ocrx_word' id='word_1_56' title='bbox 1170 1270 1254 1323; x_wconf 87' lang='lat' dir='ltr'>etiam</span> <span class='ocrx_word' id='word_1_57' title='bbox 1272 1274 1388 1325; x_wconf 83' lang='lat' dir='ltr'>vertunt</span> <span class='ocrx_word' id='word_1_58' title='bbox 1405 1287 1437 1323; x_wconf 85' lang='lat' dir='ltr'>se.</span> <span class='ocrx_word' id='word_1_59' title='bbox 1450 1274 1550 1324; x_wconf 72' lang='lat' dir='ltr'>‹riiutra</span> <span class='ocrx_word' id='word_1_60' title='bbox 1562 1275 1691 1338; x_wconf 84' lang='lat' dir='ltr'>ventum,</span> <span class='ocrx_word' id='word_1_61' title='bbox 1707 1272 1825 1341; x_wconf 71' lang='lat' dir='ltr'>aplaudo</span> <span class='ocrx_word' id='word_1_62' title='bbox 1843 1272 1882 1322; x_wconf 84' lang='lat' dir='ltr'>lu·</span> 
     </span>
     <span class='ocr_line' id='line_1_8' title="bbox 155 1358 1881 1431; baseline -0.002 -16"><span class='ocrx_word' id='word_1_63' title='bbox 155 1361 273 1415; x_wconf 81' lang='lat' dir='ltr'>facilius</span> <span class='ocrx_word' id='word_1_64' title='bbox 283 1365 309 1414; x_wconf 90' lang='lat' dir='ltr'>et</span> <span class='ocrx_word' id='word_1_65' title='bbox 320 1359 487 1428; x_wconf 78' lang='lat' dir='ltr'>audentiuS,</span> <span class='ocrx_word' id='word_1_66' title='bbox 497 1360 611 1430; x_wconf 84' lang='lat' dir='ltr'>logicas</span> <span class='ocrx_word' id='word_1_67' title='bbox 622 1376 709 1430; x_wconf 91' lang='lat' dir='ltr'>quam</span> <span class='ocrx_word' id='word_1_68' title='bbox 720 1360 915 1431; x_wconf 81' lang='lat' dir='ltr'>theologicas,</span> <span class='ocrx_word' id='word_1_69' title='bbox 924 1360 992 1431; x_wconf 80' lang='lat' dir='ltr'>jure</span> <span class='ocrx_word' id='word_1_70' title='bbox 1048 1358 1194 1428; x_wconf 87' lang='lat' dir='ltr'>crepando</span> <span class='ocrx_word' id='word_1_71' title='bbox 1212 1363 1238 1413; x_wconf 91' lang='grc' dir='ltr'>ει</span> <span class='ocrx_word' id='word_1_72' title='bbox 1254 1360 1407 1430; x_wconf 88' lang='lat' dir='ltr'>urguendo</span> <span class='ocrx_word' id='word_1_73' title='bbox 1420 1363 1521 1412; x_wconf 88' lang='lat' dir='ltr'>centra</span> <span class='ocrx_word' id='word_1_74' title='bbox 1534 1360 1660 1413; x_wconf 88' lang='lat' dir='ltr'>rebelles</span> <span class='ocrx_word' id='word_1_75' title='bbox 1671 1361 1785 1413; x_wconf 84' lang='lat' dir='ltr'>sortiter</span> <span class='ocrx_word' id='word_1_76' title='bbox 1800 1361 1881 1412; x_wconf 74' lang='lat' dir='ltr'>‹liuu-</span> 
     </span>
     <span class='ocr_line' id='line_1_9' title="bbox 156 1446 1883 1520; baseline -0.001 -17"><span class='ocrx_word' id='word_1_77' title='bbox 156 1449 391 1517; x_wconf 88' lang='lat' dir='ltr'>consuetudinis,</span> <span class='ocrx_word' id='word_1_78' title='bbox 409 1448 559 1502; x_wconf 76' lang='lat' dir='ltr'>revolvam</span> <span class='ocrx_word' id='word_1_79' title='bbox 575 1446 738 1502; x_wconf 89' lang='lat' dir='ltr'>sententias</span> <span class='ocrx_word' id='word_1_80' title='bbox 754 1448 888 1502; x_wconf 88' lang='lat' dir='ltr'>dubitare</span> <span class='ocrx_word' id='word_1_81' title='bbox 904 1449 990 1519; x_wconf 70' lang='lat' dir='ltr'>caepi,</span> <span class='ocrx_word' id='word_1_82' title='bbox 1047 1451 1113 1501; x_wconf 87' lang='lat' dir='ltr'>eant</span> <span class='ocrx_word' id='word_1_83' title='bbox 1130 1449 1174 1502; x_wconf 85' lang='lat' dir='ltr'>rel</span> <span class='ocrx_word' id='word_1_84' title='bbox 1192 1451 1343 1516; x_wconf 87' lang='lat' dir='ltr'>resistunt,</span> <span class='ocrx_word' id='word_1_85' title='bbox 1363 1466 1398 1503; x_wconf 92' lang='lat' dir='ltr'>ue</span> <span class='ocrx_word' id='word_1_86' title='bbox 1416 1451 1483 1519; x_wconf 89' lang='lat' dir='ltr'>lupo</span> <span class='ocrx_word' id='word_1_87' title='bbox 1500 1451 1634 1504; x_wconf 82' lang='lat' dir='ltr'>veniente</span> <span class='ocrx_word' id='word_1_88' title='bbox 1650 1450 1827 1520; x_wconf 76' lang='lat' dir='ltr'>queruloque</span> <span class='ocrx_word' id='word_1_89' title='bbox 1844 1449 1883 1502; x_wconf 85' lang='lat' dir='ltr'>tu·</span> 
     </span>
     <span class='ocr_line' id='line_1_10' title="bbox 156 1536 1880 1610; baseline 0 -18"><span class='ocrx_word' id='word_1_90' title='bbox 156 1554 193 1592; x_wconf 92' lang='lat' dir='ltr'>an</span> <span class='ocrx_word' id='word_1_91' title='bbox 210 1538 422 1603; x_wconf 74' lang='lat' dir='ltr'>contradicere,</span> <span class='ocrx_word' id='word_1_92' title='bbox 440 1552 477 1589; x_wconf 87' lang='lat' dir='ltr'>en</span> <span class='ocrx_word' id='word_1_93' title='bbox 502 1536 600 1605; x_wconf 89' lang='lat' dir='ltr'>potius</span> <span class='ocrx_word' id='word_1_94' title='bbox 625 1537 758 1590; x_wconf 87' lang='lat' dir='ltr'>scribere</span> <span class='ocrx_word' id='word_1_95' title='bbox 779 1536 992 1599; x_wconf 72' lang='lat' dir='ltr'>mallenultox</span> <span class='ocrx_word' id='word_1_96' title='bbox 1046 1538 1129 1607; x_wconf 88' lang='lat' dir='ltr'>gissa</span> <span class='ocrx_word' id='word_1_97' title='bbox 1146 1542 1316 1609; x_wconf 81' lang='lat' dir='ltr'>arguantur.</span> <span class='ocrx_word' id='word_1_98' title='bbox 1336 1539 1425 1610; x_wconf 80' lang='lat' dir='ltr'>t&#39;irga</span> <span class='ocrx_word' id='word_1_99' title='bbox 1447 1538 1542 1592; x_wconf 80' lang='lat' dir='ltr'>ferrea</span> <span class='ocrx_word' id='word_1_100' title='bbox 1565 1540 1594 1592; x_wconf 90' lang='lat' dir='ltr'>in</span> <span class='ocrx_word' id='word_1_101' title='bbox 1613 1555 1669 1610; x_wconf 93' lang='lat' dir='ltr'>qua</span> <span class='ocrx_word' id='word_1_102' title='bbox 1685 1538 1783 1609; x_wconf 87' lang='lat' dir='ltr'>gallus</span> <span class='ocrx_word' id='word_1_103' title='bbox 1800 1539 1880 1592; x_wconf 88' lang='lat' dir='ltr'>sedet</span> 
     </span>
     <span class='ocr_line' id='line_1_11' title="bbox 155 1624 1879 1696; baseline 0 -16"><span class='ocrx_word' id='word_1_104' title='bbox 155 1630 227 1680; x_wconf 83' lang='lat' dir='ltr'>v&#39;ero</span> <span class='ocrx_word' id='word_1_105' title='bbox 243 1626 314 1679; x_wconf 91' lang='lat' dir='ltr'>illud</span> <span class='ocrx_word' id='word_1_106' title='bbox 329 1625 465 1679; x_wconf 75' lang='lat' dir='ltr'>recolens</span> <span class='ocrx_word' id='word_1_107' title='bbox 482 1624 559 1695; x_wconf 91' lang='lat' dir='ltr'>quod</span> <span class='ocrx_word' id='word_1_108' title='bbox 569 1641 655 1679; x_wconf 91' lang='lat' dir='ltr'>omne</span> <span class='ocrx_word' id='word_1_109' title='bbox 670 1626 779 1678; x_wconf 91' lang='lat' dir='ltr'>bonum</span> <span class='ocrx_word' id='word_1_110' title='bbox 794 1626 992 1679; x_wconf 87' lang='lat' dir='ltr'>communica·</span> <span class='ocrx_word' id='word_1_111' title='bbox 1046 1628 1159 1680; x_wconf 89' lang='lat' dir='ltr'>rectum</span> <span class='ocrx_word' id='word_1_112' title='bbox 1174 1630 1365 1696; x_wconf 60' lang='lat' dir='ltr'>repraesentat</span> <span class='ocrx_word' id='word_1_113' title='bbox 1381 1642 1548 1680; x_wconf 81' lang='lat' dir='ltr'>seiauonem</span> <span class='ocrx_word' id='word_1_114' title='bbox 1560 1627 1759 1696; x_wconf 73' lang='lat' dir='ltr'>praedicantis,</span> <span class='ocrx_word' id='word_1_115' title='bbox 1776 1631 1807 1680; x_wconf 92' lang='lat' dir='ltr'>ut</span> <span class='ocrx_word' id='word_1_116' title='bbox 1824 1644 1879 1680; x_wconf 90' lang='lat' dir='ltr'>nou</span> 
     </span>
     <span class='ocr_line' id='line_1_12' title="bbox 154 1713 1879 1785; baseline 0.001 -16"><span class='ocrx_word' id='word_1_117' title='bbox 154 1717 217 1769; x_wconf 92' lang='lat' dir='ltr'>tum</span> <span class='ocrx_word' id='word_1_118' title='bbox 231 1714 386 1785; x_wconf 88' lang='lat' dir='ltr'>pulchrius</span> <span class='ocrx_word' id='word_1_119' title='bbox 402 1714 557 1783; x_wconf 87' lang='lat' dir='ltr'>elucescit,</span> <span class='ocrx_word' id='word_1_120' title='bbox 575 1731 641 1768; x_wconf 86' lang='lat' dir='ltr'>cum</span> <span class='ocrx_word' id='word_1_121' title='bbox 659 1715 901 1783; x_wconf 88' lang='lat' dir='ltr'>communicatur,</span> <span class='ocrx_word' id='word_1_122' title='bbox 919 1730 991 1767; x_wconf 90' lang='lat' dir='ltr'>con·</span> <span class='ocrx_word' id='word_1_123' title='bbox 1045 1713 1182 1785; x_wconf 87' lang='lat' dir='ltr'>loquutur</span> <span class='ocrx_word' id='word_1_124' title='bbox 1206 1732 1242 1769; x_wconf 87' lang='lat' dir='ltr'>cx</span> <span class='ocrx_word' id='word_1_125' title='bbox 1266 1715 1370 1785; x_wconf 86' lang='lat' dir='ltr'>spiritu</span> <span class='ocrx_word' id='word_1_126' title='bbox 1397 1715 1540 1784; x_wconf 87' lang='lat' dir='ltr'>hominis,</span> <span class='ocrx_word' id='word_1_127' title='bbox 1564 1715 1617 1769; x_wconf 87' lang='lat' dir='ltr'>sed</span> <span class='ocrx_word' id='word_1_128' title='bbox 1643 1716 1693 1769; x_wconf 91' lang='lat' dir='ltr'>Ilei</span> <span class='ocrx_word' id='word_1_129' title='bbox 1717 1718 1879 1770; x_wconf 86' lang='lat' dir='ltr'>secundum</span> 
     </span>
     <span class='ocr_line' id='line_1_13' title="bbox 155 1802 1878 1877; baseline 0 -19"><span class='ocrx_word' id='word_1_130' title='bbox 155 1807 316 1874; x_wconf 83' lang='lat' dir='ltr'>sequenter</span> <span class='ocrx_word' id='word_1_131' title='bbox 330 1803 439 1874; x_wconf 68' lang='lat' dir='ltr'>stplum</span> <span class='ocrx_word' id='word_1_132' title='bbox 455 1803 490 1855; x_wconf 87' lang='lat' dir='ltr'>ad</span> <span class='ocrx_word' id='word_1_133' title='bbox 503 1803 694 1856; x_wconf 88' lang='lat' dir='ltr'>scribendum</span> <span class='ocrx_word' id='word_1_134' title='bbox 706 1804 848 1872; x_wconf 78' lang='lat' dir='ltr'>converti,</span> <span class='ocrx_word' id='word_1_135' title='bbox 866 1802 932 1874; x_wconf 86' lang='lat' dir='ltr'>ejus</span> <span class='ocrx_word' id='word_1_136' title='bbox 948 1804 990 1856; x_wconf 90' lang='lat' dir='ltr'>ia·</span> <span class='ocrx_word' id='word_1_137' title='bbox 1046 1803 1223 1873; x_wconf 64' lang='lat' dir='ltr'>Scripturas</span> <span class='ocrx_word' id='word_1_138' title='bbox 1238 1802 1323 1873; x_wconf 81' lang='lat' dir='ltr'>juxta</span> <span class='ocrx_word' id='word_1_139' title='bbox 1340 1803 1410 1857; x_wconf 91' lang='lat' dir='ltr'>illud</span> <span class='ocrx_word' id='word_1_140' title='bbox 1422 1805 1482 1857; x_wconf 64' lang='lat' dir='ltr'>z&#39;Si</span> <span class='ocrx_word' id='word_1_141' title='bbox 1493 1805 1559 1876; x_wconf 78' lang='lat' dir='ltr'>piris</span> <span class='ocrx_word' id='word_1_142' title='bbox 1573 1804 1702 1876; x_wconf 81' lang='lat' dir='ltr'>loquitur</span> <span class='ocrx_word' id='word_1_143' title='bbox 1714 1807 1799 1877; x_wconf 83' lang='lat' dir='ltr'>quasi</span> <span class='ocrx_word' id='word_1_144' title='bbox 1814 1823 1878 1858; x_wconf 79' lang='lat' dir='ltr'>ser-</span> 
     </span>
     <span class='ocr_line' id='line_1_14' title="bbox 153 1892 1878 1965; baseline 0.001 -19"><span class='ocrx_word' id='word_1_145' title='bbox 153 1897 257 1948; x_wconf 86' lang='lat' dir='ltr'>vecate</span> <span class='ocrx_word' id='word_1_146' title='bbox 274 1893 394 1961; x_wconf 85' lang='lat' dir='ltr'>auxilie,</span> <span class='ocrx_word' id='word_1_147' title='bbox 412 1893 461 1965; x_wconf 87' lang='lat' dir='ltr'>qui</span> <span class='ocrx_word' id='word_1_148' title='bbox 476 1892 573 1963; x_wconf 86' lang='lat' dir='ltr'>aperit</span> <span class='ocrx_word' id='word_1_149' title='bbox 592 1900 621 1946; x_wconf 88' lang='lat' dir='ltr'>et</span> <span class='ocrx_word' id='word_1_150' title='bbox 643 1907 726 1947; x_wconf 85' lang='lat' dir='ltr'>uciuo</span> <span class='ocrx_word' id='word_1_151' title='bbox 741 1892 861 1956; x_wconf 85' lang='lat' dir='ltr'>claudit,</span> <span class='ocrx_word' id='word_1_152' title='bbox 880 1892 990 1946; x_wconf 78' lang='lat' dir='ltr'>claudit</span> <span class='ocrx_word' id='word_1_153' title='bbox 1044 1908 1146 1946; x_wconf 74' lang='lat' dir='ltr'>triones</span> <span class='ocrx_word' id='word_1_154' title='bbox 1161 1892 1217 1946; x_wconf 84' lang='lat' dir='ltr'>Dei</span> <span class='ocrx_word' id='word_1_155' title='bbox 1236 1893 1265 1957; x_wconf 74' lang='lat' dir='ltr'>(l</span> <span class='ocrx_word' id='word_1_156' title='bbox 1282 1893 1368 1946; x_wconf 81' lang='lat' dir='ltr'>I’etr.</span> <span class='ocrx_word' id='word_1_157' title='bbox 1390 1892 1439 1946; x_wconf 78' lang='grc' dir='ltr'>ιιι.</span> <span class='ocrx_word' id='word_1_158' title='bbox 1457 1893 1538 1956; x_wconf 77' lang='lat' dir='ltr'>Quod</span> <span class='ocrx_word' id='word_1_159' title='bbox 1555 1893 1639 1964; x_wconf 84' lang='lat' dir='ltr'>virga</span> <span class='ocrx_word' id='word_1_160' title='bbox 1657 1899 1703 1947; x_wconf 88' lang='lat' dir='ltr'>est</span> <span class='ocrx_word' id='word_1_161' title='bbox 1720 1910 1809 1964; x_wconf 91' lang='lat' dir='ltr'>supra</span> <span class='ocrx_word' id='word_1_162' title='bbox 1829 1912 1878 1964; x_wconf 88' lang='lat' dir='ltr'>per</span> 
     </span>
     <span class='ocr_line' id='line_1_15' title="bbox 153 1981 1877 2053; baseline -0.002 -15"><span class='ocrx_word' id='word_1_163' title='bbox 153 1987 183 2038; x_wconf 84' lang='lat' dir='ltr'>at</span> <span class='ocrx_word' id='word_1_164' title='bbox 195 1999 279 2036; x_wconf 84' lang='lat' dir='ltr'>neure</span> <span class='ocrx_word' id='word_1_165' title='bbox 291 1983 388 2053; x_wconf 80' lang='lat' dir='ltr'>aperit</span> <span class='ocrx_word' id='word_1_166' title='bbox 401 1983 503 2052; x_wconf 70' lang='lat' dir='ltr'>(ripae.</span> <span class='ocrx_word' id='word_1_167' title='bbox 517 1984 568 2052; x_wconf 78' lang='lat' dir='ltr'>ru).</span> <span class='ocrx_word' id='word_1_168' title='bbox 583 1982 787 2036; x_wconf 82' lang='lat' dir='ltr'>Desideratum</span> <span class='ocrx_word' id='word_1_169' title='bbox 800 1983 897 2052; x_wconf 86' lang='lat' dir='ltr'>itaque</span> <span class='ocrx_word' id='word_1_170' title='bbox 907 1981 989 2035; x_wconf 89' lang='lat' dir='ltr'>libel·</span> <span class='ocrx_word' id='word_1_171' title='bbox 1044 1996 1163 2034; x_wconf 87' lang='lat' dir='ltr'>cruccm</span> <span class='ocrx_word' id='word_1_172' title='bbox 1188 1982 1282 2050; x_wconf 88' lang='lat' dir='ltr'>posita</span> <span class='ocrx_word' id='word_1_173' title='bbox 1298 1982 1391 2035; x_wconf 93' lang='lat' dir='ltr'>iuuuil</span> <span class='ocrx_word' id='word_1_174' title='bbox 1407 1998 1574 2035; x_wconf 86' lang='lat' dir='ltr'>sermonem</span> <span class='ocrx_word' id='word_1_175' title='bbox 1592 1983 1810 2051; x_wconf 76' lang='lat' dir='ltr'>Scriptiuaruur</span> <span class='ocrx_word' id='word_1_176' title='bbox 1827 1999 1877 2053; x_wconf 93' lang='lat' dir='ltr'>per</span> 
     </span>
     <span class='ocr_line' id='line_1_16' title="bbox 150 2070 1875 2140; baseline 0 -16"><span class='ocrx_word' id='word_1_177' title='bbox 150 2070 212 2125; x_wconf 91' lang='lat' dir='ltr'>lum</span> <span class='ocrx_word' id='word_1_178' title='bbox 225 2072 341 2126; x_wconf 88' lang='lat' dir='ltr'>interno</span> <span class='ocrx_word' id='word_1_179' title='bbox 359 2072 496 2125; x_wconf 83' lang='lat' dir='ltr'>liuentem</span> <span class='ocrx_word' id='word_1_180' title='bbox 519 2075 651 2140; x_wconf 85' lang='lat' dir='ltr'>nectare,</span> <span class='ocrx_word' id='word_1_181' title='bbox 665 2070 745 2124; x_wconf 84' lang='lat' dir='ltr'>velut</span> <span class='ocrx_word' id='word_1_182' title='bbox 761 2070 859 2124; x_wconf 80' lang='lat' dir='ltr'>favum</span> <span class='ocrx_word' id='word_1_183' title='bbox 880 2070 986 2138; x_wconf 87' lang='lat' dir='ltr'>mellis,</span> <span class='ocrx_word' id='word_1_184' title='bbox 1044 2085 1164 2123; x_wconf 89' lang='lat' dir='ltr'>crucem</span> <span class='ocrx_word' id='word_1_185' title='bbox 1179 2073 1414 2124; x_wconf 87' lang='lat' dir='ltr'>consummatum</span> <span class='ocrx_word' id='word_1_186' title='bbox 1435 2074 1547 2125; x_wconf 78' lang='lat' dir='ltr'>asscel</span> <span class='ocrx_word' id='word_1_187' title='bbox 1564 2072 1776 2126; x_wconf 80' lang='lat' dir='ltr'>confirmatum.</span> <span class='ocrx_word' id='word_1_188' title='bbox 1795 2072 1875 2125; x_wconf 69' lang='lat' dir='ltr'>{fudo</span> 
     </span>
     <span class='ocr_line' id='line_1_17' title="bbox 150 2158 1873 2232; baseline -0.001 -18"><span class='ocrx_word' id='word_1_189' title='bbox 150 2162 261 2215; x_wconf 87' lang='lat' dir='ltr'>vestrae</span> <span class='ocrx_word' id='word_1_190' title='bbox 287 2160 440 2231; x_wconf 88' lang='lat' dir='ltr'>propinavi</span> <span class='ocrx_word' id='word_1_191' title='bbox 465 2159 682 2232; x_wconf 75' lang='lat' dir='ltr'>intelligentiae,</span> <span class='ocrx_word' id='word_1_192' title='bbox 707 2176 793 2230; x_wconf 88' lang='lat' dir='ltr'>quem</span> <span class='ocrx_word' id='word_1_193' title='bbox 816 2160 884 2230; x_wconf 90' lang='lat' dir='ltr'>quia</span> <span class='ocrx_word' id='word_1_194' title='bbox 907 2159 936 2212; x_wconf 92' lang='lat' dir='ltr'>in</span> <span class='ocrx_word' id='word_1_195' title='bbox 952 2175 986 2213; x_wconf 90' lang='lat' dir='ltr'>ce</span> <span class='ocrx_word' id='word_1_196' title='bbox 1043 2158 1081 2210; x_wconf 92' lang='lat' dir='ltr'>ait</span> <span class='ocrx_word' id='word_1_197' title='bbox 1098 2158 1240 2212; x_wconf 84' lang='lat' dir='ltr'>Dominus</span> <span class='ocrx_word' id='word_1_198' title='bbox 1257 2159 1286 2212; x_wconf 93' lang='lat' dir='ltr'>in</span> <span class='ocrx_word' id='word_1_199' title='bbox 1298 2160 1457 2229; x_wconf 84' lang='lat' dir='ltr'>passione:</span> <span class='ocrx_word' id='word_1_200' title='bbox 1478 2163 1712 2215; x_wconf 79' lang='lat' dir='ltr'>(Jorrsuouualuur</span> <span class='ocrx_word' id='word_1_201' title='bbox 1725 2168 1770 2215; x_wconf 84' lang='lat' dir='ltr'>est</span> <span class='ocrx_word' id='word_1_202' title='bbox 1782 2162 1873 2231; x_wconf 81' lang='lat' dir='ltr'>(dean,</span> 
     </span>
     <span class='ocr_line' id='line_1_18' title="bbox 151 2246 1875 2320; baseline -0.002 -16"><span class='ocrx_word' id='word_1_203' title='bbox 151 2250 300 2320; x_wconf 87' lang='lat' dir='ltr'>speculari</span> <span class='ocrx_word' id='word_1_204' title='bbox 315 2250 383 2303; x_wconf 90' lang='lat' dir='ltr'>licet</span> <span class='ocrx_word' id='word_1_205' title='bbox 403 2249 472 2319; x_wconf 85' lang='lat' dir='ltr'>quid</span> <span class='ocrx_word' id='word_1_206' title='bbox 496 2248 618 2318; x_wconf 74' lang='lat' dir='ltr'>mystice</span> <span class='ocrx_word' id='word_1_207' title='bbox 642 2251 846 2317; x_wconf 86' lang='lat' dir='ltr'>representeut</span> <span class='ocrx_word' id='word_1_208' title='bbox 868 2248 985 2319; x_wconf 87' lang='lat' dir='ltr'>singula</span> <span class='ocrx_word' id='word_1_209' title='bbox 1042 2252 1114 2310; x_wconf 83' lang='lat' dir='ltr'>xrxl.</span> <span class='ocrx_word' id='word_1_210' title='bbox 1125 2246 1160 2301; x_wconf 88' lang='lat' dir='ltr'>Et</span> <span class='ocrx_word' id='word_1_211' title='bbox 1171 2248 1273 2301; x_wconf 88' lang='lat' dir='ltr'>titulus</span> <span class='ocrx_word' id='word_1_212' title='bbox 1283 2247 1350 2317; x_wconf 77' lang='lat' dir='ltr'>ejus</span> <span class='ocrx_word' id='word_1_213' title='bbox 1361 2265 1452 2318; x_wconf 90' lang='lat' dir='ltr'>super</span> <span class='ocrx_word' id='word_1_214' title='bbox 1462 2265 1528 2303; x_wconf 91' lang='lat' dir='ltr'>eum</span> <span class='ocrx_word' id='word_1_215' title='bbox 1541 2249 1737 2304; x_wconf 85' lang='lat' dir='ltr'>irulelebiliter</span> <span class='ocrx_word' id='word_1_216' title='bbox 1748 2251 1875 2320; x_wconf 86' lang='lat' dir='ltr'>scriptus</span> 
     </span>
     <span class='ocr_line' id='line_1_19' title="bbox 149 2313 1875 2408; baseline 0 -16"><span class='ocrx_word' id='word_1_217' title='bbox 149 2337 180 2392; x_wconf 91' lang='lat' dir='ltr'>ia</span> <span class='ocrx_word' id='word_1_218' title='bbox 197 2338 345 2407; x_wconf 86' lang='lat' dir='ltr'>Ecclesia,</span> <span class='ocrx_word' id='word_1_219' title='bbox 368 2338 526 2407; x_wconf 80' lang='lat' dir='ltr'>Speculum</span> <span class='ocrx_word' id='word_1_220' title='bbox 552 2336 695 2390; x_wconf 83' lang='lat' dir='ltr'>Ecclesiae</span> <span class='ocrx_word' id='word_1_221' title='bbox 715 2337 837 2391; x_wconf 88' lang='lat' dir='ltr'>inscribi</span> <span class='ocrx_word' id='word_1_222' title='bbox 866 2337 982 2406; x_wconf 84' lang='lat' dir='ltr'>placuit.</span> <span class='ocrx_word' id='word_1_223' title='bbox 1001 2313 1027 2374; x_wconf 80' lang='grc' dir='ltr'><strong>Β</strong></span> <span class='ocrx_word' id='word_1_224' title='bbox 1043 2339 1097 2390; x_wconf 89' lang='lat' dir='ltr'>est.</span> <span class='ocrx_word' id='word_1_225' title='bbox 1109 2337 1130 2390; x_wconf 91' lang='lat' dir='ltr'>T</span> <span class='ocrx_word' id='word_1_226' title='bbox 1134 2337 1231 2404; x_wconf 85' lang='lat' dir='ltr'>holus,</span> <span class='ocrx_word' id='word_1_227' title='bbox 1242 2353 1332 2407; x_wconf 90' lang='lat' dir='ltr'>super</span> <span class='ocrx_word' id='word_1_228' title='bbox 1342 2354 1429 2407; x_wconf 89' lang='lat' dir='ltr'>quem</span> <span class='ocrx_word' id='word_1_229' title='bbox 1441 2354 1514 2392; x_wconf 82' lang='lat' dir='ltr'>crux</span> <span class='ocrx_word' id='word_1_230' title='bbox 1525 2339 1651 2408; x_wconf 89' lang='lat' dir='ltr'>ponitur,</span> <span class='ocrx_word' id='word_1_231' title='bbox 1665 2338 1875 2408; x_wconf 87' lang='lat' dir='ltr'>perlectionem</span> 
     </span>
     <span class='ocr_line' id='line_1_20' title="bbox 352 2425 1875 2499; baseline 0.001 -19"><span class='ocrx_word' id='word_1_232' title='bbox 352 2426 421 2480; x_wconf 78' lang='lat' dir='ltr'>Cia.</span> <span class='ocrx_word' id='word_1_233' title='bbox 439 2442 559 2480; x_wconf 82' lang='lat' dir='ltr'>enruuu.</span> <span class='ocrx_word' id='word_1_234' title='bbox 577 2425 620 2479; x_wconf 88' lang='lat' dir='ltr'>Ile</span> <span class='ocrx_word' id='word_1_235' title='bbox 634 2425 782 2479; x_wconf 83' lang='lat' dir='ltr'>Ecclesia.</span> <span class='ocrx_word' id='word_1_236' title='bbox 1041 2440 1094 2494; x_wconf 87' lang='lat' dir='ltr'>per</span> <span class='ocrx_word' id='word_1_237' title='bbox 1118 2427 1324 2479; x_wconf 86' lang='lat' dir='ltr'>rotunditatem</span> <span class='ocrx_word' id='word_1_238' title='bbox 1347 2427 1509 2497; x_wconf 82' lang='lat' dir='ltr'>significat,</span> <span class='ocrx_word' id='word_1_239' title='bbox 1535 2428 1673 2498; x_wconf 89' lang='lat' dir='ltr'>quonium</span> <span class='ocrx_word' id='word_1_240' title='bbox 1695 2428 1825 2499; x_wconf 82' lang='lat' dir='ltr'>perlecta</span> <span class='ocrx_word' id='word_1_241' title='bbox 1849 2432 1875 2482; x_wconf 91' lang='lat' dir='ltr'>et</span> 
     </span>
     <span class='ocr_line' id='line_1_21' title="bbox 184 2513 1871 2587; baseline 0.001 -18"><span class='ocrx_word' id='word_1_242' title='bbox 184 2514 319 2570; x_wconf 87' lang='lat' dir='ltr'>Ecclesia</span> <span class='ocrx_word' id='word_1_243' title='bbox 335 2516 434 2587; x_wconf 82' lang='lat' dir='ltr'>igitar,</span> <span class='ocrx_word' id='word_1_244' title='bbox 448 2515 478 2567; x_wconf 94' lang='lat' dir='ltr'>in</span> <span class='ocrx_word' id='word_1_245' title='bbox 489 2531 576 2585; x_wconf 91' lang='lat' dir='ltr'>quam</span> <span class='ocrx_word' id='word_1_246' title='bbox 587 2513 713 2584; x_wconf 90' lang='lat' dir='ltr'>populus</span> <span class='ocrx_word' id='word_1_247' title='bbox 726 2514 861 2568; x_wconf 86' lang='lat' dir='ltr'>convenil</span> <span class='ocrx_word' id='word_1_248' title='bbox 872 2514 907 2568; x_wconf 89' lang='lat' dir='ltr'>ad</span> <span class='ocrx_word' id='word_1_249' title='bbox 924 2515 984 2569; x_wconf 87' lang='lat' dir='ltr'>lau·</span> <span class='ocrx_word' id='word_1_250' title='bbox 1040 2514 1178 2568; x_wconf 75' lang='lat' dir='ltr'>inviolate</span> <span class='ocrx_word' id='word_1_251' title='bbox 1194 2516 1269 2569; x_wconf 88' lang='lat' dir='ltr'>tides</span> <span class='ocrx_word' id='word_1_252' title='bbox 1281 2516 1423 2569; x_wconf 84' lang='lat' dir='ltr'>catholica</span> <span class='ocrx_word' id='word_1_253' title='bbox 1436 2517 1623 2586; x_wconf 89' lang='lat' dir='ltr'>praedicanda</span> <span class='ocrx_word' id='word_1_254' title='bbox 1639 2522 1683 2572; x_wconf 89' lang='lat' dir='ltr'>est</span> <span class='ocrx_word' id='word_1_255' title='bbox 1695 2520 1722 2572; x_wconf 89' lang='lat' dir='ltr'>et</span> <span class='ocrx_word' id='word_1_256' title='bbox 1737 2518 1871 2572; x_wconf 88' lang='lat' dir='ltr'>tenenda.</span> 
     </span>
     <span class='ocr_line' id='line_1_22' title="bbox 148 2602 1873 2678; baseline 0 -20"><span class='ocrx_word' id='word_1_257' title='bbox 148 2603 277 2659; x_wconf 90' lang='lat' dir='ltr'>dandum</span> <span class='ocrx_word' id='word_1_258' title='bbox 293 2605 401 2671; x_wconf 81' lang='lat' dir='ltr'>Deum,</span> <span class='ocrx_word' id='word_1_259' title='bbox 424 2603 572 2674; x_wconf 84' lang='lat' dir='ltr'>significat</span> <span class='ocrx_word' id='word_1_260' title='bbox 596 2602 760 2656; x_wconf 84' lang='lat' dir='ltr'>Ecclesiam</span> <span class='ocrx_word' id='word_1_261' title='bbox 781 2606 913 2657; x_wconf 89' lang='lat' dir='ltr'>sanctam</span> <span class='ocrx_word' id='word_1_262' title='bbox 928 2604 984 2657; x_wconf 89' lang='lat' dir='ltr'>Ca·</span> <span class='ocrx_word' id='word_1_263' title='bbox 1042 2602 1131 2668; x_wconf 82' lang='lat' dir='ltr'>Qruuu</span> <span class='ocrx_word' id='word_1_264' title='bbox 1147 2605 1207 2658; x_wconf 88' lang='lat' dir='ltr'>uisi</span> <span class='ocrx_word' id='word_1_265' title='bbox 1221 2605 1344 2676; x_wconf 84' lang='lat' dir='ltr'>quisquc</span> <span class='ocrx_word' id='word_1_266' title='bbox 1362 2606 1510 2676; x_wconf 72' lang='lat' dir='ltr'>integram</span> <span class='ocrx_word' id='word_1_267' title='bbox 1527 2607 1756 2678; x_wconf 72' lang='lat' dir='ltr'>inuiolatamque</span> <span class='ocrx_word' id='word_1_268' title='bbox 1772 2623 1873 2660; x_wconf 78' lang='lat' dir='ltr'>sorra-</span> 
     </span>
     <span class='ocr_line' id='line_1_23' title="bbox 146 2692 1872 2767; baseline 0.001 -20"><span class='ocrx_word' id='word_1_269' title='bbox 146 2693 296 2763; x_wconf 88' lang='lat' dir='ltr'>tholicam,</span> <span class='ocrx_word' id='word_1_270' title='bbox 307 2710 373 2764; x_wconf 81' lang='lat' dir='ltr'>quae</span> <span class='ocrx_word' id='word_1_271' title='bbox 383 2692 565 2746; x_wconf 87' lang='lat' dir='ltr'>construitur</span> <span class='ocrx_word' id='word_1_272' title='bbox 574 2693 602 2745; x_wconf 92' lang='lat' dir='ltr'>iu</span> <span class='ocrx_word' id='word_1_273' title='bbox 612 2692 695 2746; x_wconf 70' lang='lat' dir='ltr'>ciclis</span> <span class='ocrx_word' id='word_1_274' title='bbox 704 2693 826 2747; x_wconf 81' lang='lat' dir='ltr'>viviscx</span> <span class='ocrx_word' id='word_1_275' title='bbox 835 2693 983 2763; x_wconf 88' lang='lat' dir='ltr'>lapidibus</span> <span class='ocrx_word' id='word_1_276' title='bbox 1043 2693 1129 2755; x_wconf 82' lang='lat' dir='ltr'>rcrlt,</span> <span class='ocrx_word' id='word_1_277' title='bbox 1149 2692 1259 2765; x_wconf 85' lang='lat' dir='ltr'>absque</span> <span class='ocrx_word' id='word_1_278' title='bbox 1276 2693 1365 2748; x_wconf 84' lang='grc' dir='ltr'>ιιιιΙιιο</span> <span class='ocrx_word' id='word_1_279' title='bbox 1380 2695 1410 2746; x_wconf 85' lang='grc' dir='ltr'>ιιι</span> <span class='ocrx_word' id='word_1_280' title='bbox 1420 2701 1565 2749; x_wconf 66' lang='lat' dir='ltr'>oeternum</span> <span class='ocrx_word' id='word_1_281' title='bbox 1574 2695 1698 2767; x_wconf 84' lang='lat' dir='ltr'>peribit.</span> <span class='ocrx_word' id='word_1_282' title='bbox 1711 2696 1762 2750; x_wconf 83' lang='lat' dir='ltr'>l&#39;el</span> <span class='ocrx_word' id='word_1_283' title='bbox 1775 2696 1872 2750; x_wconf 87' lang='lat' dir='ltr'>tholus</span> 
     </span>
     <span class='ocr_line' id='line_1_24' title="bbox 146 2781 1871 2857; baseline 0.001 -20"><span class='ocrx_word' id='word_1_284' title='bbox 146 2781 390 2837; x_wconf 78' lang='lat' dir='ltr'>Haecestdomus</span> <span class='ocrx_word' id='word_1_285' title='bbox 404 2781 517 2836; x_wconf 89' lang='lat' dir='ltr'>Domini</span> <span class='ocrx_word' id='word_1_286' title='bbox 529 2781 811 2837; x_wconf 66' lang='lat' dir='ltr'>ssrnrilcrarditicuta.</span> <span class='ocrx_word' id='word_1_287' title='bbox 823 2783 982 2854; x_wconf 75' lang='lat' dir='ltr'>augularis</span> <span class='ocrx_word' id='word_1_288' title='bbox 1039 2782 1179 2835; x_wconf 92' lang='lat' dir='ltr'>muudum</span> <span class='ocrx_word' id='word_1_289' title='bbox 1196 2783 1345 2854; x_wconf 83' lang='lat' dir='ltr'>signifieat</span> <span class='ocrx_word' id='word_1_290' title='bbox 1360 2784 1453 2852; x_wconf 89' lang='lat' dir='ltr'>pretio</span> <span class='ocrx_word' id='word_1_291' title='bbox 1471 2785 1569 2839; x_wconf 89' lang='lat' dir='ltr'>crucis</span> <span class='ocrx_word' id='word_1_292' title='bbox 1585 2785 1768 2855; x_wconf 88' lang='lat' dir='ltr'>redemptum</span> <span class='ocrx_word' id='word_1_293' title='bbox 1781 2801 1788 2855; x_wconf 69' lang='grc' dir='ltr'><strong>ς</strong></span> <span class='ocrx_word' id='word_1_294' title='bbox 1803 2801 1871 2857; x_wconf 90' lang='lat' dir='ltr'>pro·</span> 
     </span>
     <span class='ocr_line' id='line_1_25' title="bbox 145 2870 1872 2944; baseline 0.001 -18"><span class='ocrx_word' id='word_1_295' title='bbox 145 2871 367 2927; x_wconf 82' lang='lat' dir='ltr'>fundamentum</span> <span class='ocrx_word' id='word_1_296' title='bbox 384 2871 458 2941; x_wconf 86' lang='lat' dir='ltr'>lapis</span> <span class='ocrx_word' id='word_1_297' title='bbox 470 2870 607 2924; x_wconf 84' lang='lat' dir='ltr'>Cluistas</span> <span class='ocrx_word' id='word_1_298' title='bbox 619 2871 731 2925; x_wconf 88' lang='lat' dir='ltr'>missus</span> <span class='ocrx_word' id='word_1_299' title='bbox 741 2875 796 2925; x_wconf 91' lang='lat' dir='ltr'>est.</span> <span class='ocrx_word' id='word_1_300' title='bbox 814 2873 910 2941; x_wconf 82' lang='lat' dir='ltr'>Super</span> <span class='ocrx_word' id='word_1_301' title='bbox 925 2872 982 2926; x_wconf 90' lang='lat' dir='ltr'>hoc</span> <span class='ocrx_word' id='word_1_302' title='bbox 1038 2874 1103 2940; x_wconf 87' lang='lat' dir='ltr'>pter</span> <span class='ocrx_word' id='word_1_303' title='bbox 1118 2871 1196 2942; x_wconf 89' lang='lat' dir='ltr'>quod</span> <span class='ocrx_word' id='word_1_304' title='bbox 1213 2888 1287 2925; x_wconf 85' lang='lat' dir='ltr'>crux</span> <span class='ocrx_word' id='word_1_305' title='bbox 1302 2872 1421 2941; x_wconf 89' lang='lat' dir='ltr'>ponitur</span> <span class='ocrx_word' id='word_1_306' title='bbox 1435 2889 1526 2942; x_wconf 91' lang='lat' dir='ltr'>super</span> <span class='ocrx_word' id='word_1_307' title='bbox 1540 2875 1647 2944; x_wconf 88' lang='lat' dir='ltr'>ipsum.</span> <span class='ocrx_word' id='word_1_308' title='bbox 1666 2874 1767 2928; x_wconf 88' lang='lat' dir='ltr'>Gallus</span> <span class='ocrx_word' id='word_1_309' title='bbox 1784 2891 1872 2944; x_wconf 90' lang='lat' dir='ltr'>supra</span> 
     </span>
     <span class='ocr_line' id='line_1_26' title="bbox 144 2960 1873 3033; baseline 0.001 -19"><span class='ocrx_word' id='word_1_310' title='bbox 144 2967 252 3033; x_wconf 85' lang='lat' dir='ltr'>eutem,</span> <span class='ocrx_word' id='word_1_311' title='bbox 269 2978 325 3015; x_wconf 92' lang='lat' dir='ltr'>non</span> <span class='ocrx_word' id='word_1_312' title='bbox 338 2963 446 3031; x_wconf 62' lang='lat' dir='ltr'>praeter</span> <span class='ocrx_word' id='word_1_313' title='bbox 462 2961 527 3029; x_wconf 86' lang='lat' dir='ltr'>lioc,</span> <span class='ocrx_word' id='word_1_314' title='bbox 541 2960 761 3013; x_wconf 84' lang='lat' dir='ltr'>lundarucntiuu</span> <span class='ocrx_word' id='word_1_315' title='bbox 773 2965 818 3014; x_wconf 85' lang='lat' dir='ltr'>cst</span> <span class='ocrx_word' id='word_1_316' title='bbox 830 2962 981 3030; x_wconf 90' lang='lat' dir='ltr'>apostolo·</span> <span class='ocrx_word' id='word_1_317' title='bbox 1038 2977 1155 3014; x_wconf 84' lang='lat' dir='ltr'>erucem</span> <span class='ocrx_word' id='word_1_318' title='bbox 1170 2961 1287 3030; x_wconf 88' lang='lat' dir='ltr'>positus</span> <span class='ocrx_word' id='word_1_319' title='bbox 1303 2961 1451 3033; x_wconf 82' lang='lat' dir='ltr'>significat</span> <span class='ocrx_word' id='word_1_320' title='bbox 1467 2963 1544 3033; x_wconf 71' lang='lat' dir='ltr'>(quod</span> <span class='ocrx_word' id='word_1_321' title='bbox 1562 2963 1617 3016; x_wconf 89' lang='lat' dir='ltr'>hoe</span> <span class='ocrx_word' id='word_1_322' title='bbox 1633 2963 1719 3018; x_wconf 86' lang='lat' dir='ltr'>debet</span> <span class='ocrx_word' id='word_1_323' title='bbox 1735 2964 1873 3032; x_wconf 73' lang='lat' dir='ltr'>praedicu-</span> 
     </span>
     <span class='ocr_line' id='line_1_27' title="bbox 144 3049 1871 3123; baseline 0.001 -17"><span class='ocrx_word' id='word_1_324' title='bbox 144 3049 706 3123; x_wconf 83' lang='lat' dir='ltr'>rumctproplrelaruui,sicutscriptum</span> <span class='ocrx_word' id='word_1_325' title='bbox 715 3054 769 3104; x_wconf 87' lang='lat' dir='ltr'>est:</span> <span class='ocrx_word' id='word_1_326' title='bbox 779 3049 806 3103; x_wconf 84' lang='lat' dir='ltr'><em>F</em></span> <span class='ocrx_word' id='word_1_327' title='bbox 806 3051 981 3104; x_wconf 84' lang='lat' dir='ltr'>uudamcuta</span> <span class='ocrx_word' id='word_1_328' title='bbox 1036 3053 1082 3103; x_wconf 89' lang='lat' dir='ltr'>tor</span> <span class='ocrx_word' id='word_1_329' title='bbox 1097 3054 1231 3104; x_wconf 87' lang='lat' dir='ltr'>astruere</span> <span class='ocrx_word' id='word_1_330' title='bbox 1247 3052 1324 3122; x_wconf 93' lang='lat' dir='ltr'>quod</span> <span class='ocrx_word' id='word_1_331' title='bbox 1341 3051 1478 3106; x_wconf 78' lang='lat' dir='ltr'>Christus</span> <span class='ocrx_word' id='word_1_332' title='bbox 1494 3067 1547 3122; x_wconf 90' lang='lat' dir='ltr'>per</span> <span class='ocrx_word' id='word_1_333' title='bbox 1558 3069 1676 3107; x_wconf 90' lang='lat' dir='ltr'>crucem</span> <span class='ocrx_word' id='word_1_334' title='bbox 1693 3069 1776 3106; x_wconf 89' lang='lat' dir='ltr'>suam</span> <span class='ocrx_word' id='word_1_335' title='bbox 1793 3053 1871 3107; x_wconf 89' lang='lat' dir='ltr'>rede-</span> 
     </span>
     <span class='ocr_line' id='line_1_28' title="bbox 146 3139 1869 3213; baseline 0.001 -19"><span class='ocrx_word' id='word_1_336' title='bbox 146 3139 982 3213; x_wconf 70' lang='lat' dir='ltr'>ep&#39;usirruurutibussitiretisll&#39;sal.1.xxxv1l.Supcr·edili·</span> <span class='ocrx_word' id='word_1_337' title='bbox 1035 3139 1086 3192; x_wconf 90' lang='lat' dir='ltr'>mit</span> <span class='ocrx_word' id='word_1_338' title='bbox 1114 3140 1264 3193; x_wconf 91' lang='lat' dir='ltr'>muudum.</span> <span class='ocrx_word' id='word_1_339' title='bbox 1296 3140 1488 3194; x_wconf 89' lang='lat' dir='ltr'>Pinnaculum</span> <span class='ocrx_word' id='word_1_340' title='bbox 1521 3141 1629 3211; x_wconf 88' lang='lat' dir='ltr'>turris,</span> <span class='ocrx_word' id='word_1_341' title='bbox 1669 3145 1795 3196; x_wconf 85' lang='lat' dir='ltr'>mentem</span> <span class='ocrx_word' id='word_1_342' title='bbox 1827 3143 1869 3195; x_wconf 80' lang='lat' dir='ltr'>rel</span> 
     </span>
     <span class='ocr_line' id='line_1_29' title="bbox 145 3228 1868 3301; baseline 0.001 -17"><span class='ocrx_word' id='word_1_343' title='bbox 145 3231 200 3284; x_wconf 89' lang='lat' dir='ltr'>cati</span> <span class='ocrx_word' id='word_1_344' title='bbox 220 3231 360 3300; x_wconf 84' lang='lat' dir='ltr'>parietes,</span> <span class='ocrx_word' id='word_1_345' title='bbox 384 3229 479 3283; x_wconf 74' lang='lat' dir='ltr'>liulaei</span> <span class='ocrx_word' id='word_1_346' title='bbox 504 3231 572 3283; x_wconf 88' lang='lat' dir='ltr'>sunl</span> <span class='ocrx_word' id='word_1_347' title='bbox 596 3232 623 3282; x_wconf 89' lang='lat' dir='ltr'>et</span> <span class='ocrx_word' id='word_1_348' title='bbox 648 3229 774 3300; x_wconf 84' lang='lat' dir='ltr'>gentiles</span> <span class='ocrx_word' id='word_1_349' title='bbox 798 3229 832 3282; x_wconf 91' lang='lat' dir='ltr'>dc</span> <span class='ocrx_word' id='word_1_350' title='bbox 857 3232 981 3299; x_wconf 90' lang='lat' dir='ltr'>quatuor</span> <span class='ocrx_word' id='word_1_351' title='bbox 1035 3228 1123 3281; x_wconf 81' lang='lat' dir='ltr'>vitam</span> <span class='ocrx_word' id='word_1_352' title='bbox 1152 3228 1263 3298; x_wconf 73' lang='lat' dir='ltr'>praelati</span> <span class='ocrx_word' id='word_1_353' title='bbox 1294 3245 1360 3299; x_wconf 88' lang='lat' dir='ltr'>quaa</span> <span class='ocrx_word' id='word_1_354' title='bbox 1390 3229 1481 3290; x_wconf 89' lang='lat' dir='ltr'>tendit</span> <span class='ocrx_word' id='word_1_355' title='bbox 1510 3229 1545 3282; x_wconf 88' lang='lat' dir='ltr'>ad</span> <span class='ocrx_word' id='word_1_356' title='bbox 1575 3230 1645 3300; x_wconf 85' lang='lat' dir='ltr'>alta,</span> <span class='ocrx_word' id='word_1_357' title='bbox 1676 3235 1868 3301; x_wconf 88' lang='lat' dir='ltr'>representat.</span> 
     </span>
     <span class='ocr_line' id='line_1_30' title="bbox 142 3316 1870 3389; baseline 0.001 -17"><span class='ocrx_word' id='word_1_358' title='bbox 142 3319 244 3373; x_wconf 91' lang='lat' dir='ltr'>mundi</span> <span class='ocrx_word' id='word_1_359' title='bbox 255 3320 388 3389; x_wconf 88' lang='lat' dir='ltr'>partibus</span> <span class='ocrx_word' id='word_1_360' title='bbox 401 3318 553 3372; x_wconf 80' lang='lat' dir='ltr'>venientes</span> <span class='ocrx_word' id='word_1_361' title='bbox 564 3317 599 3369; x_wconf 91' lang='lat' dir='ltr'>ad</span> <span class='ocrx_word' id='word_1_362' title='bbox 612 3317 772 3371; x_wconf 57' lang='lat' dir='ltr'>(iluislum.</span> <span class='ocrx_word' id='word_1_363' title='bbox 785 3316 894 3371; x_wconf 89' lang='lat' dir='ltr'>Omnes</span> <span class='ocrx_word' id='word_1_364' title='bbox 906 3317 980 3386; x_wconf 88' lang='lat' dir='ltr'>lapi·</span> <span class='ocrx_word' id='word_1_365' title='bbox 1035 3316 1191 3387; x_wconf 68' lang='lat' dir='ltr'>Campanae</span> <span class='ocrx_word' id='word_1_366' title='bbox 1216 3334 1340 3388; x_wconf 88' lang='lat' dir='ltr'>quarum</span> <span class='ocrx_word' id='word_1_367' title='bbox 1369 3319 1529 3372; x_wconf 89' lang='lat' dir='ltr'>sonoritate</span> <span class='ocrx_word' id='word_1_368' title='bbox 1558 3319 1685 3388; x_wconf 85' lang='lat' dir='ltr'>populus</span> <span class='ocrx_word' id='word_1_369' title='bbox 1715 3320 1749 3372; x_wconf 91' lang='lat' dir='ltr'>ad</span> <span class='ocrx_word' id='word_1_370' title='bbox 1778 3320 1870 3373; x_wconf 84' lang='lat' dir='ltr'>ecele-</span> 
     </span>
     <span class='ocr_line' id='line_1_31' title="bbox 142 3406 1868 3479; baseline 0.001 -19"><span class='ocrx_word' id='word_1_371' title='bbox 142 3406 196 3461; x_wconf 86' lang='lat' dir='ltr'>des</span> <span class='ocrx_word' id='word_1_372' title='bbox 212 3407 332 3476; x_wconf 86' lang='lat' dir='ltr'>expoliti</span> <span class='ocrx_word' id='word_1_373' title='bbox 349 3410 418 3460; x_wconf 90' lang='lat' dir='ltr'>sunt</span> <span class='ocrx_word' id='word_1_374' title='bbox 433 3411 460 3460; x_wconf 92' lang='lat' dir='ltr'>et</span> <span class='ocrx_word' id='word_1_375' title='bbox 476 3406 624 3476; x_wconf 88' lang='lat' dir='ltr'>quadrati,</span> <span class='ocrx_word' id='word_1_376' title='bbox 642 3407 669 3459; x_wconf 92' lang='lat' dir='ltr'>id</span> <span class='ocrx_word' id='word_1_377' title='bbox 687 3410 733 3459; x_wconf 88' lang='lat' dir='ltr'>cst</span> <span class='ocrx_word' id='word_1_378' title='bbox 753 3406 862 3473; x_wconf 87' lang='lat' dir='ltr'>sancti,</span> <span class='ocrx_word' id='word_1_379' title='bbox 879 3406 980 3460; x_wconf 89' lang='lat' dir='ltr'>muudi</span> <span class='ocrx_word' id='word_1_380' title='bbox 1035 3407 1110 3459; x_wconf 88' lang='lat' dir='ltr'>siam</span> <span class='ocrx_word' id='word_1_381' title='bbox 1126 3412 1315 3476; x_wconf 83' lang='lat' dir='ltr'>convocatur,</span> <span class='ocrx_word' id='word_1_382' title='bbox 1332 3407 1543 3476; x_wconf 66' lang='lat' dir='ltr'>praedicatores</span> <span class='ocrx_word' id='word_1_383' title='bbox 1555 3409 1720 3477; x_wconf 66' lang='lat' dir='ltr'>mysticant,</span> <span class='ocrx_word' id='word_1_384' title='bbox 1738 3409 1786 3479; x_wconf 92' lang='lat' dir='ltr'>qui</span> <span class='ocrx_word' id='word_1_385' title='bbox 1804 3411 1868 3479; x_wconf 91' lang='lat' dir='ltr'>quia</span> 
     </span>
     <span class='ocr_line' id='line_1_32' title="bbox 140 3494 1869 3568; baseline 0.002 -20"><span class='ocrx_word' id='word_1_386' title='bbox 140 3498 227 3565; x_wconf 86' lang='lat' dir='ltr'>atque</span> <span class='ocrx_word' id='word_1_387' title='bbox 246 3495 332 3548; x_wconf 81' lang='lat' dir='ltr'>lirini.</span> <span class='ocrx_word' id='word_1_388' title='bbox 349 3495 404 3559; x_wconf 78' lang='lat' dir='ltr'>Qui</span> <span class='ocrx_word' id='word_1_389' title='bbox 425 3512 478 3564; x_wconf 90' lang='lat' dir='ltr'>per</span> <span class='ocrx_word' id='word_1_390' title='bbox 493 3511 596 3547; x_wconf 89' lang='lat' dir='ltr'>manus</span> <span class='ocrx_word' id='word_1_391' title='bbox 612 3496 720 3547; x_wconf 88' lang='lat' dir='ltr'>summi</span> <span class='ocrx_word' id='word_1_392' title='bbox 736 3495 857 3548; x_wconf 88' lang='lat' dir='ltr'>artitlcis</span> <span class='ocrx_word' id='word_1_393' title='bbox 874 3494 976 3564; x_wconf 89' lang='lat' dir='ltr'>dispo·</span> <span class='ocrx_word' id='word_1_394' title='bbox 1034 3496 1069 3548; x_wconf 92' lang='lat' dir='ltr'>ad</span> <span class='ocrx_word' id='word_1_395' title='bbox 1087 3496 1176 3549; x_wconf 92' lang='lat' dir='ltr'>multa</span> <span class='ocrx_word' id='word_1_396' title='bbox 1193 3500 1262 3550; x_wconf 89' lang='lat' dir='ltr'>sunt</span> <span class='ocrx_word' id='word_1_397' title='bbox 1283 3497 1462 3565; x_wconf 86' lang='lat' dir='ltr'>necessarii,</span> <span class='ocrx_word' id='word_1_398' title='bbox 1488 3496 1587 3550; x_wconf 82' lang='lat' dir='ltr'>nuillis</span> <span class='ocrx_word' id='word_1_399' title='bbox 1610 3497 1806 3568; x_wconf 75' lang='lat' dir='ltr'>designantur</span> <span class='ocrx_word' id='word_1_400' title='bbox 1820 3514 1869 3551; x_wconf 91' lang='lat' dir='ltr'>vo·</span> 
     </span>
     <span class='ocr_line' id='line_1_33' title="bbox 140 3583 1867 3656; baseline 0.002 -20"><span class='ocrx_word' id='word_1_401' title='bbox 140 3587 250 3637; x_wconf 88' lang='lat' dir='ltr'>nuntur</span> <span class='ocrx_word' id='word_1_402' title='bbox 272 3584 469 3653; x_wconf 85' lang='lat' dir='ltr'>permansuri.</span> <span class='ocrx_word' id='word_1_403' title='bbox 491 3583 622 3646; x_wconf 82' lang='lat' dir='ltr'>Quormu</span> <span class='ocrx_word' id='word_1_404' title='bbox 646 3583 765 3653; x_wconf 88' lang='lat' dir='ltr'>quidam</span> <span class='ocrx_word' id='word_1_405' title='bbox 790 3583 925 3636; x_wconf 83' lang='lat' dir='ltr'>feruutur</span> <span class='ocrx_word' id='word_1_406' title='bbox 948 3587 976 3636; x_wconf 90' lang='grc' dir='ltr'>ει</span> <span class='ocrx_word' id='word_1_407' title='bbox 1034 3584 1159 3638; x_wconf 82' lang='lat' dir='ltr'>cabulis</span> <span class='ocrx_word' id='word_1_408' title='bbox 1183 3585 1329 3638; x_wconf 87' lang='lat' dir='ltr'>Plectrum</span> <span class='ocrx_word' id='word_1_409' title='bbox 1353 3586 1431 3655; x_wconf 83' lang='lat' dir='ltr'>quod</span> <span class='ocrx_word' id='word_1_410' title='bbox 1456 3602 1492 3638; x_wconf 88' lang='lat' dir='ltr'>ex</span> <span class='ocrx_word' id='word_1_411' title='bbox 1517 3590 1641 3656; x_wconf 83' lang='lat' dir='ltr'>utraque</span> <span class='ocrx_word' id='word_1_412' title='bbox 1662 3590 1743 3655; x_wconf 91' lang='lat' dir='ltr'>purtc</span> <span class='ocrx_word' id='word_1_413' title='bbox 1763 3602 1867 3640; x_wconf 87' lang='lat' dir='ltr'>sonum</span> 
     </span>
     <span class='ocr_line' id='line_1_34' title="bbox 139 3651 1883 3745; baseline 0.001 -18"><span class='ocrx_word' id='word_1_414' title='bbox 139 3688 198 3727; x_wconf 90' lang='lat' dir='ltr'>non</span> <span class='ocrx_word' id='word_1_415' title='bbox 209 3672 315 3740; x_wconf 84' lang='lat' dir='ltr'>serunt,</span> <span class='ocrx_word' id='word_1_416' title='bbox 325 3677 354 3726; x_wconf 93' lang='lat' dir='ltr'>ut</span> <span class='ocrx_word' id='word_1_417' title='bbox 364 3671 597 3743; x_wconf 88' lang='lat' dir='ltr'>simpliciorcsiu</span> <span class='ocrx_word' id='word_1_418' title='bbox 607 3671 752 3725; x_wconf 77' lang='lat' dir='ltr'>Ecclesia.</span> <span class='ocrx_word' id='word_1_419' title='bbox 764 3672 830 3724; x_wconf 81' lang='lat' dir='ltr'>dllii</span> <span class='ocrx_word' id='word_1_420' title='bbox 843 3672 975 3726; x_wconf 84' lang='lat' dir='ltr'>lei-untur</span> <span class='ocrx_word' id='word_1_421' title='bbox 992 3651 1017 3712; x_wconf 82' lang='grc' dir='ltr'>Β</span> <span class='ocrx_word' id='word_1_422' title='bbox 1033 3674 1121 3740; x_wconf 81' lang='lat' dir='ltr'>elicit,</span> <span class='ocrx_word' id='word_1_423' title='bbox 1134 3673 1233 3743; x_wconf 81' lang='lat' dir='ltr'>lingua</span> <span class='ocrx_word' id='word_1_424' title='bbox 1245 3674 1449 3743; x_wconf 73' lang='lat' dir='ltr'>praedicatoris</span> <span class='ocrx_word' id='word_1_425' title='bbox 1462 3679 1516 3739; x_wconf 84' lang='lat' dir='ltr'>est,</span> <span class='ocrx_word' id='word_1_426' title='bbox 1530 3692 1595 3745; x_wconf 77' lang='lat' dir='ltr'>quar</span> <span class='ocrx_word' id='word_1_427' title='bbox 1606 3678 1762 3745; x_wconf 84' lang='lat' dir='ltr'>utrumque</span> <span class='ocrx_word' id='word_1_428' title='bbox 1771 3676 1883 3729; x_wconf 57' lang='lat' dir='ltr'>Testa-⁴</span> 
     </span>
     <span class='ocr_line' id='line_1_35' title="bbox 138 3760 1867 3833; baseline 0.001 -17"><span class='ocrx_word' id='word_1_429' title='bbox 138 3762 437 3832; x_wconf 79' lang='lat' dir='ltr'>atterunt,11tmeilii.</span> <span class='ocrx_word' id='word_1_430' title='bbox 454 3761 511 3814; x_wconf 83' lang='lat' dir='ltr'>alii</span> <span class='ocrx_word' id='word_1_431' title='bbox 530 3763 640 3814; x_wconf 90' lang='lat' dir='ltr'>lautum</span> <span class='ocrx_word' id='word_1_432' title='bbox 654 3760 750 3814; x_wconf 86' lang='lat' dir='ltr'>lerunt</span> <span class='ocrx_word' id='word_1_433' title='bbox 762 3764 790 3813; x_wconf 92' lang='lat' dir='ltr'>ct</span> <span class='ocrx_word' id='word_1_434' title='bbox 804 3776 862 3813; x_wconf 90' lang='lat' dir='ltr'>non</span> <span class='ocrx_word' id='word_1_435' title='bbox 876 3760 974 3814; x_wconf 86' lang='lat' dir='ltr'>larun·</span> <span class='ocrx_word' id='word_1_436' title='bbox 1033 3765 1161 3816; x_wconf 82' lang='lat' dir='ltr'>merdam</span> <span class='ocrx_word' id='word_1_437' title='bbox 1178 3778 1320 3816; x_wconf 88' lang='lat' dir='ltr'>resonare</span> <span class='ocrx_word' id='word_1_438' title='bbox 1338 3763 1416 3831; x_wconf 73' lang='lat' dir='ltr'>sarcit,</span> <span class='ocrx_word' id='word_1_439' title='bbox 1431 3763 1566 3833; x_wconf 78' lang='lat' dir='ltr'>lignum,</span> <span class='ocrx_word' id='word_1_440' title='bbox 1579 3763 1656 3817; x_wconf 91' lang='lat' dir='ltr'>undu</span> <span class='ocrx_word' id='word_1_441' title='bbox 1668 3764 1774 3833; x_wconf 85' lang='lat' dir='ltr'>pendet</span> <span class='ocrx_word' id='word_1_442' title='bbox 1791 3781 1867 3818; x_wconf 85' lang='lat' dir='ltr'>earu-</span> 
     </span>
     <span class='ocr_line' id='line_1_36' title="bbox 137 3849 1866 3923; baseline -0.001 -17"><span class='ocrx_word' id='word_1_443' title='bbox 137 3854 195 3922; x_wconf 87' lang='lat' dir='ltr'>tar‚</span> <span class='ocrx_word' id='word_1_444' title='bbox 212 3853 269 3905; x_wconf 91' lang='lat' dir='ltr'>nisi</span> <span class='ocrx_word' id='word_1_445' title='bbox 285 3869 301 3905; x_wconf 90' lang='lat' dir='ltr'>a</span> <span class='ocrx_word' id='word_1_446' title='bbox 317 3852 381 3905; x_wconf 91' lang='lat' dir='ltr'>solo</span> <span class='ocrx_word' id='word_1_447' title='bbox 404 3851 537 3918; x_wconf 74' lang='lat' dir='ltr'>t&#39;tlrrist0,</span> <span class='ocrx_word' id='word_1_448' title='bbox 564 3850 614 3920; x_wconf 89' lang='lat' dir='ltr'>qai</span> <span class='ocrx_word' id='word_1_449' title='bbox 637 3853 682 3904; x_wconf 88' lang='lat' dir='ltr'>est</span> <span class='ocrx_word' id='word_1_450' title='bbox 702 3849 854 3921; x_wconf 84' lang='lat' dir='ltr'>singulare</span> <span class='ocrx_word' id='word_1_451' title='bbox 871 3850 974 3903; x_wconf 86' lang='lat' dir='ltr'>lundu-</span> <span class='ocrx_word' id='word_1_452' title='bbox 1030 3867 1115 3922; x_wconf 80' lang='lat' dir='ltr'>pana,</span> <span class='ocrx_word' id='word_1_453' title='bbox 1135 3867 1252 3905; x_wconf 88' lang='lat' dir='ltr'>crucem</span> <span class='ocrx_word' id='word_1_454' title='bbox 1268 3852 1435 3922; x_wconf 84' lang='lat' dir='ltr'>siguificat;</span> <span class='ocrx_word' id='word_1_455' title='bbox 1453 3852 1593 3922; x_wconf 84' lang='lat' dir='ltr'>ligatura,</span> <span class='ocrx_word' id='word_1_456' title='bbox 1611 3853 1797 3919; x_wconf 77' lang='lat' dir='ltr'>atrocitatem,</span> <span class='ocrx_word' id='word_1_457' title='bbox 1816 3871 1866 3923; x_wconf 87' lang='lat' dir='ltr'>pur</span> 
     </span>
     <span class='ocr_line' id='line_1_37' title="bbox 136 3937 1864 4015; baseline 0.001 -20"><span class='ocrx_word' id='word_1_458' title='bbox 136 3944 277 3995; x_wconf 90' lang='lat' dir='ltr'>mentum.</span> <span class='ocrx_word' id='word_1_459' title='bbox 298 3940 330 3995; x_wconf 92' lang='lat' dir='ltr'>ln</span> <span class='ocrx_word' id='word_1_460' title='bbox 346 3941 401 3994; x_wconf 82' lang='lat' dir='ltr'>lioc</span> <span class='ocrx_word' id='word_1_461' title='bbox 414 3941 490 3995; x_wconf 91' lang='lat' dir='ltr'>enim</span> <span class='ocrx_word' id='word_1_462' title='bbox 502 3940 627 3993; x_wconf 73' lang='lat' dir='ltr'>aedificio</span> <span class='ocrx_word' id='word_1_463' title='bbox 640 3940 747 4009; x_wconf 88' lang='lat' dir='ltr'>quanto</span> <span class='ocrx_word' id='word_1_464' title='bbox 759 3939 826 4009; x_wconf 84' lang='lat' dir='ltr'>quis</span> <span class='ocrx_word' id='word_1_465' title='bbox 838 3937 974 3993; x_wconf 87' lang='lat' dir='ltr'>dilleran-</span> <span class='ocrx_word' id='word_1_466' title='bbox 1029 3957 1116 4011; x_wconf 89' lang='lat' dir='ltr'>quam</span> <span class='ocrx_word' id='word_1_467' title='bbox 1133 3940 1303 3994; x_wconf 87' lang='lat' dir='ltr'>charitatem</span> <span class='ocrx_word' id='word_1_468' title='bbox 1320 3941 1584 4010; x_wconf 70' lang='lat' dir='ltr'>primliealorcruei</span> <span class='ocrx_word' id='word_1_469' title='bbox 1598 3942 1738 3996; x_wconf 84' lang='lat' dir='ltr'>astrictus</span> <span class='ocrx_word' id='word_1_470' title='bbox 1755 3943 1864 4015; x_wconf 85' lang='lat' dir='ltr'>gloria-</span> 
     </span>
     <span class='ocr_line' id='line_1_38' title="bbox 135 4027 1865 4101; baseline 0.001 -19"><span class='ocrx_word' id='word_1_471' title='bbox 135 4028 196 4083; x_wconf 90' lang='lat' dir='ltr'>tius</span> <span class='ocrx_word' id='word_1_472' title='bbox 212 4028 339 4096; x_wconf 86' lang='lat' dir='ltr'>excellit,</span> <span class='ocrx_word' id='word_1_473' title='bbox 356 4032 435 4083; x_wconf 92' lang='lat' dir='ltr'>tauto</span> <span class='ocrx_word' id='word_1_474' title='bbox 451 4029 591 4083; x_wconf 88' lang='lat' dir='ltr'>humilior</span> <span class='ocrx_word' id='word_1_475' title='bbox 609 4027 677 4098; x_wconf 90' lang='lat' dir='ltr'>plus</span> <span class='ocrx_word' id='word_1_476' title='bbox 693 4028 810 4082; x_wconf 76' lang='lat' dir='ltr'>aedilicii</span> <span class='ocrx_word' id='word_1_477' title='bbox 826 4028 972 4082; x_wconf 85' lang='lat' dir='ltr'>sublevat.</span> <span class='ocrx_word' id='word_1_478' title='bbox 1027 4032 1083 4099; x_wconf 84' lang='lat' dir='ltr'>tur,</span> <span class='ocrx_word' id='word_1_479' title='bbox 1101 4028 1185 4100; x_wconf 79' lang='lat' dir='ltr'>juxta</span> <span class='ocrx_word' id='word_1_480' title='bbox 1203 4030 1290 4084; x_wconf 90' lang='lat' dir='ltr'>illud:</span> <span class='ocrx_word' id='word_1_481' title='bbox 1317 4030 1395 4083; x_wconf 81' lang='lat' dir='ltr'>dlilri</span> <span class='ocrx_word' id='word_1_482' title='bbox 1410 4037 1505 4084; x_wconf 83' lang='lat' dir='ltr'>auteur</span> <span class='ocrx_word' id='word_1_483' title='bbox 1520 4031 1599 4084; x_wconf 82' lang='lat' dir='ltr'>absit</span> <span class='ocrx_word' id='word_1_484' title='bbox 1615 4031 1744 4101; x_wconf 72' lang='lat' dir='ltr'>plorimi</span> <span class='ocrx_word' id='word_1_485' title='bbox 1760 4034 1821 4086; x_wconf 90' lang='lat' dir='ltr'>uisi</span> <span class='ocrx_word' id='word_1_486' title='bbox 1836 4034 1865 4085; x_wconf 91' lang='lat' dir='ltr'>iu</span> 
     </span>
     <span class='ocr_line' id='line_1_39' title="bbox 135 4115 1862 4191; baseline 0 -18"><span class='ocrx_word' id='word_1_487' title='bbox 135 4117 245 4173; x_wconf 91' lang='lat' dir='ltr'>Omnes</span> <span class='ocrx_word' id='word_1_488' title='bbox 260 4134 317 4172; x_wconf 91' lang='lat' dir='ltr'>una</span> <span class='ocrx_word' id='word_1_489' title='bbox 334 4118 463 4171; x_wconf 88' lang='lat' dir='ltr'>charitas</span> <span class='ocrx_word' id='word_1_490' title='bbox 479 4133 559 4171; x_wconf 87' lang='lat' dir='ltr'>more</span> <span class='ocrx_word' id='word_1_491' title='bbox 575 4117 708 4171; x_wconf 72' lang='lat' dir='ltr'>caementi</span> <span class='ocrx_word' id='word_1_492' title='bbox 722 4115 886 4188; x_wconf 83' lang='lat' dir='ltr'>conjungit,</span> <span class='ocrx_word' id='word_1_493' title='bbox 905 4118 973 4171; x_wconf 90' lang='lat' dir='ltr'>dum</span> <span class='ocrx_word' id='word_1_494' title='bbox 1028 4135 1115 4173; x_wconf 74' lang='lat' dir='ltr'>errae</span> <span class='ocrx_word' id='word_1_495' title='bbox 1127 4119 1244 4173; x_wconf 84' lang='lat' dir='ltr'>Ilouriui</span> <span class='ocrx_word' id='word_1_496' title='bbox 1255 4120 1351 4173; x_wconf 83' lang='lat' dir='ltr'>nostri</span> <span class='ocrx_word' id='word_1_497' title='bbox 1362 4119 1432 4173; x_wconf 82' lang='lat' dir='ltr'>desu</span> <span class='ocrx_word' id='word_1_498' title='bbox 1445 4120 1561 4172; x_wconf 71' lang='lat' dir='ltr'>Clulsu&#39;</span> <span class='ocrx_word' id='word_1_499' title='bbox 1573 4121 1583 4172; x_wconf 93' lang='lat'>.&#39;</span> <span class='ocrx_word' id='word_1_500' title='bbox 1593 4120 1671 4179; x_wconf 80' lang='lat' dir='ltr'>(Gal.</span> <span class='ocrx_word' id='word_1_501' title='bbox 1684 4127 1736 4191; x_wconf 81' lang='grc' dir='ltr'>ιι.)</span> <span class='ocrx_word' id='word_1_502' title='bbox 1748 4121 1862 4175; x_wconf 76' lang='lat' dir='ltr'>Cliorda</span> 
     </span>
     <span class='ocr_line' id='line_1_40' title="bbox 137 4207 1861 4279; baseline 0.001 -17"><span class='ocrx_word' id='word_1_503' title='bbox 137 4207 198 4262; x_wconf 90' lang='lat' dir='ltr'>vivi</span> <span class='ocrx_word' id='word_1_504' title='bbox 213 4208 326 4278; x_wconf 88' lang='lat' dir='ltr'>lapides</span> <span class='ocrx_word' id='word_1_505' title='bbox 342 4209 424 4278; x_wconf 90' lang='lat' dir='ltr'>pacis</span> <span class='ocrx_word' id='word_1_506' title='bbox 440 4223 582 4278; x_wconf 82' lang='lat' dir='ltr'>compage</span> <span class='ocrx_word' id='word_1_507' title='bbox 596 4207 734 4279; x_wconf 85' lang='lat' dir='ltr'>ligantur.</span> <span class='ocrx_word' id='word_1_508' title='bbox 750 4208 860 4261; x_wconf 87' lang='lat' dir='ltr'>Turres</span> <span class='ocrx_word' id='word_1_509' title='bbox 875 4212 971 4262; x_wconf 89' lang='lat' dir='ltr'>autem</span> <span class='ocrx_word' id='word_1_510' title='bbox 1026 4208 1084 4260; x_wconf 87' lang='lat' dir='ltr'>vitu</span> <span class='ocrx_word' id='word_1_511' title='bbox 1101 4211 1145 4260; x_wconf 90' lang='lat' dir='ltr'>est</span> <span class='ocrx_word' id='word_1_512' title='bbox 1157 4212 1184 4261; x_wconf 90' lang='lat' dir='ltr'>el</span> <span class='ocrx_word' id='word_1_513' title='bbox 1194 4208 1343 4261; x_wconf 87' lang='lat' dir='ltr'>humilitas</span> <span class='ocrx_word' id='word_1_514' title='bbox 1355 4209 1569 4277; x_wconf 70' lang='lat' dir='ltr'>praedicatoris.</span> <span class='ocrx_word' id='word_1_515' title='bbox 1584 4208 1667 4262; x_wconf 87' lang='lat' dir='ltr'>Unde</span> <span class='ocrx_word' id='word_1_516' title='bbox 1684 4210 1861 4279; x_wconf 65' lang='lat' dir='ltr'>Apostolus:</span> 
     </span>
     <span class='ocr_line' id='line_1_41' title="bbox 133 4295 1864 4370; baseline -0.001 -18"><span class='ocrx_word' id='word_1_517' title='bbox 133 4297 345 4370; x_wconf 75' lang='lat' dir='ltr'>praedicatores</span> <span class='ocrx_word' id='word_1_518' title='bbox 357 4301 426 4351; x_wconf 89' lang='lat' dir='ltr'>sunt</span> <span class='ocrx_word' id='word_1_519' title='bbox 436 4300 465 4350; x_wconf 94' lang='lat' dir='ltr'>et</span> <span class='ocrx_word' id='word_1_520' title='bbox 475 4296 587 4366; x_wconf 88' lang='lat' dir='ltr'>praelati</span> <span class='ocrx_word' id='word_1_521' title='bbox 599 4295 753 4367; x_wconf 73' lang='lat' dir='ltr'>Ecclesiae,</span> <span class='ocrx_word' id='word_1_522' title='bbox 767 4314 815 4367; x_wconf 85' lang='lat' dir='ltr'>qui</span> <span class='ocrx_word' id='word_1_523' title='bbox 829 4301 898 4350; x_wconf 87' lang='lat' dir='ltr'>sunt</span> <span class='ocrx_word' id='word_1_524' title='bbox 909 4314 971 4351; x_wconf 93' lang='lat' dir='ltr'>mu-</span> <span class='ocrx_word' id='word_1_525' title='bbox 1026 4297 1074 4367; x_wconf 93' lang='lat' dir='ltr'>qui</span> <span class='ocrx_word' id='word_1_526' title='bbox 1083 4297 1285 4367; x_wconf 88' lang='lat' dir='ltr'>propteralios</span> <span class='ocrx_word' id='word_1_527' title='bbox 1298 4297 1525 4351; x_wconf 87' lang='lat' dir='ltr'>condescendit:</span> <span class='ocrx_word' id='word_1_528' title='bbox 1538 4298 1573 4350; x_wconf 85' lang='lat' dir='ltr'>Si</span> <span class='ocrx_word' id='word_1_529' title='bbox 1579 4314 1612 4351; x_wconf 82' lang='lat' dir='ltr'>rc</span> <span class='ocrx_word' id='word_1_530' title='bbox 1621 4300 1794 4352; x_wconf 72' lang='lat' dir='ltr'>excedimus</span> <span class='ocrx_word' id='word_1_531' title='bbox 1799 4314 1864 4370; x_wconf 81' lang='lat' dir='ltr'>pro</span> 
     </span>
     <span class='ocr_line' id='line_1_42' title="bbox 132 4385 1866 4458; baseline -0.001 -16"><span class='ocrx_word' id='word_1_532' title='bbox 132 4385 442 4442; x_wconf 81' lang='lat' dir='ltr'>nimentaetdefeusio</span> <span class='ocrx_word' id='word_1_533' title='bbox 453 4385 531 4457; x_wconf 79' lang='lat' dir='ltr'>ejus</span> <span class='ocrx_word' id='word_1_534' title='bbox 543 4385 626 4439; x_wconf 78' lang='lat' dir='ltr'>Unde</span> <span class='ocrx_word' id='word_1_535' title='bbox 639 4401 769 4455; x_wconf 89' lang='lat' dir='ltr'>sponsus</span> <span class='ocrx_word' id='word_1_536' title='bbox 780 4385 816 4439; x_wconf 90' lang='lat' dir='ltr'>ad</span> <span class='ocrx_word' id='word_1_537' title='bbox 826 4401 970 4455; x_wconf 86' lang='lat' dir='ltr'>sponsam</span> <span class='ocrx_word' id='word_1_538' title='bbox 1021 4391 1092 4456; x_wconf 85' lang='lat' dir='ltr'>pter</span> <span class='ocrx_word' id='word_1_539' title='bbox 1108 4386 1213 4450; x_wconf 67' lang='grc' dir='ltr'>Ιιειιιιι,</span> <span class='ocrx_word' id='word_1_540' title='bbox 1237 4386 1303 4438; x_wconf 79' lang='lat' dir='ltr'>siro</span> <span class='ocrx_word' id='word_1_541' title='bbox 1329 4385 1593 4440; x_wconf 82' lang='lat' dir='ltr'>condescendimus</span> <span class='ocrx_word' id='word_1_542' title='bbox 1612 4393 1736 4458; x_wconf 64' lang='lat' dir='ltr'>prepter</span> <span class='ocrx_word' id='word_1_543' title='bbox 1758 4404 1811 4442; x_wconf 86' lang='lat' dir='ltr'>uos</span> <span class='ocrx_word' id='word_1_544' title='bbox 1825 4387 1866 4454; x_wconf 80' lang='lat' dir='ltr'>dl</span> 
     </span>
     <span class='ocr_line' id='line_1_43' title="bbox 131 4474 1861 4544; baseline -0.001 -14"><span class='ocrx_word' id='word_1_545' title='bbox 131 4475 163 4530; x_wconf 90' lang='lat' dir='ltr'>in</span> <span class='ocrx_word' id='word_1_546' title='bbox 178 4475 307 4531; x_wconf 84' lang='lat' dir='ltr'>Canticis</span> <span class='ocrx_word' id='word_1_547' title='bbox 324 4475 505 4529; x_wconf 90' lang='lat' dir='ltr'>canticorum</span> <span class='ocrx_word' id='word_1_548' title='bbox 521 4475 564 4529; x_wconf 92' lang='lat' dir='ltr'>sie</span> <span class='ocrx_word' id='word_1_549' title='bbox 585 4475 731 4544; x_wconf 90' lang='lat' dir='ltr'>loquitur:</span> <span class='ocrx_word' id='word_1_550' title='bbox 757 4474 867 4528; x_wconf 84' lang='lat' dir='ltr'>Collum</span> <span class='ocrx_word' id='word_1_551' title='bbox 891 4481 969 4527; x_wconf 89' lang='lat' dir='ltr'>tuum</span> <span class='ocrx_word' id='word_1_552' title='bbox 1026 4475 1093 4528; x_wconf 85' lang='lat' dir='ltr'>Cor.</span> <span class='ocrx_word' id='word_1_553' title='bbox 1111 4477 1153 4541; x_wconf 84' lang='lat' dir='ltr'>r.)</span> <span class='ocrx_word' id='word_1_554' title='bbox 1170 4475 1277 4527; x_wconf 76' lang='lat' dir='ltr'>bimuli</span> <span class='ocrx_word' id='word_1_555' title='bbox 1298 4475 1326 4527; x_wconf 92' lang='lat' dir='ltr'>iu</span> <span class='ocrx_word' id='word_1_556' title='bbox 1344 4475 1428 4542; x_wconf 89' lang='lat' dir='ltr'>lune,</span> <span class='ocrx_word' id='word_1_557' title='bbox 1453 4477 1673 4544; x_wconf 88' lang='lat' dir='ltr'>perseverantia</span> <span class='ocrx_word' id='word_1_558' title='bbox 1690 4477 1735 4530; x_wconf 78' lang='lat' dir='ltr'>rel</span> <span class='ocrx_word' id='word_1_559' title='bbox 1753 4492 1861 4531; x_wconf 88' lang='lat' dir='ltr'>corona</span> 
     </span>
     <span class='ocr_line' id='line_1_44' title="bbox 132 4564 1148 4636; baseline -0.003 -15"><span class='ocrx_word' id='word_1_560' title='bbox 132 4565 209 4621; x_wconf 86' lang='lat' dir='ltr'>sicut</span> <span class='ocrx_word' id='word_1_561' title='bbox 231 4566 326 4620; x_wconf 86' lang='lat' dir='ltr'>turris</span> <span class='ocrx_word' id='word_1_562' title='bbox 346 4566 458 4632; x_wconf 72' lang='lat' dir='ltr'>llario,</span> <span class='ocrx_word' id='word_1_563' title='bbox 487 4564 634 4619; x_wconf 80' lang='lat' dir='ltr'>oedidcalu</span> <span class='ocrx_word' id='word_1_564' title='bbox 657 4581 720 4618; x_wconf 88' lang='lat' dir='ltr'>cum</span> <span class='ocrx_word' id='word_1_565' title='bbox 739 4564 970 4636; x_wconf 67' lang='lat' dir='ltr'>propugnaculis</span> <span class='ocrx_word' id='word_1_566' title='bbox 1024 4564 1148 4634; x_wconf 73' lang='lat' dir='ltr'>praemii.</span> 
     </span>
     <span class='ocr_line' id='line_1_45' title="bbox 130 4653 1858 4726; baseline 0 -18"><span class='ocrx_word' id='word_1_567' title='bbox 130 4654 228 4725; x_wconf 87' lang='lat' dir='ltr'>(Cant.</span> <span class='ocrx_word' id='word_1_568' title='bbox 246 4658 296 4726; x_wconf 82' lang='lat' dir='ltr'>iv).</span> <span class='ocrx_word' id='word_1_569' title='bbox 308 4655 409 4710; x_wconf 88' lang='lat' dir='ltr'>Gallus</span> <span class='ocrx_word' id='word_1_570' title='bbox 422 4655 471 4726; x_wconf 85' lang='lat' dir='ltr'>qui</span> <span class='ocrx_word' id='word_1_571' title='bbox 483 4654 690 4725; x_wconf 89' lang='lat' dir='ltr'>superpositus</span> <span class='ocrx_word' id='word_1_572' title='bbox 701 4657 745 4706; x_wconf 89' lang='lat' dir='ltr'>est</span> <span class='ocrx_word' id='word_1_573' title='bbox 757 4653 967 4722; x_wconf 77' lang='lat' dir='ltr'>praedicatores</span> <span class='ocrx_word' id='word_1_574' title='bbox 1059 4653 1209 4707; x_wconf 78' lang='lat' dir='ltr'>l&#39;eucstroe</span> <span class='ocrx_word' id='word_1_575' title='bbox 1225 4653 1361 4706; x_wconf 71' lang='lat' dir='ltr'>ecclcsiae</span> <span class='ocrx_word' id='word_1_576' title='bbox 1378 4654 1478 4706; x_wconf 80' lang='lat' dir='ltr'>vitreae</span> <span class='ocrx_word' id='word_1_577' title='bbox 1495 4653 1542 4706; x_wconf 73' lang='lat' dir='ltr'>Ser</span> <span class='ocrx_word' id='word_1_578' title='bbox 1551 4654 1653 4724; x_wconf 69' lang='lat' dir='ltr'>ipturar</span> <span class='ocrx_word' id='word_1_579' title='bbox 1664 4658 1731 4708; x_wconf 89' lang='lat' dir='ltr'>sunl</span> <span class='ocrx_word' id='word_1_580' title='bbox 1742 4655 1858 4720; x_wconf 70' lang='lat' dir='ltr'>illatae,</span> 
     </span>
     <span class='ocr_line' id='line_1_46' title="bbox 129 4742 1859 4814; baseline -0.001 -16"><span class='ocrx_word' id='word_1_581' title='bbox 129 4748 333 4812; x_wconf 63' lang='lat' dir='ltr'>repraesentat.</span> <span class='ocrx_word' id='word_1_582' title='bbox 345 4745 446 4799; x_wconf 85' lang='lat' dir='ltr'>Gallus</span> <span class='ocrx_word' id='word_1_583' title='bbox 459 4745 546 4814; x_wconf 90' lang='lat' dir='ltr'>enim,</span> <span class='ocrx_word' id='word_1_584' title='bbox 558 4744 653 4797; x_wconf 90' lang='lat' dir='ltr'>noctis</span> <span class='ocrx_word' id='word_1_585' title='bbox 663 4742 817 4812; x_wconf 84' lang='lat' dir='ltr'>profundae</span> <span class='ocrx_word' id='word_1_586' title='bbox 829 4743 965 4813; x_wconf 81' lang='lat' dir='ltr'>pervigil,</span> <span class='ocrx_word' id='word_1_587' title='bbox 1022 4759 1088 4813; x_wconf 79' lang='lat' dir='ltr'>qum</span> <span class='ocrx_word' id='word_1_588' title='bbox 1104 4746 1223 4797; x_wconf 84' lang='lat' dir='ltr'>ventum</span> <span class='ocrx_word' id='word_1_589' title='bbox 1236 4745 1263 4795; x_wconf 89' lang='lat' dir='ltr'>et</span> <span class='ocrx_word' id='word_1_590' title='bbox 1274 4742 1403 4811; x_wconf 87' lang='lat' dir='ltr'>pluviam</span> <span class='ocrx_word' id='word_1_591' title='bbox 1414 4743 1568 4812; x_wconf 88' lang='lat' dir='ltr'>repellunt,</span> <span class='ocrx_word' id='word_1_592' title='bbox 1582 4744 1611 4797; x_wconf 93' lang='lat' dir='ltr'>id</span> <span class='ocrx_word' id='word_1_593' title='bbox 1622 4748 1667 4798; x_wconf 88' lang='lat' dir='ltr'>est</span> <span class='ocrx_word' id='word_1_594' title='bbox 1678 4746 1782 4797; x_wconf 80' lang='lat' dir='ltr'>nociva</span> <span class='ocrx_word' id='word_1_595' title='bbox 1794 4759 1859 4814; x_wconf 91' lang='lat' dir='ltr'>pro-</span> 
     </span>
     <span class='ocr_line' id='line_1_47' title="bbox 129 4829 1858 4903; baseline 0 -19"><span class='ocrx_word' id='word_1_596' title='bbox 129 4829 221 4886; x_wconf 90' lang='lat' dir='ltr'>horas</span> <span class='ocrx_word' id='word_1_597' title='bbox 236 4832 302 4903; x_wconf 76' lang='lat' dir='ltr'>ejus</span> <span class='ocrx_word' id='word_1_598' title='bbox 319 4833 422 4886; x_wconf 84' lang='lat' dir='ltr'>diuidit</span> <span class='ocrx_word' id='word_1_599' title='bbox 437 4837 537 4899; x_wconf 83' lang='lat' dir='ltr'>cantu,</span> <span class='ocrx_word' id='word_1_600' title='bbox 556 4832 735 4885; x_wconf 89' lang='lat' dir='ltr'>dormientes</span> <span class='ocrx_word' id='word_1_601' title='bbox 751 4832 872 4899; x_wconf 85' lang='lat' dir='ltr'>excitat,</span> <span class='ocrx_word' id='word_1_602' title='bbox 890 4832 966 4884; x_wconf 89' lang='lat' dir='ltr'>diem</span> <span class='ocrx_word' id='word_1_603' title='bbox 1022 4830 1140 4900; x_wconf 78' lang='lat' dir='ltr'>hibent3</span> <span class='ocrx_word' id='word_1_604' title='bbox 1157 4835 1184 4885; x_wconf 88' lang='lat' dir='ltr'>et</span> <span class='ocrx_word' id='word_1_605' title='bbox 1200 4831 1269 4885; x_wconf 91' lang='lat' dir='ltr'>dum</span> <span class='ocrx_word' id='word_1_606' title='bbox 1290 4831 1451 4885; x_wconf 87' lang='lat' dir='ltr'>claritatem</span> <span class='ocrx_word' id='word_1_607' title='bbox 1472 4832 1535 4885; x_wconf 86' lang='lat' dir='ltr'>reri</span> <span class='ocrx_word' id='word_1_608' title='bbox 1555 4833 1630 4886; x_wconf 90' lang='lat' dir='ltr'>solis</span> <span class='ocrx_word' id='word_1_609' title='bbox 1647 4833 1676 4886; x_wconf 93' lang='lat' dir='ltr'>iu</span> <span class='ocrx_word' id='word_1_610' title='bbox 1692 4832 1858 4887; x_wconf 84' lang='lat' dir='ltr'>Ecclesiam</span> 
     </span>
     <span class='ocr_line' id='line_1_48' title="bbox 129 4919 1857 4991; baseline 0.002 -19"><span class='ocrx_word' id='word_1_611' title='bbox 129 4921 412 4990; x_wconf 83' lang='lat' dir='ltr'>appropinquantem</span> <span class='ocrx_word' id='word_1_612' title='bbox 428 4922 577 4991; x_wconf 72' lang='lat' dir='ltr'>praciuit3</span> <span class='ocrx_word' id='word_1_613' title='bbox 596 4921 647 4975; x_wconf 91' lang='lat' dir='ltr'>sed</span> <span class='ocrx_word' id='word_1_614' title='bbox 661 4920 885 4991; x_wconf 88' lang='lat' dir='ltr'>priusscipsum</span> <span class='ocrx_word' id='word_1_615' title='bbox 900 4936 966 4974; x_wconf 80' lang='lat' dir='ltr'>rer·</span> <span class='ocrx_word' id='word_1_616' title='bbox 1022 4936 1075 4989; x_wconf 89' lang='lat' dir='ltr'>par</span> <span class='ocrx_word' id='word_1_617' title='bbox 1091 4919 1168 4973; x_wconf 89' lang='lat' dir='ltr'>diem</span> <span class='ocrx_word' id='word_1_618' title='bbox 1180 4920 1389 4987; x_wconf 88' lang='lat' dir='ltr'>transmittunt,</span> <span class='ocrx_word' id='word_1_619' title='bbox 1403 4921 1601 4975; x_wconf 86' lang='lat' dir='ltr'>inhabitantes</span> <span class='ocrx_word' id='word_1_620' title='bbox 1613 4921 1788 4975; x_wconf 88' lang='lat' dir='ltr'>illuminant.</span> <span class='ocrx_word' id='word_1_621' title='bbox 1806 4922 1857 4975; x_wconf 77' lang='lat' dir='ltr'>llae</span> 
     </span>
     <span class='ocr_line' id='line_1_49' title="bbox 127 5006 1858 5081; baseline 0.001 -19"><span class='ocrx_word' id='word_1_622' title='bbox 127 5006 200 5062; x_wconf 88' lang='lat' dir='ltr'>bere</span> <span class='ocrx_word' id='word_1_623' title='bbox 216 5009 327 5062; x_wconf 91' lang='lat' dir='ltr'>alarum</span> <span class='ocrx_word' id='word_1_624' title='bbox 343 5010 378 5062; x_wconf 92' lang='lat' dir='ltr'>ad</span> <span class='ocrx_word' id='word_1_625' title='bbox 400 5011 576 5064; x_wconf 89' lang='lat' dir='ltr'>cantandum</span> <span class='ocrx_word' id='word_1_626' title='bbox 592 5010 709 5063; x_wconf 86' lang='lat' dir='ltr'>excitat.</span> <span class='ocrx_word' id='word_1_627' title='bbox 727 5009 830 5063; x_wconf 81' lang='lat' dir='ltr'>Notata</span> <span class='ocrx_word' id='word_1_628' title='bbox 847 5009 964 5080; x_wconf 87' lang='lat' dir='ltr'>singula</span> <span class='ocrx_word' id='word_1_629' title='bbox 1022 5010 1101 5062; x_wconf 91' lang='lat' dir='ltr'>intus</span> <span class='ocrx_word' id='word_1_630' title='bbox 1116 5009 1236 5061; x_wconf 89' lang='lat' dir='ltr'>latiores</span> <span class='ocrx_word' id='word_1_631' title='bbox 1253 5012 1335 5076; x_wconf 74' lang='lat' dir='ltr'>silut,</span> <span class='ocrx_word' id='word_1_632' title='bbox 1360 5011 1428 5079; x_wconf 88' lang='lat' dir='ltr'>quia</span> <span class='ocrx_word' id='word_1_633' title='bbox 1448 5010 1592 5079; x_wconf 64' lang='lat' dir='ltr'>mysticus</span> <span class='ocrx_word' id='word_1_634' title='bbox 1609 5026 1718 5064; x_wconf 88' lang='lat' dir='ltr'>sensus</span> <span class='ocrx_word' id='word_1_635' title='bbox 1734 5012 1858 5081; x_wconf 91' lang='lat' dir='ltr'>amplior</span> 
     </span>
     <span class='ocr_line' id='line_1_50' title="bbox 127 5096 1857 5169; baseline 0.001 -18"><span class='ocrx_word' id='word_1_636' title='bbox 127 5096 272 5168; x_wconf 67' lang='lat' dir='ltr'>mysticeg</span> <span class='ocrx_word' id='word_1_637' title='bbox 290 5113 346 5149; x_wconf 91' lang='lat' dir='ltr'>non</span> <span class='ocrx_word' id='word_1_638' title='bbox 364 5098 440 5151; x_wconf 88' lang='lat' dir='ltr'>enim</span> <span class='ocrx_word' id='word_1_639' title='bbox 457 5102 502 5152; x_wconf 90' lang='lat' dir='ltr'>est</span> <span class='ocrx_word' id='word_1_640' title='bbox 514 5099 560 5151; x_wconf 82' lang='lat' dir='ltr'>liic</span> <span class='ocrx_word' id='word_1_641' title='bbox 571 5098 729 5169; x_wconf 89' lang='lat' dir='ltr'>quidquam</span> <span class='ocrx_word' id='word_1_642' title='bbox 742 5098 878 5151; x_wconf 91' lang='lat' dir='ltr'>otiosum.</span> <span class='ocrx_word' id='word_1_643' title='bbox 892 5097 964 5151; x_wconf 84' lang='lat' dir='ltr'>llor—</span> <span class='ocrx_word' id='word_1_644' title='bbox 1022 5103 1067 5153; x_wconf 91' lang='lat' dir='ltr'>cst</span> <span class='ocrx_word' id='word_1_645' title='bbox 1079 5100 1106 5153; x_wconf 92' lang='lat' dir='ltr'>et</span> <span class='ocrx_word' id='word_1_646' title='bbox 1117 5097 1395 5168; x_wconf 75' lang='lat' dir='ltr'>praecellitlittcruli.</span> <span class='ocrx_word' id='word_1_647' title='bbox 1413 5099 1473 5151; x_wconf 88' lang='lat' dir='ltr'>llus</span> <span class='ocrx_word' id='word_1_648' title='bbox 1486 5099 1671 5169; x_wconf 80' lang='lat' dir='ltr'>frequentant</span> <span class='ocrx_word' id='word_1_649' title='bbox 1687 5101 1857 5168; x_wconf 77' lang='lat' dir='ltr'>praedicato-</span> 
     </span>
     <span class='ocr_line' id='line_1_51' title="bbox 128 5185 1856 5261; baseline -0.001 -20"><span class='ocrx_word' id='word_1_650' title='bbox 128 5185 254 5241; x_wconf 87' lang='lat' dir='ltr'>micntes</span> <span class='ocrx_word' id='word_1_651' title='bbox 270 5190 339 5241; x_wconf 90' lang='lat' dir='ltr'>sunt</span> <span class='ocrx_word' id='word_1_652' title='bbox 350 5186 400 5239; x_wconf 90' lang='lat' dir='ltr'>lllii</span> <span class='ocrx_word' id='word_1_653' title='bbox 413 5185 503 5257; x_wconf 83' lang='lat' dir='ltr'>hujus</span> <span class='ocrx_word' id='word_1_654' title='bbox 516 5185 618 5240; x_wconf 85' lang='lat' dir='ltr'>saeculi</span> <span class='ocrx_word' id='word_1_655' title='bbox 630 5188 659 5240; x_wconf 95' lang='lat' dir='ltr'>in</span> <span class='ocrx_word' id='word_1_656' title='bbox 671 5186 800 5256; x_wconf 89' lang='lat' dir='ltr'>peccatis</span> <span class='ocrx_word' id='word_1_657' title='bbox 811 5185 962 5257; x_wconf 76' lang='lat' dir='ltr'>jacentes3</span> <span class='ocrx_word' id='word_1_658' title='bbox 1022 5204 1080 5253; x_wconf 81' lang='lat' dir='ltr'>res,</span> <span class='ocrx_word' id='word_1_659' title='bbox 1100 5188 1149 5260; x_wconf 80' lang='lat' dir='ltr'>qui</span> <span class='ocrx_word' id='word_1_660' title='bbox 1165 5194 1194 5241; x_wconf 88' lang='lat' dir='ltr'>ut</span> <span class='ocrx_word' id='word_1_661' title='bbox 1211 5186 1306 5240; x_wconf 86' lang='lat' dir='ltr'>nubes</span> <span class='ocrx_word' id='word_1_662' title='bbox 1320 5188 1417 5242; x_wconf 66' lang='lat' dir='ltr'>troiana</span> <span class='ocrx_word' id='word_1_663' title='bbox 1429 5194 1458 5242; x_wconf 86' lang='lat' dir='ltr'>et</span> <span class='ocrx_word' id='word_1_664' title='bbox 1470 5189 1553 5261; x_wconf 80' lang='lat' dir='ltr'>quasi</span> <span class='ocrx_word' id='word_1_665' title='bbox 1568 5188 1708 5243; x_wconf 85' lang='lat' dir='ltr'>eoluurluc</span> <span class='ocrx_word' id='word_1_666' title='bbox 1722 5188 1761 5243; x_wconf 81' lang='lat' dir='ltr'>ad</span> <span class='ocrx_word' id='word_1_667' title='bbox 1774 5188 1856 5243; x_wconf 79' lang='lat' dir='ltr'>liure·</span> 
     </span>
     <span class='ocr_line' id='line_1_52' title="bbox 125 5275 1856 5350; baseline 0.003 -22"><span class='ocrx_word' id='word_1_668' title='bbox 125 5275 237 5350; x_wconf 62' lang='lat' dir='ltr'>gallus</span> <span class='ocrx_word' id='word_1_669' title='bbox 255 5275 365 5330; x_wconf 88' lang='lat' dir='ltr'>chorus</span> <span class='ocrx_word' id='word_1_670' title='bbox 379 5275 568 5344; x_wconf 88' lang='lat' dir='ltr'>praelatorum</span> <span class='ocrx_word' id='word_1_671' title='bbox 585 5275 635 5346; x_wconf 92' lang='lat' dir='ltr'>qai</span> <span class='ocrx_word' id='word_1_672' title='bbox 647 5275 778 5330; x_wconf 88' lang='lat' dir='ltr'>districte</span> <span class='ocrx_word' id='word_1_673' title='bbox 789 5275 959 5345; x_wconf 74' lang='lat' dir='ltr'>praedicant,</span> <span class='ocrx_word' id='word_1_674' title='bbox 1021 5283 1102 5330; x_wconf 88' lang='lat' dir='ltr'>slras</span> <span class='ocrx_word' id='word_1_675' title='bbox 1117 5293 1186 5331; x_wconf 88' lang='lat' dir='ltr'>suas</span> <span class='ocrx_word' id='word_1_676' title='bbox 1201 5276 1282 5346; x_wconf 78' lang='lat' dir='ltr'>(lsai.</span> <span class='ocrx_word' id='word_1_677' title='bbox 1305 5278 1363 5337; x_wconf 76' lang='lat' dir='ltr'>cxl.</span> <span class='ocrx_word' id='word_1_678' title='bbox 1389 5277 1459 5330; x_wconf 88' lang='lat' dir='ltr'>Item</span> <span class='ocrx_word' id='word_1_679' title='bbox 1483 5293 1536 5348; x_wconf 87' lang='lat' dir='ltr'>per</span> <span class='ocrx_word' id='word_1_680' title='bbox 1559 5276 1706 5332; x_wconf 82' lang='lat' dir='ltr'>fanestras</span> <span class='ocrx_word' id='word_1_681' title='bbox 1724 5277 1856 5348; x_wconf 88' lang='lat' dir='ltr'>quinque</span> 
     </span>
     <span class='ocr_line' id='line_1_53' title="bbox 127 5363 1854 5438; baseline -0.001 -17"><span class='ocrx_word' id='word_1_682' title='bbox 127 5364 308 5421; x_wconf 85' lang='lat' dir='ltr'>dormientes</span> <span class='ocrx_word' id='word_1_683' title='bbox 319 5364 456 5432; x_wconf 87' lang='lat' dir='ltr'>excitant,</span> <span class='ocrx_word' id='word_1_684' title='bbox 469 5367 500 5418; x_wconf 92' lang='lat' dir='ltr'>ut</span> <span class='ocrx_word' id='word_1_685' title='bbox 510 5363 651 5434; x_wconf 88' lang='lat' dir='ltr'>abjiciant</span> <span class='ocrx_word' id='word_1_686' title='bbox 660 5379 748 5434; x_wconf 91' lang='lat' dir='ltr'>opera</span> <span class='ocrx_word' id='word_1_687' title='bbox 761 5364 958 5434; x_wconf 85' lang='lat' dir='ltr'>tenebrarum,</span> <span class='ocrx_word' id='word_1_688' title='bbox 1019 5381 1129 5420; x_wconf 88' lang='lat' dir='ltr'>sensas</span> <span class='ocrx_word' id='word_1_689' title='bbox 1146 5367 1281 5436; x_wconf 89' lang='lat' dir='ltr'>corporis</span> <span class='ocrx_word' id='word_1_690' title='bbox 1298 5365 1491 5438; x_wconf 78' lang='lat' dir='ltr'>significatur,</span> <span class='ocrx_word' id='word_1_691' title='bbox 1509 5366 1559 5438; x_wconf 91' lang='lat' dir='ltr'>qui</span> <span class='ocrx_word' id='word_1_692' title='bbox 1576 5370 1658 5421; x_wconf 87' lang='lat' dir='ltr'>extra</span> <span class='ocrx_word' id='word_1_693' title='bbox 1675 5366 1770 5421; x_wconf 88' lang='lat' dir='ltr'>stricti</span> <span class='ocrx_word' id='word_1_694' title='bbox 1785 5382 1854 5421; x_wconf 87' lang='lat' dir='ltr'>essa</span> 
     </span>
     <span class='ocr_line' id='line_1_54' title="bbox 126 5449 1854 5527; baseline -0.001 -16"><span class='ocrx_word' id='word_1_695' title='bbox 126 5454 288 5511; x_wconf 84' lang='lat' dir='ltr'>clamantes</span> <span class='ocrx_word' id='word_1_696' title='bbox 300 5469 306 5510; x_wconf 91' lang='lat'>:</span> <span class='ocrx_word' id='word_1_697' title='bbox 318 5454 369 5509; x_wconf 82' lang='lat' dir='ltr'>Vae</span> <span class='ocrx_word' id='word_1_698' title='bbox 379 5449 609 5508; x_wconf 77' lang='lat' dir='ltr'>dormientibus!</span> <span class='ocrx_word' id='word_1_699' title='bbox 620 5451 826 5525; x_wconf 81' lang='lat' dir='ltr'>Exsurge,qui</span> <span class='ocrx_word' id='word_1_700' title='bbox 836 5453 957 5510; x_wconf 87' lang='lat' dir='ltr'>dormis.</span> <span class='ocrx_word' id='word_1_701' title='bbox 1017 5454 1135 5524; x_wconf 82' lang='lat' dir='ltr'>debeat,</span> <span class='ocrx_word' id='word_1_702' title='bbox 1152 5470 1188 5509; x_wconf 92' lang='lat' dir='ltr'>ne</span> <span class='ocrx_word' id='word_1_703' title='bbox 1203 5455 1367 5509; x_wconf 85' lang='lat' dir='ltr'>vanitantes</span> <span class='ocrx_word' id='word_1_704' title='bbox 1389 5454 1538 5524; x_wconf 86' lang='lat' dir='ltr'>hauriant,</span> <span class='ocrx_word' id='word_1_705' title='bbox 1559 5459 1587 5510; x_wconf 90' lang='lat' dir='ltr'>et</span> <span class='ocrx_word' id='word_1_706' title='bbox 1605 5457 1684 5511; x_wconf 90' lang='lat' dir='ltr'>intus</span> <span class='ocrx_word' id='word_1_707' title='bbox 1701 5457 1802 5527; x_wconf 86' lang='lat' dir='ltr'>patera</span> <span class='ocrx_word' id='word_1_708' title='bbox 1817 5455 1854 5510; x_wconf 90' lang='lat' dir='ltr'>ad</span> 
     </span>
     <span class='ocr_line' id='line_1_55' title="bbox 125 5542 1857 5617; baseline -0.001 -13"><span class='ocrx_word' id='word_1_709' title='bbox 125 5545 237 5604; x_wconf 78' lang='lat' dir='ltr'>Lucem</span> <span class='ocrx_word' id='word_1_710' title='bbox 251 5546 406 5601; x_wconf 85' lang='lat' dir='ltr'>venturam</span> <span class='ocrx_word' id='word_1_711' title='bbox 419 5543 618 5617; x_wconf 86' lang='lat' dir='ltr'>praenuntiant</span> <span class='ocrx_word' id='word_1_712' title='bbox 632 5543 702 5601; x_wconf 90' lang='lat' dir='ltr'>dum</span> <span class='ocrx_word' id='word_1_713' title='bbox 717 5544 794 5600; x_wconf 86' lang='lat' dir='ltr'>diem</span> <span class='ocrx_word' id='word_1_714' title='bbox 808 5543 915 5616; x_wconf 82' lang='lat' dir='ltr'>judicii</span> <span class='ocrx_word' id='word_1_715' title='bbox 930 5547 959 5601; x_wconf 90' lang='lat' dir='ltr'>at</span> <span class='ocrx_word' id='word_1_716' title='bbox 1013 5544 1091 5602; x_wconf 88' lang='lat' dir='ltr'>bena</span> <span class='ocrx_word' id='word_1_717' title='bbox 1102 5543 1275 5616; x_wconf 87' lang='lat' dir='ltr'>spiritualia.</span> <span class='ocrx_word' id='word_1_718' title='bbox 1288 5542 1403 5600; x_wconf 89' lang='lat' dir='ltr'>Ostium</span> <span class='ocrx_word' id='word_1_719' title='bbox 1413 5543 1550 5599; x_wconf 79' lang='lat' dir='ltr'>Christus</span> <span class='ocrx_word' id='word_1_720' title='bbox 1561 5547 1617 5616; x_wconf 86' lang='lat' dir='ltr'>est,</span> <span class='ocrx_word' id='word_1_721' title='bbox 1627 5545 1705 5601; x_wconf 87' lang='lat' dir='ltr'>unda</span> <span class='ocrx_word' id='word_1_722' title='bbox 1716 5545 1748 5599; x_wconf 91' lang='lat' dir='ltr'>in</span> <span class='ocrx_word' id='word_1_723' title='bbox 1760 5543 1857 5603; x_wconf 78' lang='lat' dir='ltr'>Euan.</span> 
     </span>
     <span class='ocr_line' id='line_1_56' title="bbox 126 5623 1856 5714; baseline -0.002 -18"><span class='ocrx_word' id='word_1_724' title='bbox 126 5623 256 5696; x_wconf 82' lang='lat' dir='ltr'>laturam</span> <span class='ocrx_word' id='word_1_725' title='bbox 271 5634 399 5714; x_wconf 77' lang='lat' dir='ltr'>gloriam</span> <span class='ocrx_word' id='word_1_726' title='bbox 412 5633 586 5714; x_wconf 79' lang='lat' dir='ltr'>pradicant.</span> <span class='ocrx_word' id='word_1_727' title='bbox 603 5633 769 5693; x_wconf 87' lang='lat' dir='ltr'>Prudenter</span> <span class='ocrx_word' id='word_1_728' title='bbox 777 5637 875 5695; x_wconf 84' lang='lat' dir='ltr'>autam</span> <span class='ocrx_word' id='word_1_729' title='bbox 889 5637 957 5694; x_wconf 83' lang='lat' dir='ltr'>ante</span> <span class='ocrx_word' id='word_1_730' title='bbox 1015 5635 1094 5713; x_wconf 73' lang='lat' dir='ltr'>gallo</span> <span class='ocrx_word' id='word_1_731' title='bbox 1106 5634 1188 5712; x_wconf 80' lang='lat' dir='ltr'>:qu</span> <span class='ocrx_word' id='word_1_732' title='bbox 1198 5650 1262 5692; x_wconf 81' lang='lat' dir='ltr'>sura</span> <span class='ocrx_word' id='word_1_733' title='bbox 1273 5633 1389 5704; x_wconf 79' lang='lat' dir='ltr'>ostium,</span> <span class='ocrx_word' id='word_1_734' title='bbox 1403 5632 1473 5693; x_wconf 86' lang='lat' dir='ltr'>dicit</span> <span class='ocrx_word' id='word_1_735' title='bbox 1483 5633 1626 5693; x_wconf 87' lang='lat' dir='ltr'>Dominus</span> <span class='ocrx_word' id='word_1_736' title='bbox 1635 5633 1729 5710; x_wconf 76' lang='lat' dir='ltr'>(doen.</span> <span class='ocrx_word' id='word_1_737' title='bbox 1740 5632 1782 5714; x_wconf 82' lang='lat' dir='ltr'>x).</span> <span class='ocrx_word' id='word_1_738' title='bbox 1799 5633 1856 5693; x_wconf 84' lang='lat' dir='ltr'>(to-</span> 
     </span>
    </p>
   </div>
   <div class='ocr_carea' id='block_1_5' title="bbox 0 0 1902 6022">
    <p class='ocr_par' dir='ltr' id='par_1_5' title="bbox 0 0 1902 6022">
     <span class='ocr_line' id='line_1_57' title="bbox 0 0 1902 6022; baseline 0 12"><span class='ocrx_word' id='word_1_739' title='bbox 0 0 1902 6022; x_wconf 95' lang='lat' dir='ltr'> </span> 
     </span>
    </p>
   </div>
  </div>
 </body>
</html>
