3796 6022
514 253 827 327 arsennaria.
852 296 888 306 -
911 251 991 323 na.
1014 197 1069 324 m.

1597 259 1659 331 aa

64 462 150 517 licere
165 463 262 532 potest
279 477 285 516 :
303 460 415 516 Nostra
431 462 621 515 conversatio
636 460 666 513 in
682 458 765 514 calis
783 439 918 513 Alaeob
945 459 1035 532 igitur
1051 463 1155 530 quater
1178 456 1304 514 luctatus
1333 464 1495 533 quaterque
1523 464 1551 517 in
1580 465 1658 521 lucta

64 550 132 622 lipp.
145 551 196 618 ιιι).
215 550 373 620 llyssopus
386 549 478 603 herbo
490 549 611 603 humilis
623 564 689 618 quoe
699 564 767 618 pur·
825 548 951 601 vincens
964 549 1112 603 lrorninem
1128 549 1287 603 virtutibus
1310 528 1419 604 tortam
1430 551 1588 622 signiticat,
1607 555 1657 625 qui

65 636 768 708 moremdeponit‚humilitatamsignillcat-3qura
826 644 952 707 quatuor
967 652 1075 707 genera
1091 638 1282 691 tentationum
1298 643 1470 706 exsuperat.
1491 640 1565 694 Haec
1590 645 1660 696 sunt

64 729 135 799 rgal,
147 726 317 796 superbiam
328 724 439 796 abjicit.
452 725 589 779 Salomon
602 724 769 796 igiturnos-
826 725 905 779 vires
920 724 1037 779 leonum
1054 726 1083 780 in
1098 726 1356 780 tribulationibus:
1370 742 1482 780 venena
1497 727 1660 785 draconum

64 815 225 885 drousque
248 815 284 868 ad
316 814 479 883 hyssopum
510 813 560 883 qui
591 811 769 866 irasciturin
826 812 855 867 in
870 813 1049 877 haeresibus
1066 813 1341 884 lepor-inasuavilas
1357 814 1386 868 ia
1403 816 1502 868 carnis
1517 818 1656 885 motibus,

64 903 201 974 disputat,
220 904 289 972 quia
305 917 404 956 sermo
422 901 472 954 Dei
488 901 524 953 ab
542 900 710 955 innocentia
722 898 771 971 ju·
825 900 945 970 vulpina
960 901 1104 954 dolositas
1120 902 1148 954 in
1160 901 1405 956 talsislratribus.
1424 904 1514 975 Lapis
1530 910 1659 975 erectus,

64 991 137 1060 aad
161 991 331 1061 poenitentis
348 1005 443 1060 usque
459 990 598 1061 pertingit
627 987 771 1042 humilita·
826 987 962 1043 Christus
992 991 1037 1042 est
1057 988 1289 1043 ilernontesine
1313 990 1450 1044 matribus
1475 993 1605 1059 crcisus,
1628 993 1657 1046 in

64 1080 242 1135 ,mirascitur
266 1080 295 1132 in
324 1080 513 1148 pcccatorum
542 1077 769 1146 constipatione.
826 1081 955 1131 montem
971 1092 1170 1131 exscrescens
1193 1093 1332 1148 magnum
1349 1078 1434 1145 (Dan.
1453 1081 1495 1147 ιι),
1514 1074 1659 1135 mirabilis

64 1169 95 1223 iti
110 1171 206 1222 autom
222 1167 271 1238 qui
287 1183 345 1221 non
357 1166 415 1220 nisi
432 1166 492 1219 Deo
508 1164 691 1219 confortante
702 1179 772 1218 eon·
827 1165 922 1219 iactus
933 1165 1048 1220 medius
1065 1165 1139 1235 lapis
1155 1165 1230 1218 iuter
1242 1169 1396 1236 utrumque
1408 1168 1559 1237 parictem.
1579 1169 1656 1224 lluic

67 1299 75 1328 ,
91 1257 173 1329 regis
189 1254 773 1325 nomencstherhiac,quiinlerpretatur
827 1254 1080 1308 inseriturtitulus
1096 1254 1162 1321 la‘rrr,
1174 1270 1229 1322 iria,
1248 1270 1294 1320 na,
1312 1253 1338 1307 el
1349 1255 1376 1308 ia
1392 1258 1657 1328 quatuoraagnlis:

64 1345 118 1400 trit
133 1345 284 1399 Dominus
827 1342 905 1415 quod
922 1343 1129 1412 interpretatur
1158 1341 1310 1397 noliiscurn
1326 1343 1415 1397 Deus.
1446 1344 1518 1408 Quia
1533 1352 1659 1415 quatuor

64 1451 82 1506 l.
98 1451 142 1505 De
158 1451 300 1505 missione
315 1450 354 1504 ad
369 1450 477 1513 Selino,
505 1449 537 1503 id
552 1454 597 1502 cst
612 1446 771 1514 diabolum,
828 1431 1505 1501 111ΟᾶῑὲὓθῧῑῦθῦῐῃθῦῐῦθῑῑθιΡθΡΡΡὶθὸθῦΗθῐῃ
1516 1433 1659 1504 mitem·

77 1523 139 1576 sint
154 1520 288 1592 dliiejas,
299 1527 398 1592 etqurc
409 1522 449 1574 sit
464 1520 509 1574 ria
526 1520 611 1592 repta
620 1534 677 1591 per
688 1533 771 1591 quain
828 1520 877 1588 tis,
895 1535 948 1589 per
962 1520 1214 1590 participationem
1230 1520 1428 1588 humanitatis,
1446 1536 1499 1589 per
1514 1521 1664 1576 vinculum

76 1592 289 1648 transeundum
304 1599 361 1646 θεῖ·
830 1609 991 1677 charitatis,
1008 1624 1061 1677 per
1074 1609 1271 1678 patrocinium
1290 1609 1434 1663 vanitatis.
1453 1608 1483 1662 ln
1501 1611 1595 1679 primo
1612 1625 1661 1665 ca-

64 1698 188 1771 populus
198 1698 236 1752 od
244 1698 344 1753 Sciron
356 1714 458 1769 nepem
469 1695 711 1750 Ainorrlaeormn
726 1693 771 1748 di·
830 1698 948 1770 gnoscit
960 1697 1034 1750 mala
1050 1699 1161 1761 nostra,
1173 1697 1202 1750 in
1218 1698 1350 1752 secundo
1362 1701 1503 1767 expertus
1516 1703 1561 1752 est
1576 1712 1620 1768 ea,
1634 1701 1663 1754 in

64 1786 172 1842 bsecro
182 1792 211 1841 ot
219 1787 352 1840 transire
364 1785 437 1839 initii
443 1784 531 1838 liccat
537 1788 712 1855 pcrlcrram
725 1788 771 1836 tu·
831 1787 915 1841 tertio
931 1789 1045 1868 compat
1054 1786 1110 1840 itur
1121 1784 1331 1852 confratribus,
1348 1785 1376 1839 ia
1392 1790 1496 1857 quarto
1512 1787 1662 1843 aulertea:

64 1919 66 1930 .
82 1875 182 1946 (Nunc.
194 1875 255 1945 xx).
268 1874 368 1929 Schoa
379 1875 587 1944 interpretatur
599 1871 733 1939 tertiatio,
745 1873 774 1925 et
830 1877 858 1928 et
872 1877 919 1929 est
933 1873 1114 1943 Emmanuel,
1132 1873 1288 1928 nobiscum
1300 1873 1389 1928 Deus.
1400 1874 1434 1928 Et
1443 1878 1474 1929 ut
1489 1875 1585 1930 scires
1595 1878 1662 1948 quis

64 1960 773 2035 bolumsignillcat,quiquotidianosteatat.[lex
831 1963 909 2018 Deus
925 1963 1034 2016 dixerit
1057 1962 1085 2015 in
1108 1961 1239 2017 secunda
1256 1962 1432 2032 quadratura
1460 1978 1514 2032 par
1537 1968 1664 2034 quatuor

64 2051 166 2122 licitur,
177 2051 245 2122 quia
261 2052 325 2121 ipse
341 2067 398 2104 rer
409 2055 454 2103 cst
470 2064 561 2120 super
577 2064 678 2102 carnes
697 2045 776 2101 filios
831 2051 1011 2107 dictionesin
1021 2049 1436 2122 quatuorangulisssdisposuit,
1447 2051 1664 2106 Deusadmira·

64 2142 91 2196 aa
101 2141 178 2210 (dol).
192 2140 262 2210 xci).
274 2139 350 2204 Quid
361 2139 438 2193 enim
450 2138 571 2208 prodest
582 2137 681 2191 dicere
697 2135 773 2206 quod
831 2139 912 2203 bilis,
924 2138 1124 2208 consiliarius,
1137 2137 1236 2209 tortis,
1249 2139 1317 2208 quia
1328 2142 1454 2208 quatuor
1469 2142 1539 2194 sunt
1552 2139 1663 2210 quibus

64 2234 138 2285 sest
154 2229 292 2300 princeps
309 2232 421 2295 noster,
438 2227 464 2281 si
480 2227 571 2281 rebus
587 2230 615 2280 ct
630 2224 772 2296 operibus
832 2231 970 2300 operatur
985 2228 1063 2282 Deus
1076 2228 1104 2282 in
1116 2227 1218 2282 nobis:
1239 2227 1357 2282 lustitia
1377 2227 1407 2280 in
1424 2228 1557 2300 glorioso
1571 2229 1662 2285 bono·

64 2333 102 2373 ur
117 2318 194 2389 quod
207 2316 343 2370 diabolus
365 2315 560 2386 principatum
572 2314 659 2368 habet
674 2313 703 2367 in
720 2329 775 2367 no·
831 2334 895 2372 rum
913 2316 1114 2385 retributione,
1131 2315 1287 2385 incoquod
1304 2316 1384 2370 Deus
1398 2315 1522 2385 dicitur3
1536 2318 1663 2387 potentia

64 2406 239 2477 rnonpalam
251 2408 296 2458 est
305 2404 362 2458 sub
373 2404 645 2474 quoprincipeagot
655 2417 774 2471 avarita,
831 2407 861 2460 in
872 2411 981 2460 oeterna
993 2405 1135 2459 mallonum
1152 2405 1346 2477 coronatione,
1355 2405 1384 2459 in
1402 2420 1437 2459 eo
1448 2405 1526 2476 quod
1542 2406 1665 2461 admira·

64 2511 112 2551 rus
127 2498 183 2550 etc.
201 2494 232 2548 ln
247 2508 305 2565 quo
320 2493 457 2546 Christus
474 2492 671 2563 principatum
687 2491 773 2562 gerit,
831 2496 900 2551 bilis
912 2511 920 2564 3
931 2494 1074 2564 sapientia
1089 2493 1119 2546 in
1135 2493 1249 2564 integra
1274 2509 1374 2548 rerum
1386 2494 1564 2565 cognitione,
1582 2494 1612 2548 in
1629 2510 1663 2550 ao

64 2600 88 2639 tn
103 2583 211 2638 hebent
228 2582 336 2637 locum·
355 2581 417 2635 NOS
432 2581 529 2653 itaque
545 2595 650 2634 sumus
674 2579 724 2651 qui
740 2579 777 2633 ad
831 2585 909 2657 quod
921 2581 1214 2638 diciturconsiliarus
1225 2598 1232 2650 3
1242 2582 1416 2652 patientiain
1427 2583 1598 2638 necessario
1609 2599 1665 2638 ma·
1697 2640 1703 2651 ,

64 2688 148 2745 egem
164 2672 316 2744 mittimus,
334 2672 364 2724 ut
378 2685 430 2740 pel·
441 2673 549 2724 latram
564 2668 632 2740 ejus
644 2672 776 2722 transeu-
831 2675 927 2730 lorum
942 2672 1160 2743 persecutione,
1183 2671 1212 2724 in
1227 2686 1262 2724 eo
1278 2671 1356 2741 quod
1373 2670 1480 2726 dicitur
1505 2672 1600 2727 tortis.
1624 2672 1665 2727 De

76 2765 185 2817 terram
202 2763 344 2815 sanctam.
370 2758 554 2813 Recordatur
568 2758 776 2828 unusquisque
832 2763 927 2834 primo
943 2761 1050 2816 dieitur
1065 2776 1072 2815 :
1085 2759 1188 2814 dustus
1203 2759 1345 2813 Dominus
1365 2767 1394 2814 ot
1402 2761 1542 2832 justitias
1557 2761 1665 2817 dilexit

64 2865 160 2905 neum
175 2849 302 2920 primum
317 2849 395 2902 venit
410 2847 447 2901 ad
477 2862 570 2918 aquas
586 2844 734 2917 baptismi,
749 2847 778 2899 ct

76 2939 112 2994 ad
127 2937 347 3010 professionem
362 2935 598 2990 ecclesiasticam
628 2934 776 3006 quomodo

833 2850 927 2920 (Psal.
944 2849 1089 2920 rabones
1096 2848 1311 2904 remunerando
1324 2848 1513 2916 3desecundo
1523 2865 1529 2905 :
1539 2850 1666 2922 ,liapnus

835 2940 977 2994 Dominus
987 2945 1016 2994 et
1031 2953 1136 3010 rirapna
1156 2937 1326 3008 virtusejus
1339 2937 1433 3007 (Psal.
1446 2941 1554 3007 carni),
1571 2940 1665 2994 nralos

64 3029 120 3084 raia
131 3027 303 3096 fecerimus
320 3028 348 3079 et
359 3024 640 3091 denuntiaverimus,
659 3021 775 3077 diabolo
794 3028 1003 3115 Cpuniand03
1023 3028 1058 3081 de
1074 3029 1158 3081 tar-tio
1176 3042 1182 3081 ;
1203 3027 1256 3080 cm·
1272 3041 1356 3081 omne
1372 3042 1424 3080 001·
1439 3033 1533 3097 patei,
1551 3034 1580 3082 θι
1604 3043 1665 3082 0112.

64 3133 126 3173 ram
141 3133 200 3171 non
216 3115 348 3170 tacturos
372 3113 402 3167 in
426 3117 504 3167 terra
520 3112 598 3184 ejus,
616 3128 671 3166 nec
687 3109 776 3166 decli·

82 3206 234 3261 invineam
245 3204 293 3259 ael
304 3219 408 3275 agrum
420 3202 525 3272 ipsius,
539 3202 567 3255 id
583 3205 628 3254 est
639 3200 777 3271 nequead

70 3295 236 3351 diabolicos
247 3307 344 3364 nequa
359 3291 395 3345 ad
408 3307 496 3361 opera
508 3289 587 3361 eiua,
600 3305 658 3343 non
673 3303 779 3359 aquam

64 3383 99 3439 de
114 3383 180 3437 lacu
191 3383 296 3453 ipsius,
310 3382 338 3435 id
350 3385 395 3435 est
407 3379 585 3434 diabolicum
596 3393 711 3447 sapere,
725 3375 780 3430 sed

64 3472 238 3528 ibuslsraal.
256 3470 290 3524 Et
305 3470 483 3524 transituros
501 3465 547 3520 vio
575 3466 667 3538 regin,
686 3465 779 3519 idest

64 3576 83 3616 ‚s
91 3561 208 3632 pompis
218 3558 296 3630 ejus,
309 3557 542 3613 abrenuntiando
553 3554 691 3626 perillam
701 3553 779 3607 viam

69 3650 245 3705 incessuros
256 3664 323 3718 quaa
338 3648 378 3700 ait
390 3663 397 3716 ς
409 3646 474 3717 Epo
484 3661 547 3698 sum
562 3645 607 3698 ria
617 3648 646 3698 et
666 3643 779 3696 veritas

64 3739 154 3811 [doen.
166 3737 238 3807 xiv).
253 3736 336 3791 Unde
352 3736 409 3790 hoc
431 3734 527 3805 inagis
552 3730 653 3786 incitat
665 3746 777 3803 regem,

64 3826 167 3882 ,ximus
179 3842 234 3881 nos
246 3840 312 3879 cum
323 3838 359 3879 eo
372 3822 449 3877 nolle
461 3821 580 3876 morari.
592 3819 784 3890 Undesequi·

64 3915 78 3970 r·
88 3916 190 3971 statim
206 3920 309 3969 contra
321 3911 420 3966 Israel
438 3914 598 3983 conprcpat
614 3909 781 3963 crumilum

64 4004 132 4060 lest
143 4001 417 4057 omniumvitiorum
430 3997 624 4070 spiritusb'ed
636 3996 783 4069 quidfecit

83 4091 215 4148 Venilia
232 4091 312 4145 Lasa
338 4089 450 4159 (Saar).
467 4087 544 4140 Losa
574 4085 782 4155 interpretatur

65 4181 77 4236 i
91 4180 271 4251 adimpletio.
284 4179 315 4233 Si
327 4178 463 4232 venimus
472 4190 528 4229 nos
537 4175 572 4228 ad
585 4174 674 4228 istum
684 4173 782 4227 locum

64 4283 165 4325 mmus
181 4267 325 4336 mandata,
338 4266 425 4320 etiam
436 4265 463 4319 si
474 4279 540 4318 cum
554 4263 632 4318 omni
648 4262 780 4317 exercitu

835 3118 884 3172 nis
903 3116 1036 3172 voluntas
1050 3115 1188 3187 loquitur,
1213 3114 1293 3169 omni
1321 3113 1449 3168 revalata
1465 3116 1664 3188 cogitation03

835 3208 871 3261 de
886 3207 990 3277 quarto
1003 3221 1008 3259 :
1022 3203 1180 3258 Sicutovis
1189 3203 1227 3257 ad
1233 3203 1411 3257 occisionem
1418 3202 1524 3257 ductus
1539 3204 1663 3274 csttlsa.

834 3295 905 3362 ιιιι),
918 3295 947 3347 in
962 3292 1078 3365 objecta
1094 3291 1335 3345 contradictione.
1346 3290 1404 3344 Sed
1415 3290 1483 3345 ticet
1493 3291 1523 3346 in
1533 3295 1665 3350 secundo

834 3383 1038 3439 diltlnitionem
1049 3380 1192 3452 posuerit,
1204 3381 1272 3451 quia
1288 3380 1352 3433 sina
1368 3379 1487 3435 nomine
1503 3397 1602 3436 rerum
1616 3398 1666 3438 co·

834 3471 1020 3545 gnitioperit,
1036 3471 1066 3524 in
1080 3470 1165 3524 tertio
1177 3469 1391 3523 lateretitulum
1406 3470 1576 3540 inscripsit:
1595 3470 1664 3541 Hie,

832 3563 879 3630 lie,
896 3577 958 3626 vau,
969 3561 1028 3626 lact,
1040 3559 1119 3630 quod
1128 3561 1451 3629 esttetragrammaton,
1462 3559 1531 3629 quin
1542 3564 1667 3631 quatuor

833 3653 902 3705 sunt
916 3646 1204 3721 quadrantechrbi,
1215 3646 1243 3700 id
1254 3648 1299 3701 est
1315 3646 1535 3716 praedicationis
1551 3649 1667 3704 Domini

833 3737 995 3794 Salvatoris
1010 3736 1115 3790 nostri.
1127 3735 1253 3805 Primus,
1266 3735 1334 3806 quia
1346 3735 1434 3790 corda
1451 3734 1595 3792 debemus
1608 3752 1668 3792 cre·

833 3829 902 3883 dere
915 3826 1092 3896 3seeundus,
1104 3826 1173 3895 quia
1184 3824 1262 3895 quod
1272 3824 1421 3878 credimus
1433 3825 1564 3881 cantitari
1577 3825 1666 3880 debe·

833 3932 899 3971 mus
915 3930 966 3970 ore
976 3929 984 3984 ;
994 3914 1109 3980 tertius,
1123 3912 1276 3983 quiaquou
1289 3913 1472 3980 conlltemnr,
1486 3911 1606 3984 implere
1618 3915 1668 3968 de·

832 4006 938 4061 bemus
947 4017 1048 4074 opera
1058 4006 1190 4072 quartus,
1201 4000 1269 4071 quia
1281 4002 1599 4073 quodimplererimus,
1608 4018 1667 4059 non

834 4092 1139 4149 cessemus'edocere.
1158 4089 1210 4144 Est
1229 4089 1321 4161 igitur
1334 4107 1449 4161 primus
1465 4082 1495 4145 iri
1510 4092 1599 4147 corde
1615 4107 1668 4164 per

834 4181 1067 4252 conceptionem,
1084 4178 1235 4234 secundus
1249 4177 1347 4248 inore,
1363 4194 1417 4249 por
1434 4180 1667 4250 contessionem,

833 4272 937 4326 tertius
953 4271 1098 4340 inopere,
1115 4283 1167 4338 per
1182 4267 1404 4337 exhibitionem,
1421 4273 1544 4339 quartus
1560 4271 1589 4324 in
1601 4271 1668 4325 doo-

64 4361 160 4413 aontra
176 4372 231 4411 nos
247 4355 357 4423 Sehon,
379 4354 405 4408 si
421 4367 525 4408 omnes
543 4367 615 4406 suos
627 4355 654 4406 et
666 4351 779 4406 tlaemo-
793 4352 820 4412 D
835 4361 909 4415 trina
919 4375 973 4430 ρει·
984 4358 1232 4430 praedicationem.
1244 4356 1517 4428 l'rimusjustillcat,
1531 4359 1596 4430 pario
1606 4373 1669 4413 cor·

64 4446 192 4502 nominas
216 4444 375 4498 adversum
405 4457 460 4496 nos
485 4440 635 4508 exercitat,
653 4455 778 4509 supera-

65 4550 105 4606 m,
120 4537 149 4589 et
164 4530 503 4600 amnesvirtutesipsius
519 4529 678 4596 calcamus,
694 4527 779 4599 juxta

64 4623 135 4679 dccc
150 4623 233 4678 dedit
251 4620 335 4687 vobis
348 4623 526 4690 potestatem
537 4615 673 4671 calcandi
687 4633 779 4689 super

64 4728 127 4777 nes,
146 4716 175 4766 ct
200 4726 291 4782 super
307 4723 419 4764 ornnem
443 4707 582 4761 virtutem
598 4705 713 4760 inimici
723 4723 732 4770 ,·
749 4709 779 4760 ct

64 4800 118 4857 abis
133 4799 251 4855 nocebit
265 4799 346 4870 (Luc.
360 4799 403 4865 x).

68 4907 103 4963 ll.
121 4907 164 4962 De
179 4904 364 4980 quadruplici
388 4904 464 4958 lucta
491 4907 520 4957 ct
542 4900 779 4973 supplantatione

310 4975 409 5031 Jacob.
438 4976 441 4983 '

64 5085 189 5142 ›crcxit
214 5081 339 5156 lapidem
367 5081 397 5136 in
420 5079 535 5136 tilulum
550 5078 638 5151 (Gen.
656 5076 772 5143 xxvml.

66 5175 194 5231 luctatus
216 5177 262 5228 est
277 5171 369 5227 laceb
387 5187 393 5226 :
424 5169 497 5226 llam
517 5168 607 5223 tratre
635 5168 732 5222 adbuc
748 5166 778 5221 in

69 5262 98 5320 in
126 5261 325 5318 adolescentia
349 5275 415 5314 cum
444 5259 549 5314 eodem
574 5257 603 5312 in
625 5256 722 5325 domo,
748 5254 778 5310 in

64 5353 157 5408 ttnrrda
172 5368 239 5406 cum
256 5351 355 5405 Laban
370 5345 778 5415 socerosuo,etadultinua1

64 5442 135 5517 ,galo
151 5442 181 5495 in
197 5441 309 5495 Betbel.
320 5438 417 5493 Primo
429 5435 674 5508 supplantationis
690 5449 778 5489 exer-

64 5530 160 5591 caado
176 5528 421 5605 supplantationis
439 5524 574 5594 consilio,
591 5522 688 5594 tertio,
710 5538 779 5579 con·

64 5620 90 5680 la
102 5619 215 5698 jurgio,
232 5621 336 5695 quarto
355 5620 506 5675 nocturnae
520 5612 647 5672 visionis
663 5626 778 5673 somno.

835 4448 872 4503 de
887 4447 1024 4502 creditur
1035 4445 1227 4518 adjustitiam
1243 4445 1336 4515 (iloni.
1355 4445 1413 4515 rv);
1429 4446 1579 4500 secundus
1591 4446 1669 4500 salu·

834 4541 891 4592 tem
902 4539 1034 4608 praestat,
1045 4535 1110 4607 quia
1120 4549 1171 4589 orc
1181 4533 1329 4588 confessio
1340 4532 1372 4585 iit
1384 4532 1422 4586 ad
1429 4532 1660 4605 salutcnrtibid);

834 4624 938 4680 tertius
948 4625 1139 4680 aeternitatem
1156 4623 1253 4690 donat,
1269 4621 1453 4692 quinbonum
1470 4637 1545 4690 opus
1556 4621 1664 4677 coelum

834 4717 968 4784 reserat;
986 4717 1109 4784 quartus
1134 4710 1265 4783 gloriose
1287 4713 1417 4779 coronat,
1447 4708 1514 4780 quia
1531 4706 1664 4766 doctrina

835 4803 970 4859 meritum
985 4800 1159 4855 accumulat.
1175 4799 1284 4864 Quarto
1298 4797 1400 4852 titulus
1416 4797 1590 4852 inscribitur
1612 4815 1666 4870 per

835 4895 961 4965 quatuor
970 4890 1088 4945 nomino
1098 4904 1104 4942 :
1115 4889 1204 4956 Deus,
1217 4887 1348 4958 spiritus,
1357 4902 1437 4957 earo,
1449 4886 1589 4957 mundus,
1599 4888 1667 4961 quia

834 4981 864 5037 lii
880 4983 1006 5052 quatuor
1020 4976 1226 5032 vicissitudine
1237 4975 1361 5047 quadam
1373 4975 1402 5029 in
1417 4991 1450 5032 se
1466 4980 1567 5032 mutuo
1583 4976 1665 5033 debi-

833 5074 914 5125 tores
931 5067 1130 5123 inreniuntur.
1155 5065 1233 5119 Deus
1249 5064 1336 5119 debat
1364 5064 1491 5136 spiritui,
1509 5070 1540 5121 ut
1555 5082 1622 5122 cum
1638 5070 1666 5121 et

834 5157 1004 5231 cognitione
1023 5154 1154 5210 veritatis
1170 5153 1322 5223 illuminet,
1337 5156 1369 5226 ,et
1379 5170 1479 5211 amore
1496 5155 1614 5211 virtutis
1625 5155 1667 5210 ia·

834 5248 972 5303 flammat.
988 5243 1115 5316 Spiritus
1130 5242 1217 5298 debet
1232 5243 1292 5297 Deo
1315 5241 1344 5296 in
1373 5243 1410 5298 iis
1436 5243 1574 5299 omnibus
1599 5258 1665 5316 quaa

833 5336 947 5412 agenda
956 5334 1067 5391 suntab
1077 5333 1141 5404 ipso
1152 5331 1272 5402 aradii-i,
1282 5331 1481 5387 etseeundum
1493 5333 1663 5404 ipsumquaa

834 5428 932 5501 potest
947 5423 1072 5495 operari.
1089 5422 1217 5494 Spiritus
1232 5436 1303 5477 vero
1319 5420 1406 5477 debat
1429 5419 1510 5476 carni
1526 5422 1557 5475 ut
1571 5435 1664 5475 cama

835 5515 921 5574 malis
931 5511 1077 5584 cohibeat,
1093 5513 1121 5567 et
1134 5511 1165 5568 in
1179 5511 1267 5570 bonis
1282 5510 1407 5585 agendis
1423 5512 1569 5566 exerceat.
1587 5510 1665 5567 tlara

836 5604 924 5666 debet
938 5601 1054 5681 spiritui
1070 5601 1100 5662 in
1114 5600 1194 5661 bono
1224 5599 1339 5676 agendo
1368 5597 1575 5681 ministerium,
1591 5601 1620 5660 et
1635 5599 1665 5661 io
