3796 6022
609 279 667 346 DE
688 278 1013 346 missurusne
1625 284 1692 354 ΜΟ

64 480 102 537 ibi
124 481 271 537 sacridmn
287 480 388 537 offerri
417 483 558 552 vetuerat,
574 482 703 537 curaui
735 481 794 537 sibi
811 482 883 587 Aet
897 484 984 554 urget
993 481 1209 553 quodammodo
1224 484 1280 540 iste
1301 501 1454 540 sacrarum
1473 484 1692 557 Ser'qrturarum

64 570 225 642 ›dialiquid
234 569 419 626 atterendum
432 574 466 624 nt
480 571 547 640 ipsa
558 571 716 626 adarim
731 584 795 625 ma·
850 569 949 640 iones,
967 571 1098 643 cogitare
1113 573 1271 644 quomdam
1296 576 1444 644 potentem
1472 575 1599 646 virtute;
1624 576 1692 630 talis

64 660 193 732 gigneret
207 660 413 730 quaestionem,
430 663 458 714 et
472 675 579 732 magna
607 661 734 731 quaestio
757 660 794 714 ad
851 658 933 712 enirn
967 659 1077 714 dicitnr
1100 661 1238 732 lephthe,
1259 663 1338 734 qued
1362 678 1469 719 nantem
1484 665 1694 736 interpretatur

64 750 206 803 mendum
228 763 369 820 magnum
385 751 559 818 mysterium
584 749 715 804 studium
737 750 795 820 pire
851 747 1005 818 aperiens.
1022 748 1170 803 Dominus
1187 752 1286 805 autern
1307 751 1456 822 Christus,
1477 752 1556 807 sicut
1581 753 1695 808 indicat

64 838 212 910 ¹erigeret
228 853 234 892 :
252 837 300 907 pie
322 853 394 891 vero
415 842 607 908 perscrutans
631 854 716 893 urens
741 839 795 894 ho·
855 835 1060 909 Evangelium,
1077 837 1232 908 discipulis
1248 841 1313 894 suis
1329 842 1445 911 aperuit
1458 856 1585 897 sensum
1599 845 1631 896 ut
1649 842 1693 896 in-

64 926 249 981 altitudinem
262 926 435 996 prophetiae,
464 927 544 981 velut
568 927 653 981 hamo
682 928 795 998 piscem
854 925 1023 997 telligerent
1037 926 1206 997 Scripturas
1226 929 1312 998 (Luc.
1328 930 1422 1001 xxrv').
1454 930 1540 986 Hune
1567 929 1694 1002 lephthe

65 1032 115 1071 um
129 1015 280 1070 Christum
295 1014 332 1070 de
347 1015 494 1086 protunda
505 1016 723 1086 Scriptumrum
752 1017 796 1071 le-
855 1013 963 1069 iratres
984 1013 1052 1086 ejus
1076 1015 1320 1087 reprobaverunt,
1351 1019 1380 1072 et
1399 1018 1434 1072 de
1457 1021 1578 1088 put-erne
1606 1019 1693 1074 demo

856 1103 1042 1174 expulerunt,
1061 1103 1239 1174 objicientes
1250 1105 1277 1159 ei
1292 1107 1370 1177 quod
1386 1107 1694 1163 essetfrliustornica·

64 1209 136 1250 enos
145 1193 250 1248 rationi
264 1198 292 1248 et
303 1192 534 1249 considerationi
543 1210 601 1248 non
609 1194 796 1266 obsistimus,
856 1192 919 1261 riae,
935 1195 1074 1264 tanquam
1090 1193 1148 1264 ipsi
1162 1197 1265 1249 essent
1286 1194 1324 1248 de
1340 1210 1433 1250 uxore
1462 1196 1592 1268 legitime
1618 1199 1692 1252 nati.

64 1286 140 1339 aest
156 1283 282 1354 quaestio
297 1284 333 1338 de
344 1285 443 1338 auimo
459 1283 607 1354 voventis,
619 1284 721 1339 alinde
732 1300 800 1355 pro·
858 1280 922 1335 Hoc
937 1280 1024 1335 etiam
1041 1286 1168 1354 egerunt
1185 1283 1333 1337 adversus
1358 1283 1515 1358 ilmpinum
1544 1284 1694 1356 principes

63 1372 158 1428 'tn-liei
174 1373 375 1444 qualicunque
391 1373 490 1428 animo
506 1372 574 1444 ejus
586 1373 663 1427 hene
678 1375 799 1429 utentis.
858 1369 1045 1425 sacerdotum
1065 1372 1094 1425 et
1117 1371 1230 1425 Scribae
1255 1375 1284 1426 et
1313 1371 1468 1442 Pharisaei,
1486 1373 1537 1444 qui
1552 1373 1588 1427 de
1614 1373 1694 1446 legis

64 1461 158 1517 obrem
175 1462 200 1515 si
216 1461 345 1531 Spiritus
355 1462 471 1516 Domini
481 1463 531 1532 qui
543 1461 639 1516 iactus
656 1466 802 1533 estsuper
859 1458 1067 1514 observatione
1095 1459 1218 1531 gloriari
1250 1459 1436 1531 videbantur,
1473 1464 1614 1532 tanquam
1640 1461 1693 1517 iile

64 1564 99 1621 ie,
115 1554 148 1606 ut
159 1551 215 1605 hoc
230 1555 353 1605 voveret
367 1550 804 1622 emniuopraecepittquodqui.
859 1547 989 1602 solveret
1003 1548 1111 1620 legem,
1127 1552 1157 1602 et
1167 1548 1334 1604 ideoveInti
1350 1564 1409 1604 non
1434 1552 1516 1605 esset
1544 1550 1696 1623 legitimus

64 1639 194 1710 criptura
210 1656 268 1694 non
280 1640 405 1710 aperuit>
421 1642 518 1694 tamen
533 1639 559 1692 si
570 1639 626 1694 hoc
637 1640 686 1693 iile
702 1641 804 1711 praeci·
860 1636 949 1691 tilius.
964 1635 999 1691 iit
1009 1637 1303 1708 quoniemrlesuncta
1314 1639 1433 1710 quidem
1445 1639 1568 1711 Virgine
1587 1655 1697 1711 corpus
1806 1689 1808 1693 ,

64 1727 110 1800 ius
120 1729 257 1783 nonlicet
268 1728 357 1799 jussa
372 1722 571 1798 contemnere,
584 1743 642 1783 non
654 1729 751 1783 solum
760 1728 802 1783 in·
859 1729 1074 1796 assumpserat,
1090 1726 1170 1797 quod
1186 1726 1323 1782 tidelibus
1334 1733 1436 1782 notum
1451 1731 1506 1800 cst,
1519 1731 1617 1783 tamen
1627 1727 1697 1801 ejus

63 1818 102 1872 tia
118 1818 261 1887 culpanda
277 1821 402 1885 nonest,
420 1833 524 1872 verum
540 1817 802 1872 ctiamobedientin
859 1819 962 1885 muter,
992 1818 1133 1886 quantum
1161 1816 1197 1870 ad
1224 1819 1342 1888 gentem
1366 1817 1502 1888 pertinet,
1529 1818 1618 1872 etiarn
1643 1818 1695 1872 illu

64 1906 111 1962 ida
124 1909 181 1961 est.
195 1906 258 1960 Hoc
272 1906 350 1960 enim
367 1906 391 1958 si
402 1922 435 1960 se
452 1906 539 1962 homo
551 1906 697 1961 interimat
710 1907 800 1978 (qued
859 1902 984 1958 iudaice
994 1903 1154 1976 synagoga
1170 1904 1228 1958 dici
1237 1908 1343 1975 potest.
1353 1906 1498 1961 Revolvnt
1510 1907 1561 1977 qui
1570 1906 1698 1962 voluerit

64 2022 66 2031 =
80 1995 208 2050 hunrana
216 1995 365 2049 voluntate
376 1999 462 2066 atque
471 1995 598 2050 consilio
608 1995 707 2051 iacere
715 1996 800 2051 netas
859 1990 1050 2061 propheticos
1066 1990 1170 2060 libros,
1181 1995 1209 2046 et
1223 1992 1445 2064 videatquoties
1455 1997 1483 2049 ct
1493 1997 1600 2066 quante
1612 1996 1696 2051 verbi

64 2084 184 2141 »coiecto
214 2084 437 2156 intelligendum
464 2088 511 2139 est
536 2085 709 2140 obedienter
737 2085 800 2140 hori
859 2080 1112 2151 severitatemque
1128 2080 1515 2152 indignationeltominiilla
1530 2085 1699 2156 gensieiut

77 2189 166 2246 quam
186 2172 325 2242 sceleste,
343 2173 369 2228 si
385 2173 526 2228 divinitus
545 2173 667 2244 ‚jussum
678 2177 734 2244 est,
759 2175 800 2229 lie
859 2168 996 2239 inpudice
1011 2169 1117 2224 mulier
1131 2169 1167 2224 de
1180 2169 1249 2224 suis
1270 2171 1518 2227 fornicationibus
1545 2177 1697 2246 arguetur.

64 2263 205 2319 uaestione
219 2263 249 2316 iu
259 2262 335 2316 libro
351 2280 359 2316 1
376 2263 417 2316 lie
429 2262 545 2317 civitate
555 2263 606 2317 liei
617 2263 692 2317 satis
704 2263 802 2334 ‹lispu-
859 2257 944 2312 Unde
959 2260 1006 2313 est
1021 2258 1107 2313 etiam
1123 2258 1196 2313 iliud
1207 2259 1301 2314 inhoc
1311 2259 1700 2333 librorecentissimum,vel

70 2354 127 2407 est.
138 2351 169 2405 Si
181 2354 277 2405 autem
286 2351 412 2421 iephlhe
422 2351 582 2405 humanum
591 2356 801 2407 secutuserro·
859 2363 927 2401 cum
943 2350 1012 2418 post
1025 2346 1128 2418 Ephori
1146 2348 1226 2420 quod
1246 2348 1316 2403 iecit
1330 2349 1460 2420 Gedeon,
1483 2351 1580 2406 omnis
1607 2351 1700 2407 lsrael

64 2456 216 2496 eumanum
231 2440 409 2494 sacritioium
420 2441 587 2495 vovendum
600 2441 719 2510 putavit,
733 2440 801 2513 ejus
860 2435 968 2509 iegitur
1002 2435 1176 2506 fornicatus,
1202 2437 1249 2491 vcl
1275 2437 1353 2509 quod
1369 2438 1504 2493 abierunt
1532 2443 1600 2510 post
1627 2441 1700 2495 deos

64 2546 84 2585 u
98 2533 252 2601 peccatum
269 2530 304 2583 de
320 2530 407 2583 unica
422 2529 482 2583 iiiia
495 2528 564 2600 jure
578 2529 712 2601 punitum
730 2535 799 2602 est,
860 2527 994 2597 gentium
1019 2526 1129 2598 quibus
1154 2529 1238 2581 erant
1262 2527 1445 2598 circumdati,
1468 2528 1553 2584 Unde
1580 2530 1610 2584 iu
1632 2529 1701 2585 illos

64 2619 144 2674 itiam
158 2619 222 2690 ipse
237 2618 339 2672 verbis
354 2618 419 2673 suis
431 2619 504 2673 satis
519 2619 636 2674 videtur
644 2620 801 2675 ostendere
860 2614 959 2670 divine
973 2617 1017 2671 ira
1043 2619 1186 2671 commota
1203 2619 1258 2686 est,
1276 2620 1307 2672 ut
1335 2633 1388 2690 per
1412 2633 1507 2673 annos
1538 2619 1701 2674 octodecim

64 2711 95 2765 t:
112 2707 177 2763 Heu
192 2725 246 2774 me,
264 2707 326 2762 ulia
338 2709 349 2761 t
360 2707 514 2779 impedisti
524 2724 580 2763 me.
594 2708 625 2762 in
637 2706 801 2763 offendicu-
861 2707 1084 2760 contererentur
1098 2721 1114 2759 a
1129 2704 1198 2760 filiis
1213 2706 1349 2761 Ammon.
1365 2706 1424 2761 Sed
1439 2707 1573 2780 nunquid
1588 2722 1648 2763 non
1663 2722 1701 2763 ex

64 2803 121 2852 tcta
136 2813 170 2852 es
182 2802 212 2851 tu
229 2796 377 2855 inocculr's
387 2797 581 2866 metm-ludin
592 2797 633 2866 xi)
644 2813 651 2868 3
661 2797 801 2852 discissis
860 2794 964 2849 eadem
979 2797 1067 2867 gente
1085 2795 1177 2848 lsrael
1192 2795 1279 2849 etiam
1295 2795 1337 2849 ilii
1354 2796 1413 2850 nuti
1429 2800 1512 2851 eraut
1527 2798 1700 2853 sacerdotes

64 2886 250 2945 testimentis
262 2886 336 2941 suis.
356 2885 563 2941 Verumtamen
579 2878 725 2941 etiam‘bic
735 2885 802 2958 ejus
861 2885 889 2937 et
910 2882 1023 2938 Seribae
1034 2887 1062 2938 et
1074 2883 1227 2953 Pharisaei,
1240 2900 1316 2955 quos
1328 2884 1545 2941 ineisdiximus
1567 2887 1704 2958 praetigu-

64 2975 154 3031 habet
177 2975 306 3047 aliquem
328 2974 444 3029 laudem
466 2976 545 3044 fidei,
569 2992 625 3047 qua
647 2976 740 3031 Deum
764 2977 802 3031 ti·
862 2973 1016 3043 rotos,qui
1032 2971 1364 3043 lephthelanquamisti
1377 2974 1535 3030 Dominum
1549 2974 1702 3031 Christum

64 3065 185 3137 utquod
200 3067 322 3119 voverat
340 3063 486 3120 redderet.
513 3065 575 3119 Nee
600 3063 690 3118 divini
715 3064 746 3121 iu
769 3080 803 3121 se
861 3061 952 3116 veluti
968 3077 1027 3116 uon
1041 3061 1204 3133 legitimum
1227 3061 1319 3115 silium
1334 3065 1483 3132 persecuti
1496 3064 1673 3134 expulerunt
1688 3066 1702 3119 ‘i

64 3155 252 3211 isententiam
266 3154 425 3210 declinavit
442 3152 526 3222 ,sive
551 3169 678 3224 sperans
708 3152 802 3208 Deum
823 3150 1379 3237 cSediueosimilitudoadumbrata
1396 3153 1452 3221 est,
1470 3153 1548 3223 quod
1577 3152 1637 3223 isti,
1669 3155 1702 3206 ut

64 3245 194 3314 siturum,
207 3245 286 3298 sicut
300 3243 371 3297 iecit
385 3240 523 3312 Abrahae,
541 3243 607 3297 sive
621 3242 688 3314 ejus
700 3242 804 3296 voiun-
863 3239 934 3310 dixi,
950 3238 1042 3294 veluti
1057 3239 1136 3311 legis
1151 3239 1362 3294 observatores
1371 3255 1438 3294 euru
1449 3241 1500 3312 qui
1512 3242 1613 3296 eontra
1622 3256 1701 3311 pree-

82 3332 170 3389 etiam
201 3348 261 3387 non
289 3331 474 3402 prohibentis
504 3330 681 3385 intellectam
706 3329 804 3385 iacere
863 3331 946 3399 cepta
961 3327 1038 3401 legis
1055 3328 1155 3382 tacere
1168 3327 1325 3383 videbatur
1343 3330 1482 3400 tunquam
1504 3329 1627 3403 legitimi
1636 3345 1702 3385 *non

87 3437 176 3493 quam
200 3421 389 3475 contemnere
414 3421 558 3475 statuens.
579 3418 753 3491 Quanquam
777 3424 807 3474 et
864 3417 1028 3489 legitimum
1044 3432 1114 3471 vere
1129 3416 1189 3471 sibi
1203 3417 1260 3470 visi
1284 3420 1355 3471 sunt
1373 3418 1513 3489 ejecisse.
1533 3418 1703 3477 Secundum

64 3511 361 3582 eritoquaeripotest
377 3512 475 3563 utrum
496 3508 599 3563 verius
632 3509 808 3582 intelligitur
863 3507 921 3561 hoc
936 3507 1015 3562 enirn
1028 3505 1115 3577 plebs
1130 3504 1180 3559 ilia
1194 3506 1272 3561 dicta
1287 3509 1333 3561 est
1348 3506 1499 3575 fornicari,
1527 3509 1606 3580 quod
1622 3508 1703 3581 logis

64 3604 142 3657 bum
158 3600 236 3654 nolle
248 3598 321 3668 deri,
338 3601 368 3652 et
383 3597 412 3651 in
438 3613 473 3652 eo
496 3599 594 3667 potius
613 3598 674 3654 Deo
699 3600 725 3654 si
748 3615 806 3654 neu
863 3599 1012 3666 praecepta
1027 3611 1086 3652 uon
1101 3610 1227 3650 servans
1243 3599 1381 3667 tanquam
1396 3597 1460 3652 viro
1482 3613 1541 3652 non
1564 3597 1702 3653 exhibeat

65 3689 249 3757 obediretur,
259 3687 397 3759 quoniam
409 3687 505 3741 hocse
516 3687 594 3741 nolle
604 3691 631 3742 et
640 3680 806 3742 ludbrahae
865 3686 964 3756 tidem,
988 3684 1038 3740 Sic
1062 3686 1160 3739 autern
1183 3685 1329 3755 scriptum
1353 3689 1399 3741 est
1423 3686 1459 3740 de
1483 3686 1611 3757 Jepbthe
1631 3701 1639 3757 3
1662 3686 1704 3741 Et

64 3778 126 3833 tiu
141 3777 274 3849 legitimo
285 3775 484 3847 prohibitione
501 3779 727 3832 monstraverat.
746 3777 806 3832 Ve-
866 3773 1096 3830 creveruntdlii
1104 3773 1704 3847 uxorisetejeceruntdeplrtbeldudic.xr)

64 3883 133 3924 men
149 3868 176 3921 si
191 3869 346 3936 propterea
362 3864 488 3935 iephthe
516 3880 575 3919 non
590 3865 710 3934 iaceret,
750 3866 809 3920 sibi
866 3864 995 3919 Verbum
1010 3863 1089 3935 quod
1114 3863 1243 3933 positum
1258 3866 1487 3932 esterererunt,
1510 3863 1704 3936 significatio

64 3956 110 4012 tin
129 3957 216 4011 unica
240 3954 423 4025 pepercisse,
440 3969 527 4025 quam
552 3955 604 4009 liei
628 3953 808 4010 voluntatem
859 3950 961 4026 >ligura
970 3952 1208 4024 praevaluerunt.
1221 3950 1304 4017 Quod
1315 3952 1345 4005 in
1361 3951 1475 4007 ludaeis
1487 3952 1638 4025 impletum
1647 3957 1703 4025 est,

64 4061 93 4102 rs
108 4061 178 4102 esse
194 4044 355 4113 videretur,
372 4043 468 4115 Magis
480 4059 553 4115 ergo
568 4043 712 4098 intellexit
727 4044 757 4098 in
772 4058 807 4099 eo
864 4042 915 4114 qui
931 4042 1151 4113 praevaluerunt
1173 4040 1335 4095 infirmitati
1352 4040 1473 4112 Christi,
1491 4043 1560 4115 quia
1584 4043 1623 4098 ita
1647 4060 1703 4099 vo-

64 4133 125 4190 sibi
141 4133 201 4188 ulia
219 4132 358 4200 occurrit,
388 4131 514 4187 ultorem
527 4132 628 4199 ileum,
658 4132 808 4205 justaeque
865 4136 1060 4191 luitutabeis
1076 4151 1142 4208 quae
1158 4135 1311 4206 oportebat
1326 4136 1358 4190 in
1386 4137 1528 4207 passione
1543 4137 1702 4209 perterret.

81 4238 116 4279 se
146 4221 272 4277 fideliler
281 4220 422 4290 subdidit,
441 4221 549 4275 timens
571 4222 732 4276 saeviorem
746 4225 808 4276 tan·
864 4226 946 4280 Sicut
958 4225 1017 4281 hoc
1030 4224 1294 4297 idemsigniticans
1310 4224 1403 4281 iacob
1424 4227 1579 4298 praevaluit
1596 4228 1704 4300 angelo

68 4313 108 4368 rie
119 4309 367 4383 tergiversatione
380 4308 708 4364 vindictumtlredebet
729 4311 807 4365 euim
865 4331 931 4370 cum
948 4329 1016 4386 quo,
1043 4316 1074 4368 ut
1094 4313 1192 4385 ipsum
1205 4315 1405 4385 portenderet,
1422 4316 1598 4371 luctabatur.
1611 4317 1703 4371 Dixe-

65 4404 98 4458 ot
108 4400 235 4472 virginis
243 4400 370 4453 animem
381 4398 448 4453 tiliae
459 4398 535 4453 bene
546 4398 647 4469 recipi,
658 4399 737 4470 quod
750 4415 809 4454 nou
865 4409 934 4459 runt
944 4419 1017 4476 ergo
1028 4402 1198 4474 adlephtho
1212 4403 1296 4459 :Non
1307 4404 1505 4460 hereditabis
1515 4406 1546 4459 in
1562 4404 1645 4460 donno
1652 4422 1704 4477 pa·

64 4506 103 4546 im
116 4491 239 4544 voverat
249 4487 467 4557 immolandum,
484 4487 539 4542 sed
552 4491 621 4543 voto
649 4491 678 4543 et
701 4488 808 4543 volun·
823 4489 850 4551 D
866 4494 924 4549 tris
940 4492 1038 4548 nostri
1053 4493 1189 4565 quoniam
1201 4491 1281 4547 tilius
1295 4493 1432 4548 mulieris
1443 4493 1615 4549 fornicariae
1627 4509 1660 4549 es
1672 4501 1701 4548 tn

64 4595 96 4635 >n
109 4578 259 4634 restiterat
275 4577 378 4648 patrie,
395 4579 423 4631 et
438 4576 489 4631 Dei
506 4576 601 4631 tuerat
616 4581 717 4632 secuta
726 4577 808 4649 judi·
863 4582 972 4657 (ibid).
981 4582 1557 4654 TanquamdicerentquodEvangelium
1564 4582 1704 4654 loquitur:

77 4667 160 4724 Mors
176 4667 254 4722 enim
269 4666 346 4721 sicut
357 4682 411 4720 nec
423 4666 482 4721 sibi
497 4682 671 4739 nquoquam
686 4682 741 4721 uec
761 4669 808 4722 cui
861 4674 930 4731 ltion
942 4677 989 4728 est
1005 4672 1063 4726 iste
1088 4671 1173 4727 horno
1187 4688 1203 4726 a
1219 4669 1281 4726 Deo
1296 4672 1346 4744 qui
1360 4671 1405 4725 sic
1430 4671 1521 4726 solvit
1540 4670 1706 4726 Sabbatum

68 4761 176 4830 sponte
187 4754 339 4811 inferenda
355 4758 411 4825 est,
428 4755 467 4809 itu
482 4755 543 4810 Deo
562 4755 696 4827 jubente,
722 4771 810 4811 recu·
862 4763 959 4834 (Joan.
969 4761 1021 4831 rx).
1035 4759 1074 4816 Se
1087 4759 1341 4831 autemjactantes
1355 4759 1436 4815 velut
1450 4759 1600 4833 legitimos
1625 4761 1706 4817 illios

64 4861 141 4903 ‚non
157 4849 214 4915 est,
233 4845 320 4916 qu'us
330 4844 540 4899 constitutione
551 4860 730 4916 quocunque
740 4850 811 4901 tem·
863 4851 987 4908 Domino
1003 4850 1140 4905 dixerunt
1153 4865 1158 4904 :
1172 4849 1237 4904 Nos
1248 4865 1287 4903 ex
1296 4848 1495 4904 fornicatione
1529 4865 1584 4906 non
1607 4866 1708 4907 sumus

64 4934 214 4993 monada
225 4937 281 5004 est,
297 4934 359 4989 Nec
371 4935 508 5005 quisquis
524 4948 589 4989 eam
615 4935 729 5005 perpeti
757 4935 811 4990 de·
863 4938 1039 5012 uati3unu'm
1050 4939 1173 4994 Patrem
1183 4937 1328 4992 habemus
1339 4937 1435 4993 ileum
1445 4938 1541 5008 (doen.
1567 4946 1640 5013 un).
1665 4942 1709 4998 Et

64 5027 87 5096 t,
107 5026 141 5080 ui
164 5023 282 5078 Omniiw
304 5023 437 5089 eviletur,
465 5023 519 5078 sed
549 5025 749 5080 mnitimmOdo
780 5029 812 5080 ui
862 5026 1707 5104 npitdeplnneatreionanumsoommaelianiuvnm

64 5113 259 5170 eturlaborat·
864 5115 1709 5190 terraTbobtdudic.x1).i'ugitquoniamsequantusesset

64 5216 96 5260 an
107 5201 171 5274 jam
179 5201 251 5273 quid
261 5200 389 5272 Spiritus
400 5200 527 5272 Domini,
540 5200 606 5256 sive
614 5204 811 5273 pernescien·
862 5209 1027 5265 abscondit.
1038 5207 1073 5262 Si
1088 5206 1167 5262 enirn
1178 5207 1398 5278 cognovissent,
1407 5209 1708 5282 nunquamDorninnrn

64 5290 186 5364 ophtho,
203 5290 268 5346 sive
283 5304 337 5361 per
352 5289 505 5358 scientem,
529 5291 593 5346 sive
613 5307 667 5362 per
678 5292 746 5363 ejus
758 5292 812 5347 im·
863 5298 969 5372 gloriae
983 5295 1206 5353 crncitinissent
1217 5294 1320 5366 (lCor.
1331 5296 1372 5369 ιι).
1385 5296 1473 5370 Fugit
1483 5299 1623 5371 quoniam
1642 5316 1707 5355 mo·

64 5379 170 5449 mum,
188 5379 252 5435 ⁸5V0
267 5394 320 5449 9⁰¹⁰
333 5379 808 5450 prudentiam,siveper-obedion-
864 5387 969 5443 rientis
985 5386 1184 5442 intirmitntem
1194 5387 1341 5455 viderunt,
1353 5387 1491 5442 virtutem
1499 5392 1598 5445 autem
1606 5403 1707 5444 resur-

65 5468 136 5527 nive
151 5483 201 5540 per
218 5465 413 5536 offensionen,
430 5468 504 5539 sive,
517 5482 571 5538 per
599 5469 686 5523 tidem
709 5469 738 5522 iu
757 5468 812 5523 hee
866 5477 965 5549 gentis
980 5491 1040 5531 nou
1051 5475 1199 5531 viderunt.
1215 5475 1365 5531 liubitavit
1379 5480 1477 5533 autem
1492 5477 1522 5532 in
1533 5477 1708 5539 terra'bona.

64 5552 364 5632 &pretermittant
381 5557 522 5629 quantum
533 5553 815 5630 Moumoustra·
863 5564 1710 5640 velutexpressiusdiermus,opimaouodemmereee

64 5644 744 5721 numerorumoratimvnrtutm
757 5661 813 5708 nos
866 5654 997 5735 amnon
1016 5651 1255 5737 [tpaanutue
1282 5654 1347 5718 aaa
1360 5655 1731 5731 summamus·

120 5763 252 5831 Pernen.
277 5762 452 5826 cnxxvu.
1489 5767 1534 5836 u
