3796 6022
127 274 185 346 199

210 486 280 541 Car.
297 486 349 540 xl.
365 487 409 540 De
423 485 586 557 gearnetria
604 490 633 539 ct
645 484 784 556 partibus
800 484 874 557 ejus

161 574 326 631 Geometria
340 577 402 629 tres
418 575 505 628 habet
520 574 648 644 speeies,
660 572 883 643 planimetriam,
896 573 959 626 alti·

125 664 269 732 metriam,
287 663 525 731 cosmimetriam,
543 663 730 717 planimetria
742 662 864 733 longum
874 665 903 716 et
918 661 959 716 la·

123 756 184 807 tum
199 753 327 821 metitur,
346 755 374 806 et
389 752 556 806 extenditur
570 753 722 806 antorsum
739 754 768 805 et
782 755 956 820 retrorsum,

125 843 313 897 dextrorsum
333 844 360 895 et
380 841 581 896 sinistrosum.
603 839 766 895 Altimetria
781 840 900 894 metitur
914 840 959 893 al-

123 933 227 986 tumet
242 930 436 1001 profundum,
457 933 486 984 et
508 929 676 984 extenditur
692 944 812 983 sursum
828 932 856 983 et
870 930 959 983 deor-

124 1010 201 1075 sum.
217 1018 423 1074 Cosmimetria
444 1016 591 1089 sphaerica
606 1018 733 1087 metitur,
752 1018 841 1072 idest
856 1023 959 1072 retun-

123 1111 160 1164 da
175 1109 243 1181 (11).

218 1197 288 1252 Car.
305 1197 371 1252 xll.
388 1197 433 1252 De
449 1197 629 1252 astronomia
646 1201 675 1250 et
690 1194 861 1268 astrologia.

159 1287 348 1342 Astronomia
365 1287 395 1340 in
407 1285 612 1341 mathematica
622 1302 680 1340 non
692 1285 789 1340 selum
800 1289 846 1340 est
857 1285 959 1339 ordine

123 1379 288 1449 postrema,
301 1375 354 1430 sed
367 1378 395 1429 et
414 1375 480 1429 loco
492 1374 657 1443 sublimior,
670 1377 699 1429 et
708 1373 857 1428 excelsior
867 1373 960 1445 digni-

124 1469 193 1535 tate,
211 1465 279 1536 quia
295 1479 361 1518 cum
383 1467 499 1518 eaetcree
521 1467 582 1518 tres
602 1463 817 1533 quodammodo
834 1462 958 1516 inferius

124 1557 291 1624 versentur,
309 1553 373 1607 haec
389 1552 453 1607 sola
465 1553 629 1607 caelestium
640 1557 667 1606 et
682 1568 878 1622 supernorum
894 1552 958 1606 dis-

122 1644 300 1716 positionem
320 1642 572 1713 investigandam,
598 1658 632 1695 uc
654 1642 833 1695 tractandam
851 1656 957 1695 susce-

121 1733 172 1804 pit.
191 1731 379 1786 astronomia
391 1730 531 1784 dividitur
543 1730 571 1783 in
583 1730 656 1784 daras
673 1730 801 1800 species,
815 1730 844 1783 in
860 1730 957 1800 sphac-

122 1823 215 1877 ricam
231 1824 260 1875 et
270 1820 487 1892 gnomonicam.
500 1818 652 1889 Sphaerica
663 1823 719 1887 est,
733 1834 799 1889 111111
812 1819 915 1888 spatia,
928 1823 957 1873 et

122 1912 212 1966 situm
228 1909 397 1964 considerat
408 1907 572 1962 caelestium
585 1922 752 1979 corporum.
762 1907 953 1977 Gnomonica,

122 2015 189 2072 quoe
204 2002 315 2054 motum
331 1997 479 2068 horologii
498 1998 629 2051 attendit.
651 1997 728 2051 lnter
742 1998 954 2051 astronomiam

122 2093 151 2145 et
165 2087 357 2160 astrologiam
372 2087 429 2141 hoe
444 2087 590 2141 interesse
601 2087 717 2140 videtur
727 2086 805 2157 quod
816 2089 954 2141 astrono-

121 2179 179 2234 mia
195 2179 230 2233 de
248 2179 315 2249 lege
329 2179 488 2245 astrorum,
501 2179 529 2230 et
542 2176 739 2230 conversione
751 2175 817 2229 coeli
828 2175 949 2229 disserit

120 2267 271 2340 regioneS,
289 2265 429 2333 circuloS,
447 2268 539 2332 ortus,
557 2280 683 2317 occasus
700 2264 841 2331 siderum,
858 2268 886 2317 et
901 2281 954 2318 cur

120 2355 350 2426 unumquodque
367 2354 404 2406 1111
420 2355 543 2406 vocetur
552 2352 770 2422 investiganda.
784 2353 953 2424 astrologia

121 2447 218 2500 autem
229 2447 308 2497 astra
317 2441 486 2496 considerat
496 2441 660 2495 secundum
671 2441 830 2494 nativitatis
841 2445 869 2495 11
880 2458 954 2495 mor-

118 2534 168 2603 tis,
180 2531 228 2587 vel
243 2531 368 2585 aliorum
383 2529 581 2601 quorumlibet
596 2533 754 2583 eventuum
770 2529 952 2583 observatio·

118 2637 195 2692 nem,
207 2637 275 2693 qum
285 2620 389 2691 partim
399 2618 541 2672 naturalis
550 2620 605 2684 est,
616 2619 722 2687 partim
732 2618 950 2688 superstitiosa.

119 2710 270 2768 Naturalis
280 2709 364 2764 estin
374 2707 782 2777 complexionibus,equibus
792 2709 954 2779 suntaegri-

117 2801 199 2871 tudo,
217 2799 345 2865 sanitas,
363 2796 513 2865 sterilitas,
532 2795 677 2865 fertilitas,
695 2799 855 2866 tempestas
871 2812 952 2851 scre·

117 2890 205 2960 11111,
222 2904 289 2960 quaa
300 2887 465 2942 secundum
477 2885 661 2956 superiorem
674 2886 952 2955 contemperantiam

116 2980 257 3034 variatur.
270 2976 483 3046 Superstitiosa
492 2978 537 3029 est
546 2975 575 3028 in
585 2974 835 3046 contingentibus,
846 2975 909 3029 haec
921 2977 952 3030 in

117 3066 392 3125 constellationibus
404 3066 529 3134 constat,
542 3066 571 3118 et
582 3063 658 3117 hene
668 3066 780 3134 partem
792 3064 951 3120 mathema·

113 3159 175 3228 tici,
192 3156 243 3230 qui
258 3157 486 3226 interpretantur
505 3154 581 3217 veni,
599 3155 723 3208 tractant
738 3152 805 3224 (16).

203 3265 273 3320 Car.
289 3263 369 3318 xlll.
386 3263 430 3317 De
443 3262 568 3334 pratiea,
588 3265 616 3314 ct
630 3259 770 3332 partibus
787 3261 860 3333 ejus,

150 3353 283 3408 Praetica
295 3352 405 3406 divitur
419 3351 448 3405 in
464 3350 634 3418 solitariam,
647 3351 799 3420 privatam,
812 3354 839 3405 et
849 3351 948 3422 publi-

115 3454 189 3498 cam.
207 3441 299 3496 Aliter
315 3441 443 3510 practica
459 3439 599 3492 dividitur
613 3438 643 3491 in
663 3438 803 3509 ethicam,
826 3457 947 3495 (111111-

115 3532 231 3600 micam,
244 3529 438 3599 etpoliticam.
449 3528 551 3596 Aliter,
561 3527 690 3596 practica
700 3528 838 3583 dividitur
850 3530 878 3583 in
890 3547 948 3585 mo·

114 3620 217 3689 relam,
234 3617 476 3688 dispensativam,
493 3618 520 3670 et
535 3615 660 3670 civilem.
674 3616 783 3670 Eadem
794 3621 840 3672 est
851 3619 948 3673 solita-

113 3709 167 3783 ria,
178 3707 283 3778 ethica,
296 3706 417 3761 moralis
427 3721 434 3776 3
446 3705 548 3759 eadem
559 3709 604 3758 est
617 3706 739 3775 privata,
752 3709 944 3778 mconomira,

114 3796 333 3871 dispensativa,
350 3795 451 3851 eadem
468 3795 513 3849 est
534 3794 666 3865 publica,
690 3793 818 3864 politica,
837 3797 943 3852 civilis.

112 3887 211 3945 Prima
226 3902 326 3942 mores
342 3885 481 3953 instituit,
499 3883 629 3938 secunda
646 3882 784 3937 familiam
800 3885 943 3955 disponit,

111 3976 196 4033 tertia
210 3975 302 4030 urbes
318 3975 405 4047 regit.
425 3973 520 4027 Prima
537 3973 662 4043 pertinet
677 3973 713 4026 ad
730 3973 877 4045 singulos,
895 3991 945 4029 se-

114 4065 208 4121 cunda
223 4065 259 4119 ad
269 4068 369 4135 patres
381 4063 518 4133 familias,
531 4064 614 4117 tertia
625 4062 660 4115 111
672 4066 805 4117 rectores
816 4063 943 4121 urbium.

96 4146 216 4210 ‘Ethica
241 4157 287 4208 est
310 4167 376 4224 quae
402 4153 448 4206 sui
473 4167 572 4206 curam
598 4167 711 4223 genens
737 4153 851 4207 cunctis
876 4170 944 4208 sese

148 4297 206 4367 (15)
222 4296 369 4366 Scriptum
385 4296 447 4348 erat
466 4294 495 4347 in
518 4292 633 4348 foribus
657 4294 769 4349 scholae
793 4295 942 4352 Platonis:

112 4391 124 4421 1
142 4369 249 4424 Nullus
265 4368 385 4439 ignatus
402 4366 571 4436 geometriae
588 4366 780 4436 ingrediatur.
801 4368 943 4436 »ldem,’i

111 4441 153 4496 lle
168 4440 272 4511 repub.
285 4437 589 4508 scribitgeometriam
604 4439 640 4490 ad
651 4438 803 4491 veritatem
812 4441 945 4494 attollere

111 4510 332 4580 animum,etad
340 4508 608 4579 philosophandum
616 4524 781 4577 praeparare
789 4511 945 4580 cogitatio-

111 4600 189 4653 nem,
201 4586 230 4637 et
240 4583 386 4637 interesse
402 4580 438 4634 ad
447 4578 620 4648 disciplinas
633 4581 846 4648 comparandas
858 4583 946 4635 arrexi·

110 4671 167 4722 me,
184 4655 351 4725 attigeritne
371 4651 562 4723 geometriam
577 4650 613 4703 ali
637 4651 694 4715 uis,
716 4666 753 4704 an
769 4667 837 4705 non.

146 4726 204 4795 (16)
218 4725 354 4797 Cognitio
378 4738 415 4778 ex
437 4726 586 4777 astrorum
611 4738 627 4775 1
651 4723 829 4790 servatione,
847 4726 875 4777 et
899 4741 944 4777 ru·

110 4795 299 4850 tiocinatione
310 4799 386 4863 nata,
397 4793 558 4865 astrologia
570 4793 686 4862 dicitur,
700 4798 786 4863 atque
799 4794 864 4848 ideo
876 4796 946 4849 sub-

108 4866 222 4938 jectum
236 4865 303 4935 ejus
320 4865 451 4918 scientiae
468 4880 592 4934 corpora
608 4868 675 4918 sunt
687 4864 829 4918 caelestia.
847 4866 946 4937 Hujus

110 4938 176 4993 dum
201 4938 270 4991 sunt
293 4939 402 5006 partes,
424 4937 554 4989 theorica
574 4939 602 4989 et
626 4937 765 5006 practica.
787 4935 945 5006 Theorica,

111 5024 178 5080 quse
189 5010 217 5062 et
227 5006 420 5077 speculativa,
432 5007 605 5060 versaturin
615 5008 870 5077 contemplatione,
881 5025 947 5079 quat

111 5080 251 5136 observat
265 5081 395 5145 naturas,
413 5081 520 5144 motus,
533 5078 632 5145 orbes,
651 5079 780 5133 circulos
795 5080 947 5152 etreliqua

110 5154 269 5215 astrorum,
285 5147 458 5212 accidentia,
484 5164 571 5218 quam
587 5152 689 5202 tractat
712 5151 829 5204 abunde
850 5151 946 5206 Ptolo·

110 5235 205 5280 maeus
217 5220 247 5275 iu
258 5222 440 5290 hlmagesto.
455 5218 586 5272 Practica
598 5235 632 5273 ea
647 5224 693 5274 est
704 5234 769 5291 quae
780 5223 948 5277 considerat

111 5292 224 5359 eadem,
240 5291 295 5347 sed
309 5306 368 5344 nen
384 5289 530 5358 absolute,
543 5290 596 5344 sed
611 5295 757 5360 quatenus
768 5308 816 5346 res
828 5292 948 5347 inferio·

110 5363 340 5436 resrespiciuut,
349 5361 405 5416 hoe
415 5364 462 5416 est
472 5365 616 5433 quatenus
626 5361 773 5432 explicant
783 5363 863 5419 vires
875 5379 947 5420 suas

109 5437 158 5494 vel
173 5436 299 5492 influunt
313 5433 400 5489 iures
412 5432 579 5503 inferiores,
596 5447 663 5503 quae
678 5433 832 5491 traditura
847 5434 948 5494 Ptolo·

111 5524 190 5568 maeo
201 5508 231 5562 in
247 5522 336 5576 opere
350 5503 489 5575 Quadrip.
936 5557 938 5560 ,

145 5579 205 5651 (ll)
214 5578 358 5635 Pulchrae
368 5578 508 5648 practicae
519 5574 689 5631 divisiones.
700 5574 784 5632 affert
792 5578 870 5634 idam
880 5595 948 5636 con-

33 5672 37 5679 ·
112 5653 280 5727 cernentes,
296 5649 333 5709 de
347 5650 457 5730 quibus
468 5649 636 5708 summatim
649 5648 813 5727 Gregorius
829 5649 948 5709 Tolosa-

508 269 805 348 1111111111
827 266 1018 348 ausoris
1041 268 1185 346 11111
1206 276 1475 346 1111111111.

1795 275 1857 349 100

973 464 1003 526 Α
1017 484 1113 553 erigit,
1124 487 1248 539 exornat
1262 487 1408 555 augetque
1424 483 1593 551 virtutibus,
1605 483 1677 538 nihil
1693 485 1722 537 in
1734 484 1792 538 vita
1804 485 1854 538 ad·

1018 573 1145 642 mittenS,
1163 588 1221 643 quo
1244 589 1302 627 non
1327 573 1462 645 gaudeat,
1481 572 1553 626 nihil
1579 571 1691 627 faciens
1708 574 1853 643 paeniten-

1017 661 1096 716 dum.
1113 661 1304 715 (Economica
1320 665 1374 728 est,
1392 677 1459 732 quae
1474 659 1628 715 familiaris
1644 662 1734 716 oflicii
1751 678 1853 716 curam

1016 750 1157 804 mediocri
1168 765 1349 819 componens
1359 749 1554 819 dispositione
1562 749 1852 805 distribuit.Pnblica

1016 842 1072 908 est,
1089 855 1156 910 quae
1170 839 1344 908 reipublicae
1358 854 1458 893 curam
1479 839 1660 910 suscipiens,
1679 845 1852 894 cunctorum

1017 928 1104 981 saluti
1121 943 1185 982 suae
1202 927 1366 997 prudentiae
1388 928 1518 997 solertia,
1536 928 1701 998 1111111111
1721 929 1807 998 libra,
1825 933 1854 983 et

1016 1014 1197 1069 fortitudinis
1213 1015 1380 1085 stabilitate,
1391 1018 1419 1069 et
1433 1017 1634 1086 temperantiae
1644 1016 1783 1087 patientia
1792 1033 1852 1071 me·

1016 1103 1178 1175 detur(1'l).

1087 1209 1156 1265 Car.
1169 1210 1249 1264 Xll'.
1262 1211 1307 1266 De
1320 1211 1491 1266 mechanica
1507 1217 1536 1267 ct
1549 1211 1689 1283 partibus
1703 1211 1779 1285 ejus.
1840 1234 1845 1241 ·

1051 1317 1222 1371 blechanica
1238 1320 1354 1388 septem
1369 1317 1456 1372 habet
1470 1319 1605 1390 species:
1622 1318 1792 1391 lanificium,
1805 1335 1851 1373 ar·

1014 1409 1168 1475 maturam,
1181 1406 1410 1478 navigationem,
1419 1406 1640 1479 agriculturam,
1651 1409 1849 1478 venationem,

1014 1495 1200 1564 medicinam,
1217 1494 1401 1549 theatricam.
1426 1495 1471 1549 hal
1497 1497 1572 1550 banc
1597 1497 1728 1552 omnium
1751 1513 1850 1552 rerum

1015 1583 1127 1637 fabrica
1138 1599 1317 1638 1111111111
1333 1584 1458 1638 videtur.
1466 1585 1512 1638 hh
1523 1585 1599 1639 hanc
1615 1586 1692 1640 enim
1703 1586 1850 1657 pertinent

1013 1673 1241 1744 universaquae
1257 1671 1394 1727 humanis
1411 1674 1642 1729 necessitatibus
1658 1675 1850 1730 inveniuntur

1012 1765 1110 1834 grata,
1136 1762 1303 1832 commoda,
1330 1763 1516 1832 neccssaria,
1535 1767 1562 1818 et
1585 1780 1769 1835 quaecunque
1792 1764 1848 1818 sub

1014 1851 1165 1919 praedictis
1177 1854 1289 1921 septem
1299 1852 1458 1922 spreciebus
1469 1851 1536 1924 ejus
1549 1853 1759 1924 comprehendi
1769 1869 1848 1908 1111-

1014 1933 1248 2010 11111111111111).

1243 2047 1313 2100 Gar.
1332 2046 1395 2101 XV.
1415 2047 1457 2102 lte
1474 2046 1612 2103 1111111111.

1048 2135 1223 2189 lanificium
1246 2140 1291 2189 est
1314 2136 1407 2205 prima
1436 2137 1554 2206 speeies
1579 2137 1770 2192 mechanicae.
1801 2137 1846 2191 Ad

1011 2223 1087 2277 hanc
1102 2227 1228 2294 pertinet
1244 2226 1339 2278 omnis
1352 2240 1440 2294 opera
1452 2227 1549 2294 nendi,
1565 2227 1766 2298 retorquendi,
1777 2242 1846 2281 con·

1012 2313 1128 2384 suendi,
1145 2314 1287 2384 quidquid
1311 2313 1342 2367 fit
1368 2314 1573 2383 instrumento,
1591 2315 1666 2383 colo,
1683 2315 1762 2383 fuso,
1779 2331 1844 2384 acu,

1010 2402 1136 2471 pectine,
1163 2402 1341 2471 calamistro,
1366 2402 1497 2473 girgillo,
1523 2402 1639 2472 allibro,
1656 2404 1793 2475 ⁸subula;
1817 2405 1845 2458 in

1011 2492 1132 2544 materia
1148 2490 1208 2560 lini,
1221 2491 1306 2560 lanae,
1319 2491 1451 2560 canabis,
1464 2495 1492 2545 et
1506 2492 1641 2562 suberis,
1659 2495 1754 2547 orrrnis
1770 2510 1844 2547 usus

1010 2578 1181 2648 floccorum,
1199 2580 1353 2650 filtrorum,
1381 2595 1533 2653 sagorum,
1555 2586 1731 2654 sagmatum,
1749 2586 1844 2638 matu-

1010 2668 1114 2739 larum,
1131 2672 1160 2723 et
1174 2669 1406 2740 sportarumtl9)

1222 2775 1291 2830 Car.
1310 2777 1388 2830 xvl.
1410 2776 1454 2831 De
1469 2783 1630 2832 manatura.

1046 2864 1200 2919 hrmatura
1215 2865 1289 2919 duas
1306 2866 1392 2920 habet
1408 2867 1526 2936 species
1541 2868 1800 2922 architectonicam
1816 2871 1844 2923 et

1010 2953 1154 3008 fabrilem.
1168 2954 1404 3008 Architeetouica
1419 2955 1559 3010 dividitur
1568 2957 1598 3010 in
1615 2959 1841 3028 caementariam,

1009 3059 1076 3115 quac
1087 3044 1122 3096 ad
1134 3044 1258 3098 latomos
1276 3047 1303 3098 et
1315 3045 1529 3114 caementarios
1541 3051 1568 3099 11
1578 3047 1606 3099 in
1618 3048 1841 3117 carpentariam,

1009 3150 1075 3204 quae
1091 3133 1126 3186 ad
1143 3134 1344 3203 carpentarios
1361 3139 1387 3187 el
1404 3135 1548 3206 tignarios
1564 3137 1698 3205 pertinet.
1715 3136 1842 3190 Fabrilis

1010 3222 1150 3276 dividitur
1161 3222 1190 3276 in
1201 3222 1410 3277 nrallcaloriam
1425 3227 1453 3277 et
1467 3224 1678 3278 exclusoriam.
1691 3226 1736 3279 hd
1745 3241 1842 3279 arma-

1009 3313 1104 3366 turam
1127 3313 1253 3382 pertinet
1277 3313 1373 3366 omnis
1399 3313 1544 3367 industria
1575 3317 1841 3385 carpentariorum,

1008 3403 1212 3473 tignariorum,
1225 3402 1489 3472 caarnentariorum,
1503 3402 1687 3472 latomorum,
1698 3408 1725 3458 ct
1741 3404 1842 3458 fabro-

1007 3507 1083 3560 rum,
1101 3490 1242 3561 quidquid
1259 3490 1290 3543 ht
1305 3492 1511 3559 instrumento,
1529 3494 1638 3560 securi,
1655 3492 1745 3562 ascia,
1763 3493 1843 3546 dola·

1007 3578 1071 3648 bra,
1082 3579 1178 3649 trulla,
1187 3579 1409 3648 perpendiculo,
1422 3578 1537 3648 malleo,
1548 3580 1699 3652 scalpello,
1710 3586 1840 3654 arctavo,

1007 3668 1123 3722 incude.
1142 3668 1174 3721 ln
1196 3668 1315 3721 materia
1335 3666 1426 3740 liguo,
1444 3667 1550 3739 lapide,
1567 3670 1682 3740 sabulo,
1706 3671 1794 3742 gipso
1814 3676 1850 3727 et·

1007 3757 1142 3827 1111110).

1197 3845 1267 3900 Car.
1283 3845 1374 3899 xvh.
1391 3847 1436 3901 De
1451 3847 1652 3919 navigatione.

1042 3953 1200 4026 Navigatio
1214 3955 1297 4007 tertia
1309 3954 1426 4024 species
1442 3959 1488 4008 est
1499 3956 1690 4010 mechanicae.
1707 3956 1753 4011 hh
1765 3956 1841 4010 hauc

1005 4044 1132 4114 pertinet
1147 4043 1243 4096 omnis
1259 4043 1405 4097 industria
1420 4045 1577 4114 vendendi,
1588 4049 1615 4099 11
1629 4046 1756 4101 emendi.
1768 4047 1839 4100 llaec

1005 4132 1101 4187 inrisa
1113 4132 1208 4187 littora
1220 4132 1288 4202 adit,
1299 4148 1402 4202 pacem
1410 4136 1438 4187 ct
1447 4133 1672 4188 fauriliaritatem
1684 4151 1750 4190 cum
1759 4139 1839 4190 exte·

1005 4293 1072 4346 nus,
1090 4278 1167 4347 synt.
1183 4275 1235 4329 lib.
1253 4292 1313 4345 xxx,
1331 4293 1402 4330 xxxx.

1040 4349 1097 4417 (iti)
1118 4347 1309 4401 ltlechauicus
1332 4352 1377 4401 est
1396 4347 1495 4417 opifex
1517 4363 1638 4420 eorum,
1662 4365 1728 4421 quae
1751 4351 1839 4405 simul

962 4420 1124 4500 Diogenis
1144 4423 1171 4472 et
1192 4434 1278 4471 manu
1298 4419 1499 4488 perficiuntur.
1521 4420 1605 4475 Unde
1626 4436 1686 4475 non
1700 4423 1840 4492 quaelibet

1004 4493 1128 4544 artificia
1157 4493 1279 4559 protrita
1308 4490 1495 4561 etvulgaria
1520 4492 1690 4546 mechanica
1715 4495 1840 4548 dicenda

1005 4565 1074 4616 sunt
1093 4561 1222 4630 proprie,
1240 4562 1293 4614 sed
1308 4576 1342 4614 ea
1356 4564 1478 4631 tantum,
1495 4578 1561 4633 quaa
1578 4564 1697 4635 ingenio
1713 4580 1840 4620 succur-

1005 4637 1072 4687 runt
1088 4633 1311 4686 difficultatibus
1327 4634 1568 4704 contingentibus
1579 4639 1838 4705 praeternaturum,

1005 4704 1839 4829 141111111εηί111111111111111111111111111.11111111111111.

1036 4777 1102 4830 ecla.

1041 4848 1109 4916 (191.
1130 4845 1211 4899 Plato
1221 4845 1296 4900 libro
1308 4843 1432 4901 Civiliin
1442 4846 1516 4902 duas
1525 4850 1624 4918 parles
1633 4847 1755 4903 lanificii
1763 4848 1840 4904 divi-

1006 4918 1047 4972 dit
1062 4922 1153 4972 artem
1167 4933 1172 4971 :
1187 4918 1216 4970 in
1226 4917 1433 4971 discretoriam
1444 4923 1472 4973 et
1482 4921 1714 4975 concretoriam:
1728 4921 1841 4976 discre-

1005 4991 1079 5043 toria
1094 4994 1140 5043 est
1151 4991 1180 5041 in
1195 4989 1318 5058 longum
1333 4989 1481 5061 latumque
1496 4991 1666 5060 protractio,
1679 5007 1733 5046 seu
1749 4992 1841 5047 dedu·

1006 5063 1074 5129 ctio,
1092 5064 1121 5114 ut
1137 5059 1204 5114 fuso
1222 5063 1330 5113 retorto
1353 5061 1399 5114 vel
1417 5066 1494 5133 rota,
1516 5063 1699 5118 concretoria
1715 5067 1840 5120 texturae

1006 5148 1081 5203 opus
1102 5131 1189 5187 habet
1209 5131 1405 5202 implicatione
1425 5135 1561 5189 staminis
1580 5140 1607 5189 et
1629 5134 1839 5206 subtegminis.

1041 5204 1098 5273 110)
1118 5203 1245 5258 Fabrilis
1268 5205 1341 5259 artis
1363 5207 1481 5275 specics
1498 5208 1588 5260 variae
1604 5210 1683 5276 sunt,
1700 5221 1768 5261 oum
1784 5206 1841 5262 hoc

1006 5290 1114 5330 nemen
1137 5276 1176 5329 sit
1197 5275 1338 5347 generale
1365 5277 1401 5331 ad
1426 5293 1529 5332 ornnes
1554 5278 1605 5349 qui
1629 5281 1788 5349 operantur
1811 5279 1842 5333 in

1006 5347 1128 5402 materia
1142 5347 1240 5419 aliqua
1256 5348 1339 5417 dura,
1351 5349 1398 5403 vel
1414 5349 1539 5420 lapidea,
1565 5350 1612 5405 vel
1627 5351 1765 5424 lignaria,
1783 5351 1842 5407 fer·

1005 5419 1093 5491 raris,
1118 5434 1217 5489 aurea,
1234 5424 1389 5492 argentea,
1406 5437 1423 5476 a
1439 5423 1548 5495 quibus
1572 5424 1648 5479 fabri
1669 5439 1737 5479 cum
1759 5424 1842 5480 addi·

1005 5491 1085 5549 tione
1101 5493 1241 5562 materiae,
1257 5493 1287 5546 iu
1307 5509 1364 5566 qua
1381 5500 1548 5569 operantur,
1565 5497 1711 5555 dicuntur.
1735 5496 1778 5554 De
1794 5497 1841 5554 his

1006 5563 1155 5636 omnibus,
1172 5566 1199 5621 si
1220 5566 1326 5642 placet,
1343 5577 1445 5631 videas
1468 5575 1646 5649 Gregorius]
1660 5578 1841 5633 Tolosanum

1005 5645 1036 5707 in
1051 5657 1106 5703 sua
1121 5642 1252 5718 8111111.
