3796 6022
606 274 834 346 SERMONES
856 273 1044 346 CENTUM.
1617 286 1679 354 962

68 482 136 555 quia
151 481 261 553 patitur
275 481 433 553 delectum,
449 482 499 538 ubi
511 482 632 538 deberet
644 497 785 538 exercere
799 463 828 525 Α
842 483 991 538 sitiuntur.
1003 482 1240 539 Sicetllaminus
1259 484 1394 557 iniquum
1411 485 1485 542 dixit
1498 502 1673 562 mammona,

64 570 225 628 tellectum.
242 572 329 627 Tales
342 573 433 645 igitur
446 571 553 628 debent
567 589 635 628 csse
644 573 742 644 mites,
754 575 786 627 ut
841 572 870 626 id
886 575 932 627 est
947 572 1075 643 divitias,
1092 589 1151 629 non
1165 574 1245 645 qaod
1259 589 1310 630 res
1326 574 1494 631 divitiarum
1509 580 1611 633 essent
1626 579 1679 634 iai·

64 662 222 734 mlaeuant,
239 662 315 717 mala
327 663 404 718 illata
413 663 558 734 patienter
569 663 744 733 sustineant,
757 666 786 717 ct
844 677 920 733 quae,
932 661 986 719 sed
995 678 1049 734 per
1060 663 1243 735 iniquitatem
1258 664 1423 735 acquisitae.
1432 665 1488 720 Alii
1499 666 1635 722 esuriunt
1649 671 1678 724 et

64 768 223 823 amanam,
241 752 295 807 sed
312 768 368 808 nec
383 752 783 825 alienamnegligantvitam,
845 751 948 806 sitiunt
966 754 1129 823 potestates
1150 754 1179 808 et
1199 751 1341 825 bonores,
1364 754 1413 808 ulii
1430 754 1607 827 voluptates,
1628 756 1678 812 alii

64 841 222 912 pusfuarit,
240 845 269 897 et
284 842 371 897 bunis
383 843 418 897 ad
431 843 553 897 meliora
563 841 721 897 exhibeant
731 857 785 896 ex·
841 840 1036 896 salutationes
1046 841 1076 896 in
1090 841 1165 912 foro,
1183 843 1296 913 primos
1311 843 1465 900 recubitus
1480 845 1510 899 in
1525 846 1631 917 coenis,
1648 849 1677 902 et

64 946 157 1001 anam,
172 930 656 1001 etmalisdcmalocorreptionem.
666 930 785 985 Estete-
834 929 947 1000 primas
962 930 1117 997 cathedras
1133 931 1163 985 iu
1179 932 1354 1005 synagogis,
1371 936 1400 988 at
1414 935 1516 990 vocari
1527 935 1565 989 ab
1577 934 1672 991 bomi-

64 1019 124 1074 dus
135 1020 166 1075 in
176 1020 279 1090 rebus,
290 1020 358 1092 quia
367 1020 445 1075 sicut
456 1019 611 1075 homonon
622 1019 708 1075 debet
716 1035 785 1076 essa
838 1019 928 1074 nibus
937 1018 1046 1075 Rubbi.
1055 1019 1114 1074 Sed
1122 1020 1197 1075 tales
1212 1037 1272 1076 non
1286 1025 1414 1092 possunt
1424 1023 1487 1079 llari
1498 1025 1587 1097 beati,
1599 1026 1669 1099 quia

64 1108 347 1180 rsperitatis,sicnee
357 1108 522 1163 dabetassc
533 1109 632 1164 nimiae
643 1109 783 1180 lenitatis,
835 1124 894 1163 non
909 1110 1036 1180 possunt
1056 1108 1192 1165 saturari.
1212 1109 1304 1165 Totus
1318 1111 1396 1166 enim
1407 1113 1536 1170 mundus
1556 1130 1670 1189 nequa-

64 1198 271 1254 rdexteramet
288 1198 441 1252 sinistram
452 1213 505 1269 per
524 1197 683 1253 discretam
700 1214 785 1253 man·
835 1213 922 1269 quam
933 1196 1044 1253 homini
1057 1196 1669 1270 suitlceret,quiestdomiuusmuudi.Nou

64 1302 134 1343 nem
151 1288 187 1342 ad
201 1286 392 1342 beatitudinis
402 1287 683 1357 perveniatterram.
695 1287 786 1343 Beati
835 1286 913 1341 enim
923 1285 1062 1358 impletur
1072 1287 1668 1366 oculasvisu,nccaurisimpleturauditu,

64 1381 117 1446 ent,
126 1377 260 1450 quoniam
267 1376 327 1450 ipsi
334 1376 574 1432 cansolabuntur.
585 1376 785 1432 Lucrussolat
835 1391 890 1431 nec
902 1376 1056 1432 incaeteris
1065 1376 1208 1432 sensibus
1222 1377 1418 1449 potesthamo
1429 1382 1555 1437 saturari
1571 1394 1671 1441 cxco-

64 1481 84 1522 o
100 1466 263 1520 amissione
274 1466 442 1537 charorum,
455 1466 532 1521 sicut
547 1466 665 1537 quando
675 1465 783 1538 aliquis
833 1456 1671 1532 rnmdelcctationibusQ'uadrchavidbencconsidera·

66 1555 175 1611 charos
187 1571 271 1624 suaa,
282 1558 403 1625 patrem,
414 1558 546 1626 matrem,
557 1555 660 1625 tilium,
670 1555 782 1611 autali-
832 1554 940 1626 vit,qui
955 1554 1091 1627 quamvis
1106 1554 1229 1611 haberet
1242 1556 1280 1611 ad
1295 1558 1507 1613 comedendum
1523 1564 1551 1615 et
1565 1560 1669 1619 biben-

65 1645 253 1716 ropinquum.
264 1644 329 1698 Heu
343 1642 348 1698 l
366 1660 454 1715 quam
465 1644 548 1698 multi
558 1645 661 1717 lugent
672 1645 780 1700 charas
834 1643 903 1698 dum
911 1659 970 1700 aon
981 1644 1668 1716 salumadnecessitatem,sedetiamsivelletad

64 1735 105 1806 {ui
126 1749 314 1806 nequaquam
337 1734 440 1806 lugent
466 1732 662 1804 semetipsos!
686 1733 779 1799 Quam
835 1732 1078 1804 superfluitatem,
1090 1737 1188 1789 tamen
1199 1734 1272 1789 dixit
1284 1750 1290 1791 :
1304 1735 1667 1813 Satiaboreumapparue-

64 1827 146 1897 lgent
169 1825 273 1878 damna
290 1824 464 1895 corporalia,
491 1824 541 1895 qui
556 1824 660 1896 lugere
675 1827 778 1879 conta·
794 1791 820 1853 Β
834 1823 877 1877 rit
887 1822 984 1896 gloria
995 1828 1042 1878 tua
1052 1823 1226 1893 (Psalxvr).
1240 1823 1414 1881 Esuriamus
1424 1830 1452 1881 et
1462 1828 1597 1886 sitiamus
1609 1848 1668 1888 non

64 1913 169 1969 damna
190 1914 354 1984 spiritualia
364 1917 381 1968 ‘t
392 1912 513 1979 Quando
528 1913 636 1985 aliquis
652 1913 779 1968 inllrma·
834 1912 1016 1983 transitoria,
1026 1912 1447 1985 nanterrena,sedjustitiam,
1460 1917 1667 1989 quispereau·

66 2003 200 2074 moritur,
214 2002 421 2075 lugentamici.
437 2002 559 2068 Quando
570 2006 779 2073 autempaceat
833 2001 906 2057 riam
929 2004 957 2058 et
980 2001 1059 2057 sitim
1079 2000 1204 2073 justitiae
1225 2003 1433 2074 perveniemus
1448 2006 1484 2060 ad
1501 2007 1666 2066 satietatem

64 2091 160 2163 tilitas,
173 2094 290 2164 quando
303 2093 474 2163 fornicatur,
487 2093 605 2164 quando
616 2091 685 2147 dicit
696 2093 780 2148 tratri
832 2095 952 2147 aeternaa
959 2091 1167 2164 gloriaeBeuti
1175 2091 1397 2159 misericorder,
1403 2095 1536 2167 quoniam
1542 2098 1666 2154 miseri·

64 2182 172 2254 {nando
193 2182 272 2237 videt
287 2183 440 2238 mulierem
458 2181 494 2236 ad
507 2181 780 2252 concupiscendum
832 2180 964 2236 cordiam
980 2187 1206 2256 consequentur.
1223 2181 1255 2236 Si
1274 2197 1347 2254 ergo
1367 2183 1414 2238 vis
1430 2183 1665 2244 misericordiam

64 2271 255 2343 tmoluget.O
269 2273 381 2327 sanitas
392 2269 510 2327 insana!
523 2287 539 2328 a
550 2271 627 2326 visio
645 2270 744 2327 eaecal
762 2288 778 2329 a
829 2271 974 2342 accipere,
992 2269 1227 2325 misericordiam
1242 2271 1364 2327 exhibe:
1381 2272 1542 2346 Dimittita,
1558 2275 1662 2348 inquit,

64 2359 779 2433 rtualDehisquaenanlugcndasuutlngent,at
830 2363 859 2414 et
884 2359 1087 2414 dimittemini.
1118 2358 1286 2415 Secundum
1311 2361 1388 2416 enim
1410 2379 1579 2420 mensuram
1609 2382 1663 2439 qua

64 2451 261 2522 rumlugcnda
271 2451 404 2523 graviter
419 2450 538 2522 lugent3
551 2453 579 2505 et
589 2451 719 2523 graviter
731 2451 778 2506 lu·
827 2449 926 2504 mensi
940 2447 1072 2514 fueritis,
1090 2449 1270 2504 remetietur
1282 2450 1376 2506 vobis.

64 2538 232 2610 spiritualia,
251 2540 366 2596 scilicet
384 2540 499 2610 damna,
520 2555 580 2594 uon
597 2540 708 2612 lugent,
729 2541 777 2596 vel
865 2538 956 2593 Beati
969 2553 1087 2609 qaoque
1105 2537 1332 2610 misericordes,
1347 2539 1397 2611 qui
1408 2541 1475 2597 aliis
1492 2543 1662 2601 inmiseriis

64 2643 78 2683 e
94 2627 171 2699 ipsis
186 2629 294 2684 rident.
310 2629 351 2684 De
361 2629 439 2700 istis,
451 2630 580 2701 inquam,
592 2630 779 2701 prophetavit
831 2627 897 2682 suis
905 2628 1094 2697 assistunt,et
1103 2643 1156 2683 eos
1168 2628 1332 2683 secundum
1342 2631 1569 2700 passibilitatem
1578 2649 1663 2690 suam

64 2716 173 2774 icens:
195 2717 243 2773 Vre
256 2719 306 2791 qui
316 2719 419 2774 dicitis
428 2719 534 2773 bonum
551 2718 656 2774 malum
672 2725 701 2775 ct
715 2736 778 2774 ma·
828 2719 988 2790 protegunt
998 2719 1026 2772 et
1037 2716 1199 2772 defendunt
1210 2717 1300 2773 Beati
1304 2719 1412 2774 inundo
1420 2720 1519 2792 corde,
1528 2722 1662 2796 quoniam
1721 2769 1726 2779 .

64 2823 140 2874 uum,
164 2813 312 2879 ponentes
332 2807 476 2863 tenebras
500 2807 608 2876 lucent,
632 2814 661 2863 ct
684 2807 778 2865 lucem
829 2806 889 2879 ipsi
897 2806 991 2862 Deum
1003 2806 1154 2861 videbunt.
1167 2807 1277 2862 blundo
1293 2809 1382 2863 carde
1394 2813 1463 2865 sunt
1476 2810 1528 2881 illi,
1546 2813 1596 2884 qui
1607 2829 1662 2868 nec

64 2912 98 2968 rs,
120 2903 267 2969 ponentes
291 2913 421 2952 arrarum
438 2898 469 2952 in
486 2897 580 2964 dulce,
608 2903 637 2953 et
648 2897 734 2954 dulce
747 2901 779 2953 ιιι
805 2964 810 2971 ,
828 2895 952 2967 pulvere
964 2895 1075 2951 inutilis
1085 2895 1413 2967 cogitationiS,necluto
1422 2898 1663 2972 fedanturpravae

64 2985 150 3057 rtlsa.
160 2986 200 3057 v).
831 2984 1046 3040 delectationis.
1059 2984 1169 3039 blundo
1181 2985 1270 3040 corde
1280 2989 1358 3056 sunt,
1371 3002 1447 3057 quas
1457 3004 1515 3043 non
1527 2991 1598 3062 tegit
1609 3006 1663 3046 ne-

64 3076 473 3147 emus,lrat1·es,amissionem
480 3076 703 3148 charorum,sed
710 3077 778 3148 plus
792 3073 901 3169 chuia
910 3077 997 3129 terrae
1009 3074 1194 3146 ignorantiae,
1209 3089 1265 3128 nec
1281 3077 1441 3147 corrumpit
1453 3076 1541 3134 ardor
1555 3094 1664 3135 coneu-

64 3181 100 3220 us
115 3166 308 3221 amissionem
327 3167 474 3222 bonorum
489 3183 622 3238 operum,
635 3168 775 3222 amissio·
832 3164 998 3235 piscentiaa.
1016 3163 1192 3217 blundemas
1215 3163 1307 3235 igitur
1320 3163 1409 3218 corda
1424 3168 1526 3221 nostra
1540 3166 1575 3222 ab
1585 3167 1665 3223 omui

64 3257 176 3309 ctutum.
189 3255 303 3327 lingent
319 3257 777 3329 corruptusamissionemvirgi-
832 3253 1001 3328 ignorantia
1018 3268 1072 3323 per
1094 3251 1317 3324 inquisitionem
1330 3253 1474 3323 veritatis,
1491 3257 1520 3310 at
1533 3255 1570 3310 ab
1586 3256 1665 3312 omni

64 3344 505 3417 tegritatis.Lugeatsuperbus
521 3346 777 3401 amissionamhu·
832 3358 975 3417 perversa
999 3341 1240 3412 concupiscentia
1263 3357 1316 3413 per
1338 3357 1468 3398 amorem
1489 3342 1617 3416 virtutis,
1635 3347 1667 3403 ut

64 3448 85 3488 s.
112 3432 226 3505 Lugeat
248 3435 409 3489 iracundus
434 3435 626 3490 amissionem
654 3435 778 3491 interum
831 3447 999 3488 mercamur
1018 3431 1112 3486 Deum
1133 3431 1236 3487 videre
1258 3431 1288 3487 in
1306 3430 1401 3504 gloria
1415 3433 1503 3507 regni
1520 3434 1664 3490 eoelestis.

64 3521 177 3578 llitatis.
189 3513 777 3597 Lugeatavarusamissionemlargitatis.
831 3521 921 3578 Beati
922 3520 1052 3595 pacidci,
1063 3521 1197 3594 queniam
1209 3520 1265 3577 ulii
1276 3522 1331 3578 Dei
1343 3522 1534 3578 vocabuntur.
1544 3523 1665 3578 Pacitlci

84 3611 223 3667 ebriosus
248 3612 442 3669 amissionem
462 3614 642 3669 sobrietatis.
666 3615 781 3688 Lugeat
832 3615 911 3681 sunt,
929 3610 1025 3683 quiin
1040 3611 1210 3683 semetipsis
1226 3626 1330 3681 pacem
1354 3610 1453 3666 tacere
1469 3615 1497 3667 et
1512 3612 1662 3668 custodire

64 3701 305 3756 insumissioncm
317 3702 480 3773 spiritualis
492 3703 711 3760 exsultationis.
719 3705 780 3759 Lu·
830 3699 945 3771 voluat,
957 3699 1006 3772 qui
1018 3700 1088 3754 vitia
1098 3699 1286 3754 adversantia
1301 3698 1454 3773 subigunt,
1474 3700 1600 3756 virtutes
1609 3701 1667 3757 eri·

64 3790 150 3846 vidus
164 3791 357 3846 amissionem
370 3792 532 3848 charitatis.
550 3793 641 3864 Beati,
654 3809 781 3866 namque
831 3792 916 3863 gunt,
929 3791 958 3845 ct
966 3788 1109 3861 quidquid
1119 3789 1149 3842 in
1161 3804 1194 3843 se
1210 3803 1360 3859 perversae
1370 3789 1568 3861 cogitationis,
1580 3788 1665 3845 loeu-

64 3877 111 3934 eat
120 3881 206 3934 modo
218 3896 271 3951 per
283 3882 494 3952 pmnitcntiam,
507 3881 576 3953 quia
587 3882 783 3937 consolabun-
831 3879 933 3948 tionis,
946 3878 1083 3949 operisve
1092 3876 1350 3948 deprehenderint,
1360 3877 1520 3948 prudenter
1528 3880 1556 3931 et
1564 3881 1667 3949 potan-

64 3967 395 4040 iadulgeatiam,deinde
405 3969 621 4043 perjustitiam,
631 3974 782 4042 postremo
832 3972 879 4022 ter
894 3965 1054 4036 expellunt,
1070 3980 1126 4020 nec
1141 3964 1251 4036 aliquid
1275 3965 1506 4035 perturbationis
1526 3967 1558 4021 ia
1570 3982 1667 4040 regno

64 4057 250 4129 iergloriam.
261 4059 426 4114 Possumus
435 4062 533 4115 autem
541 4060 640 4116 dicere
648 4062 703 4116 tria
712 4076 782 4117 esse
834 4072 898 4112 sure
920 4054 1130 4111 dominationis
1155 4069 1225 4109 esse
1249 4054 1432 4127 permittant3
1451 4059 1479 4111 et
1494 4056 1520 4112 si
1537 4056 1607 4128 quid
1622 4054 1667 4112 eis

67 4146 260 4218 spiritualiter
270 4152 298 4203 et
308 4148 460 4204 fructuose
473 4164 572 4204 coram
584 4151 679 4206 oculis
690 4150 781 4206 Crea-
834 4144 1022 4201 adversitatis
1031 4143 1197 4216 contigerit,
1215 4159 1318 4214 pacem
1327 4146 1425 4200 tamen
1441 4151 1666 4219 suamservant,

64 4236 204 4308 gentium.
216 4237 273 4292 Alii
282 4254 408 4309 namque
420 4239 521 4310 lugent
530 4253 585 4309 pro
596 4238 780 4311 indulgentia
834 4238 862 4290 et
877 4235 982 4290 cuncta
997 4250 1063 4289 cum
1071 4234 1170 4289 cordis
1182 4234 1228 4290 sui
1239 4234 1448 4305 tranquillitate
1457 4233 1601 4307 judicant.
1611 4235 1664 4291 Pa·

64 4324 111 4378 alii
122 4325 224 4398 lugent
239 4342 275 4381 ex
287 4329 432 4381 suavitate
444 4327 547 4400 gratiae
568 4326 710 4383 divinitus
721 4329 780 4383 sibi
834 4324 911 4379 citici
919 4323 970 4396 qui
979 4327 1158 4379 cantantum
1170 4323 1200 4378 in
1211 4340 1244 4379 sc
1252 4339 1356 4394 pacem
1372 4324 1551 4395 custodiunt,
1561 4338 1665 4380 varum

64 4455 69 4484 ,
82 4413 131 4469 alii
141 4414 275 4485 ampliori
288 4416 534 4471 fervoreaccensi
545 4417 647 4490 lugent
656 4433 693 4472 ex
703 4417 780 4472 desi·
794 4450 819 4512 D
834 4415 921 4470 etiam
935 4412 1009 4469 alios
1034 4413 1240 4468 discordantes
1260 4414 1296 4468 ad
1321 4413 1460 4468 unitatem
1484 4414 1567 4483 pacis
1583 4412 1668 4467 redu·

64 4506 145 4559 iturae
157 4505 270 4577 gloriae.
285 4505 321 4559 Et
330 4507 361 4560 in
372 4506 419 4560 his
434 4506 570 4562 omnibus
583 4507 660 4562 beati
673 4508 723 4580 qui
734 4508 777 4563 lu·
836 4506 914 4560 eunt.
924 4503 1045 4559 Paeilici
1055 4506 1134 4573 sunt,
1148 4502 1197 4575 qui
1208 4502 1278 4556 dum
1287 4502 1331 4557 eis
1340 4500 1669 4556 amalismalainterun·

64 4593 317 4667 ricquisemiuant
328 4597 359 4650 in
369 4595 523 4670 lacrymis,
536 4598 568 4651 in
579 4596 777 4653 exsultatione
834 4598 891 4664 tur,
903 4591 979 4648 mala
994 4592 1113 4647 minime
1123 4590 1298 4661 retribuunt,
1316 4591 1370 4645 sed
1390 4604 1457 4645 cum
1467 4588 1515 4644 his
1533 4589 1583 4660 qui
1597 4588 1667 4644 ode·

73 4680 169 4753 (Psal.
184 4685 284 4756 cxxv).
300 4685 468 4760 absterget
481 4687 559 4741 enim
571 4687 653 4742 Deus
666 4702 778 4742 omnem
832 4686 902 4739 runt
915 4698 1029 4754 pacem,
1045 4679 1162 4754 pacitlci
1175 4682 1244 4735 sunt
1254 4678 1348 4751 (Psal.
1361 4678 1452 4750 cxxx).
1470 4678 1526 4733 Isti
1540 4677 1597 4733 ulii
1610 4677 1669 4734 Dei

64 4771 154 4826 amab
175 4773 267 4828 oculis
283 4779 454 4831 sanatorum
466 4791 599 4847 auorum,
612 4782 641 4831 et
652 4791 709 4831 non
720 4776 779 4830 erit
836 4772 1027 4843 vocabuntur,
1051 4774 1119 4845 quia
1139 4771 1219 4826 Deus
1240 4783 1355 4824 summa
1369 4785 1428 4841 pax
1449 4773 1504 4841 est,
1523 4773 1554 4826 et
1566 4770 1665 4826 omnia

64 4876 180 4933 tneque
191 4861 297 4934 luctus,
314 4881 408 4936 neque
424 4864 543 4936 clamor,
559 4865 613 4920 sed
631 4880 687 4919 nce
705 4864 781 4919 ullus
833 4878 900 4918 cum
914 4861 1112 4934 tranquilliate
1130 4859 1252 4932 judicat,
1269 4853 1321 4913 filii
1338 4859 1400 4930 Dei,
1417 4857 1525 4915 iratres
1539 4858 1661 4916 Christi.

64 4950 298 5023 [uoniampriora
309 4953 496 5009 transierunt
508 4954 610 5026 (Apoc.
624 4953 698 5016 xxrt.
832 4951 884 5006 lsti
898 4950 951 5004 lilii
966 4949 1168 5022 pergratiam,
1189 4948 1327 5004 Christus
1342 4946 1436 5008 Filius
1451 4965 1505 5020 per
1519 4951 1664 5008 naturam.

64 5040 782 5116 iquiesuriuntctsitiantJustitiam,quonianripsi
832 5039 975 5095 Haeredes
986 5039 1048 5111 Dei,
1066 5037 1240 5094 cahaercdcs
1256 5040 1355 5094 autem
1362 5037 1483 5094 Christi.

64 5129 780 5201 tuntur.0mncshominesesuriuutetsitiuut,sed
866 5128 956 5184 Beati
964 5129 1013 5201 qui
1020 5127 1259 5201 persecutionem
1269 5127 1427 5202 patiantur
1438 5126 1666 5204 proptcrjusti-

64 5217 142 5274 riunt
152 5222 180 5275 ct
189 5219 292 5275 sitiant
303 5221 422 5292 malum,
433 5221 482 5275 alii
493 5221 629 5276 esuriunt
638 5223 666 5276 et
676 5220 780 5275 sitiunt
833 5218 912 5285 tiam,
931 5217 1065 5291 quoniam
1085 5218 1216 5291 ipsorum
1227 5223 1273 5274 est
1282 5233 1406 5292 regnum
1418 5219 1567 5276 caelorum.
1582 5216 1667 5275 Multi

64 5307 253 5364 tiliietenim
263 5310 397 5365 esuriunt
406 5313 434 5364 ct
445 5310 548 5366 sitiunt
558 5326 780 5382 aurum,argea·
830 5307 1237 5380 patiunturpersecutionem,
1248 5308 1301 5363 sed
1317 5305 1365 5362 ulii
1380 5309 1531 5381 patiuntur
1545 5308 1667 5380 propter

65 5400 128 5453 stes
139 5400 297 5470 pretiosas,
306 5399 653 5471 praedia,terras,vineas,
661 5398 777 5469 domos,
831 5397 957 5468 culpam,
969 5397 1018 5452 alii
1032 5397 1181 5469 patiuntur
1191 5401 1312 5471 propter
1323 5395 1469 5470 justitiam
1479 5401 1507 5453 et
1520 5397 1665 5452 innocen·

64 5486 779 5559 atpossessianesinnumeras.lstatamcnomnia
829 5488 910 5543 tiam.
922 5485 1193 5558 Seddicetaliquis:
1204 5486 1663 5558 Nemopotestmodoperpcrse·

64 5579 116 5634 unt
132 5576 163 5633 in
187 5593 241 5650 se3
264 5580 367 5635 sedin
388 5578 446 5635 hac
462 5578 678 5651 quadammodo
702 5576 779 5634 mala
830 5573 1663 5650 cutioncmattingereadbeatitudinemquianuucinpace

64 5668 183 5745 cuntur,
209 5668 288 5749 quod
311 5685 328 5727 a
348 5669 435 5729 malis
458 5670 535 5728 male
558 5668 730 5729 esuriuntur
750 5673 780 5731 et
830 5666 1000 5729 consistant
1018 5665 1126 5745 omnia,
1143 5666 1171 5726 et
1185 5668 1288 5727 saneta
1301 5661 1437 5725 Ecclesia
1450 5663 1513 5727 rere
1528 5661 1566 5728 de
1580 5663 1661 5728 calla
