3816 6030
85 102 149 176 387

704 104 937 176 SPECULUM
959 107 1177 177 ECCLESIAE

1764 111 1825 187 858

63 319 167 385 .cant,
188 310 339 387 nigratis
366 327 491 367 summac
521 312 672 366 Trinitatis
695 328 748 382 per
768 313 927 368 adventum
944 292 972 355 Α
988 312 1261 383 ilexterampartem
1275 315 1346 386 petit
1360 315 1473 386 altaris,
1493 315 1589 373 innuit
1606 318 1685 390 quod
1704 319 1824 376 Emma-

83 404 200 460 Christi
216 403 322 459 novies
337 401 486 456 distinctis
500 400 675 472 angelorum
690 401 860 472 agminibus
875 416 928 456 cos

85 494 299 559 conformaret,
317 492 435 545 Interim
451 494 549 544 autem
560 490 629 544 dum
646 490 710 543 haec
730 489 867 544 dicuntur
882 490 928 543 vel

86 581 372 652 aguntur-sacerdos
389 595 474 634 sacra
490 582 573 632 veste
589 579 709 633 indutus
725 579 761 633 de
773 579 929 634 sacraaede

86 672 232 742 procedit,
265 671 440 742 significans
469 668 549 738 quod
581 666 718 722 Cluistus
749 668 930 738 exspectatio

86 758 931 832 gentiumsicdesider·atuS,carnasacrosanctaassumpta

86 852 123 904 de
143 850 276 921 Virginis
287 847 564 916 curueinccrrupta,
577 846 613 899 de
629 850 746 900 secreto
763 845 930 899 habitaculo

87 940 233 993 celorum
249 953 396 1009 egressus
412 938 458 989 est
474 936 503 989 in
519 935 670 1000 mundum,
692 935 739 988 vel
764 934 800 988 de
816 939 930 988 secreta

88 1028 309 1098 aedeegrcssus
319 1029 375 1092 ost,
385 1024 414 1078 id
428 1027 475 1079 est
486 1024 521 1078 de
532 1022 672 1094 virginali
687 1028 781 1092 utero,
795 1029 931 1095 tanquam

86 1133 217 1189 sparreus
238 1115 407 1188 procedens
423 1114 460 1167 dc
481 1111 609 1166 thalamo
637 1129 689 1166 sae
708 1112 803 1182 ll'sal.
835 1117 930 1181 xviri).

84 1207 171 1272 Quod
183 1206 219 1259 ad
237 1204 418 1259 nativitatem
434 1203 559 1273 pertinet
570 1217 658 1272 quam
673 1201 762 1255 hahet
782 1218 798 1254 a
826 1205 929 1277 matre,

84 1297 123 1350 de
140 1296 199 1349 alio
216 1298 314 1348 autem
330 1292 440 1346 dietum
456 1293 503 1344 est
519 1306 525 1344 :
543 1290 697 1361 Egressus
708 1290 804 1361 ‹p'usa
824 1289 927 1355 l'otrc,

84 1391 143 1440 etc.
163 1386 244 1438 Duas
260 1382 338 1437 enim
363 1381 451 1436 hahet
467 1380 688 1451 generationes
724 1394 811 1432 unam
841 1382 928 1434 rater-

84 1491 165 1543 nam,
185 1474 306 1526 alteram
322 1469 525 1540 temporalem,
541 1468 599 1522 Sed
613 1472 766 1537 utramque
781 1472 927 1523 secretam

85 1569 116 1617 et
127 1560 366 1629 inenarrabilem,
390 1559 458 1630 quia
475 1558 553 1610 illum
578 1557 666 1610 habet
687 1557 752 1610 sine
776 1560 868 1626 patre,
899 1560 928 1612 et

988 400 1057 456 nuel
1073 401 1102 455 ia
1116 402 1184 473 lege
1198 403 1366 472 promissus
1375 396 1549 474 prius'venit
1559 405 1595 460 ad
1605 405 1823 482 Judoeosquam

988 489 1023 543 ad
1040 495 1156 561 gentes.
1188 492 1284 546 lar-tasi
1302 493 1380 546 enim
1398 496 1518 564 propter
1534 494 1630 566 legem
1654 496 1683 550 iu
1703 497 1824 553 dextera

989 583 1070 648 parte
1082 584 1149 633 tunc
1160 580 1296 648 tiriuuutg
1313 587 1417 653 gentes
1433 599 1506 637 vceo
1527 585 1614 654 quasi
1636 586 1665 639 in
1689 586 1822 656 sinistra,

989 669 1056 737 quia
1073 669 1309 723 colebantidola.
1334 671 1405 725 Post
1434 672 1488 725 hec
1512 689 1582 726 rere
1608 674 1699 728 linitis
1718 691 1823 746 supra·

989 757 1087 826 dictis,
1100 760 1127 811 et
1144 757 1235 812 choro
1251 760 1374 826 tacente,
1407 760 1548 814 sacerdos
1564 761 1594 814 in
1610 763 1706 817 medio
1722 764 1823 820 altaris

990 844 1138 915 llymnum
1153 846 1255 915 incipit
1265 848 1442 918 angelicum,
1464 850 1579 903 scilieet
1593 851 1688 922 gloria
1708 853 1739 907 in
1768 869 1823 908 ex-

989 934 1080 989 celsis
1098 935 1168 1002 lJeo,
1195 935 1370 1004 significans
1395 937 1558 1007 quodcum
1580 939 1659 994 Deus
1688 941 1824 998 umbram

988 1022 1065 1093 legis
1081 1023 1207 1093 amplius
1223 1040 1282 1078 uon
1293 1025 1465 1094 postularet,
1478 1028 1506 1079 et
1516 1027 1583 1080 dom
1598 1028 1739 1100 (quietum
1758 1047 1823 1086 me-

988 1112 1067 1166 dium
1084 1112 1234 1166 silentium
1247 1119 1385 1168 tenorent
1396 1115 1490 1168 onruia
1502 1115 1583 1187 (Sap.
1600 1117 1670 1186 vui),
1683 1121 1824 1175 natusest

989 1200 1133 1266 inmedie,
1152 1201 1179 1255 id
1195 1205 1251 1272 est,
1269 1219 1321 1272 pro
1337 1203 1485 1257 omnihus.
1504 1204 1631 1258 Messias
1648 1221 1735 1275 quem
1750 1225 1820 1278 pro-

987 1289 1083 1358 phctae
1093 1291 1311 1360 p1·rcdixe1·unt;
1328 1292 1358 1344 in
1375 1291 1463 1363 cujus
1479 1293 1627 1348 nativitate
1644 1295 1769 1367 angelus
1785 1298 1822 1352 ad

987 1383 1123 1447 pastores
1138 1380 1200 1434 ait:
1227 1380 1380 1434 rlrmuutie
1412 1380 1495 1435 vobis
1522 1383 1659 1453 paridiuru
1688 1400 1823 1457 ruapuurn

986 1467 1067 1535 (Lae
1086 1467 1126 1531 nl.
1148 1467 1231 1532 Quod
1252 1472 1348 1522 autem
1364 1468 1474 1523 chorus
1496 1471 1691 1526 communiter
1710 1473 1821 1529 vocife-

986 1572 1055 1609 raus
1067 1555 1171 1610 deimle
1188 1556 1477 1626 eeaqiletllymnum,
1488 1574 1576 1628 quem
1588 1559 1821 1617 salussacerdos

85 1653 166 1707 haud
178 1652 243 1705 sine
255 1651 357 1716 matre,
366 1648 442 1701 unde
453 1645 611 1716 propheta:
627 1644 927 1717 &sarmationemejus
944 1664 969 1724 B
985 1644 1068 1713 prins
1085 1644 1214 1714 incaepit,
1227 1645 1375 1715 significat
1384 1646 1462 1716 qnod
1478 1647 1576 1701 statim
1601 1648 1676 1702 laeta
1691 1653 1737 1704 est
1753 1667 1820 1706 cum

85 1742 153 1814 quis
169 1738 325 1794 enarrabit
337 1736 513 1808 ;(Isai.u1u).
535 1734 724 1788 Sacerdotem
733 1738 830 1788 autem
842 1751 926 1806 egre·

85 1831 216 1884 dientem
231 1826 402 1897 praecedunt
416 1826 474 1878 duo
491 1822 659 1876 ceroferarii
677 1826 705 1876 ct
720 1824 925 1891 portatorthu-

84 1918 186 1987 ribuli,
203 1916 309 1971 deiude
320 1914 522 1969 subdiaconus
544 1914 664 1981 portans
681 1910 884 1982 Evangelium,
897 1916 924 1966 et

86 2009 234 2062 diaeonus
262 2005 394 2059 lecturus
417 2000 615 2071 evangelium.
643 1999 698 2052 l'er
726 2000 924 2056 ceroferarios

86 2101 116 2152 et
138 2082 358 2150 thuriferarium
380 2089 571 2160 intelligimus
591 2093 711 2142 structas
736 2089 785 2159 qui
808 2089 924 2143 Novam

86 2185 310 2256 praecesserunt
324 2181 543 2235 Testamentum
572 2193 624 2247 per
633 2177 847 2232 sululiacouum
861 2194 925 2248 por·

86 2268 538 2340 lantemtextumevangclicum,
555 2270 583 2320 et
593 2282 646 2336 per
661 2267 818 2320 diaconum
827 2266 925 2321 Evau-

87 2362 160 2434 gelii
177 2375 352 2432 praeconem,
365 2361 486 2412 sanctes
501 2356 578 2410 Novi
586 2356 776 2409 Testamenti.
795 2356 852 2411 Per
866 2356 924 2412 duo

86 2454 186 2506 autem
202 2448 378 2504 candelabra
394 2462 460 2500 cum
480 2445 587 2514 careia,
613 2444 796 2513 ardentibus,
827 2445 925 2518 legem

87 2552 355 2596 commemoramus
364 2539 393 2590 et
406 2534 642 2605 prophetas311er
656 2537 768 2588 textum
779 2535 927 2606 evangeli·

87 2645 157 2684 cum
168 2627 284 2683 Novum
291 2625 520 2691 Testamentum,
533 2622 925 2693 Undepnlchrepraeccdunt

86 2716 276 2785 candelabra,
306 2714 375 2786 quia
403 2713 452 2768 lex
476 2714 505 2766 et
526 2710 678 2781 prophetae
704 2717 926 2781 praecesserunt

83 2808 184 2878 legem
195 2804 307 2877 gratiae,
321 2804 429 2856 lterum
444 2817 496 2871 per
514 2800 697 2854 tlmribulum
717 2817 770 2855 cor
791 2801 921 2857 hominis

984 1732 1091 1804 angelo
1108 1734 1261 1789 multitudo
1280 1734 1411 1788 caelestis
1427 1735 1577 1790 exercitus
1593 1736 1774 1793 laudantium
1789 1744 1818 1794 et

984 1821 1143 1876 dicentium
1159 1838 1166 1890 ς
1185 1822 1287 1876 Gloria
1304 1823 1334 1875 in
1350 1822 1481 1876 excelsis
1500 1824 1563 1879 lieo
1586 1825 1697 1897 (liridi).
1723 1827 1818 1883 Finito

985 1911 1099 1981 Hpmne
1111 1910 1630 1981 sacerdossalutatpopulumdieens
1649 1931 1655 1969 :
1672 1915 1815 1970 Dominus

987 1999 1146 2053 vobiscum.
1172 2000 1240 2053 Orat
1263 2002 1293 2052 ut
1315 1999 1394 2053 lteus
1414 2000 1452 2053 sit
1473 2001 1629 2057 cumillis.
1653 2007 1681 2056 et
1702 2003 1732 2057 in
1756 2004 1817 2059 illis

983 2091 1106 2142 maneat.
1126 2088 1305 2142 Haerentem
1316 2088 1451 2143 salutatio
1468 2088 1497 2143 in
1513 2089 1611 2144 Veteri
1630 2091 1818 2149 Testamento

982 2177 1080 2230 auditu
1092 2179 1147 2245 est,
1164 2177 1221 2231 Per
1236 2177 1291 2231 hoc
1303 2192 1373 2231 vere
1399 2178 1477 2248 quod
1493 2179 1529 2232 ab
1552 2179 1693 2250 episeopo
1707 2181 1814 2238 dicitur

982 2265 1050 2319 Pan
1067 2265 1160 2334 vebia,
1179 2265 1266 2319 datur
1274 2265 1398 2337 intelligi
1415 2267 1493 2336 quod
1507 2266 1570 2337 ipse
1585 2270 1681 2340 magis
1697 2270 1816 2340 proprie

982 2355 1020 2409 sit
1031 2354 1161 2409 vicarius
1172 2354 1292 2424 Christi,
1308 2356 1359 2425 qui
1376 2358 1443 2425 pest
1462 2357 1692 2412 resurrectieem
1714 2374 1818 2429 pacem

981 2444 1158 2498 annuntians
1179 2443 1223 2498 sie
1240 2444 1378 2497 salutavit
1393 2444 1556 2514 apostolos.
1840 2431 1846 2448 ¹

1017 2533 1127 2588 Deinde
1144 2533 1286 2588 sacerdos
1298 2536 1435 2588 oraturus
1452 2533 1585 2589 hortatur
1594 2536 1669 2592 alies
1681 2538 1812 2610 uterent,

981 2623 1049 2694 quia
1065 2622 1208 2676 Dominus
1220 2623 1333 2677 monuit
1348 2622 1512 2693 discipulos
1524 2638 1620 2694 orare,
1637 2626 1664 2680 ei
1680 2625 1744 2696 ipse
1755 2642 1819 2683 ora·

981 2712 1031 2766 vit.
1050 2711 1181 2782 Epistola
1196 2728 1262 2782 quae
1285 2711 1453 2766 Orationem
1469 2712 1612 2783 sequitur,
1634 2708 1838 2784 praedicatio(

981 2817 1048 2855 nem
1064 2800 1188 2854 loannis
1206 2801 1344 2870 lhiptistae
1360 2805 1563 2870 repraesentet,
1581 2803 1648 2873 quia
1664 2804 1742 2859 sicut
1767 2807 1815 2863 ille

84 2895 235 2967 intellige3
251 2909 304 2963 per
313 2893 422 2964 ignem,
431 2889 612 2944 charitatem.
624 2889 657 2943 Et
669 2890 698 2943 iu
709 2890 805 2959 thure,
820 2907 923 2946 exona·
942 2926 968 2988 c
994 2889 1229 2960 praecursoriae
1245 2889 1365 2959 Christi,
1378 2890 1415 2943 ita
1427 2891 1568 2959 prmeedit
1578 2891 1709 2962 Epistola
1720 2893 1817 2950 Evan-

83 2986 167 3057 plum
182 2985 327 3038 bonorum
343 2995 475 3051 operum,
491 2979 537 3032 vel
554 2978 703 3033 crationes
724 2980 922 3036 suavissimas

86 3073 257 3130 considera.
273 3071 355 3126 Sicut
370 3069 449 3123 enim
471 3068 540 3121 thus
555 3067 584 3120 in
602 3067 670 3138 igue
690 3068 833 3123 thuribuli
852 3086 924 3125 sua-

84 3165 163 3218 viter
179 3161 290 3217 redolet
304 3163 333 3213 et
348 3173 469 3212 sursum
493 3156 637 3225 aseendit,
654 3157 693 3209 itu
715 3173 790 3226 opus
812 3158 924 3213 bonum

84 3253 135 3308 vel
150 3251 243 3307 oratic
258 3265 296 3303 ex
307 3247 449 3302 charitate
467 3245 625 3316 fragrescit
636 3245 925 3303 ultr-aomeiabalsa-

85 3358 145 3410 ma,
155 3341 305 3412 pigmenta
320 3341 348 3392 et
368 3336 564 3407 thymiamate.
581 3335 802 3390 'l'lrurilcrarius
817 3340 924 3407 autem,

85 3429 286 3486 ceroferarius
293 3430 321 3482 et
331 3427 491 3496 sequentes
503 3425 685 3494 praecedens
699 3427 926 3497 nienstratquod

84 3520 184 3575 thuris
199 3516 378 3590 signilieatio
393 3513 559 3568 comannis
576 3517 621 3566 cst
641 3514 753 3567 sancts
771 3514 926 3586 utriusque

85 3607 280 3663 Testamenti.
314 3603 522 3659 Subdiaconus
538 3606 567 3656 et
582 3602 726 3656 diaeonus
748 3603 922 3671 praecedunt

86 3696 286 3762 sacerdotem,
302 3693 370 3764 quia
386 3690 525 3761 discipuli
542 3690 629 3744 nrissi
647 3694 717 3744 suut
734 3695 801 3746 ante
830 3692 929 3746 Douri-

85 3802 169 3853 num,
207 3783 347 3838 atadhuc
384 3781 537 3834 mittuntur
569 3779 791 3849 lucedicatores,
826 3781 854 3835 id
882 3787 928 3839 est

85 3874 201 3947 praelati
217 3871 371 3940 Ecclesiae,
383 3885 549 3941 praeparare
558 3868 633 3922 viam
648 3868 762 3923 llenrini
773 3870 931 3940 spirituali·

86 3969 134 4018 ter
157 3965 223 4017 ante
246 3960 340 4015 iucem
355 3959 432 4030 ejas.
458 3957 531 4013 llum
551 3974 622 4012 vero
638 3962 757 4012 ventum
787 3962 833 4013 est
862 3964 929 4016 ante

86 4053 189 4120 altare,
201 4051 318 4121 ponitur
333 4048 527 4120 Evangelium
543 4047 724 4118 super-illud.
738 4047 837 4102 Altarc
848 4049 927 4103 enim

86 4137 425 4212 siguificattcrusalem,
443 4137 492 4189 ubi
510 4136 635 4206 primum
657 4135 828 4204 praedicatio
851 4135 927 4191 iacta

980 2979 1100 3050 geliam.
1118 2977 1249 3048 Epistola
1263 2978 1351 3031 etiam
1366 2979 1504 3049 expremit
1518 2979 1680 3034 doctrinam
1696 2986 1818 3052 septua-

980 3069 1062 3139 ginta
1078 3067 1203 3122 duorum
1214 3066 1439 3137 discipulorum,
1457 3083 1533 3137 ques
1541 3068 1684 3124 Dominus
1699 3072 1779 3126 misit
1787 3072 1818 3128 in

980 3172 1097 3211 omnem
1108 3156 1255 3210 civitatem
1271 3159 1298 3209 et
1308 3154 1337 3209 in
1352 3156 1450 3210 locum
1466 3173 1524 3227 que
1536 3161 1597 3212 erat
1622 3158 1687 3228 ipse
1708 3163 1816 3216 ventu·

978 3262 1041 3300 rus.
1057 3249 1085 3300 et
1100 3245 1209 3316 quibus
1231 3244 1289 3299 ait:
1308 3245 1420 3299 ltdessis
1438 3245 1527 3300 nrrdta
1545 3246 1670 3319 paridem,
1684 3250 1817 3321 operarii

980 3340 1076 3389 autem
1088 3334 1176 3405 pauci
1185 3333 1305 3403 (illattlr.
1320 3334 1371 3401 rx).
1392 3334 1637 3404 llespousorium,
1653 3339 1732 3408 quod
1750 3338 1819 3411 Epi·

981 3424 1086 3478 stolam
1097 3423 1817 3495 sequitur.assensumsignillcatqucmauditores

980 3513 1100 3567 monitis
1120 3512 1310 3582 praebuerunt
1335 3513 1568 3582 praedicantium.
1597 3514 1680 3569 Unde
1695 3516 1818 3586 pulchre

983 3600 1218 3672 llcspcuserium
1229 3601 1404 3656 nominatur.
1416 3601 1498 3666 Quod
1515 3603 1593 3656 cuim
1607 3619 1660 3673 per
1675 3606 1821 3674 praedica-

981 3692 1090 3746 tionem
1107 3690 1295 3744 credidernnt
1317 3689 1402 3760 juxta
1428 3691 1503 3744 vello
1528 3691 1743 3760 predicantium
1763 3712 1812 3749 re-

983 3780 1175 3850 sponderunt.
1192 3779 1262 3833 dam
1278 3778 1820 3854 Deitcgemsnnetcvivendocomple-

983 3871 1097 3937 verunt,
1116 3868 1161 3921 vel
1176 3869 1244 3940 quia
1260 3868 1456 3937 respondente
1472 3867 1563 3922 choro
1587 3875 1728 3927 cantatur.
1760 3874 1820 3930 Re-

983 3957 1175 4028 sponsorium
1190 3956 1306 4026 dieitur,
1327 3959 1355 4011 ct
1377 3956 1502 4010 activam
1514 3958 1601 4012 vitem
1614 3959 1773 4033 signifieat,
1789 3963 1820 4019 iu

983 4062 1039 4116 qua
1057 4047 1150 4100 sancti
1162 4063 1196 4100 se
1211 4045 1386 4099 adinvicem
1405 4045 1608 4112 exhortantur,
1627 4052 1656 4102 ut
1675 4049 1711 4103 ad
1735 4055 1821 4107 ceter-

984 4151 1051 4188 nam
1066 4135 1155 4188 vitem
1170 4134 1352 4204 perveniant.
1377 4137 1402 4188 A
1421 4135 1599 4206 quibusdam
1622 4141 1721 4193 autem
1743 4139 1819 4196 Gra-

88 4235 135 4285 est
152 4229 306 4300 primitivae
322 4225 477 4293 Ecclesioe,
493 4228 521 4277 ct
532 4225 599 4278 inde
616 4223 707 4278 exivit
722 4224 751 4277 in
764 4225 927 4296 publicum,
944 4206 969 4269 D
987 4224 1072 4278 duale
1097 4228 1229 4292 vocatur,
1247 4223 1293 4278 vel
1309 4223 1377 4293 quia
1400 4224 1430 4277 in
1458 4225 1602 4296 gradibus
1623 4227 1747 4298 canitur,
1772 4230 1820 4285 vel
1848 4283 1850 4286 Α

89 4319 168 4372 sieut
183 4318 346 4385 scripturam
363 4316 417 4368 est:
432 4313 475 4367 lte
491 4313 563 4366 Sion
579 4313 674 4366 evile
690 4312 750 4382 lor,
768 4318 796 4366 et
809 4314 929 4368 verbum

88 4386 260 4462 Dourini⁶dc
275 4403 441 4459 Jerusalem
455 4401 537 4471 (lsai.
550 4409 591 4467 u).
608 4401 642 4455 Et
658 4407 725 4455 nota
747 4403 836 4473 quod,
854 4403 929 4456 lacta

89 4494 221 4567 generali
238 4493 428 4548 confossione
445 4494 476 4544 ut
492 4507 564 4560 pura
576 4494 695 4560 pectora
715 4491 776 4545 sint
791 4491 927 4546 servien-

89 4585 173 4653 tium,
193 4583 335 4638 sacerdos
351 4581 397 4634 dal
414 4580 559 4646 osculum,
578 4579 755 4653 significans
777 4578 928 4634 Christum

88 4669 141 4744 qui
158 4672 246 4727 nohis
258 4686 359 4741 pacem
374 4668 469 4722 attulit
485 4668 608 4738 primus.
629 4668 698 4723 Post
723 4669 779 4722 hoc
804 4670 929 4724 veniens

88 4763 125 4816 ad
140 4762 243 4830 altare,
259 4759 396 4815 similiter
408 4758 560 4812 osculatur
571 4757 668 4828 ipsum
680 4762 706 4811 et
720 4757 925 4829 Evangelium,

88 4854 190 4905 Artace
206 4849 236 4903 in
253 4848 309 4902 hoc
333 4848 399 4902 loce
416 4846 571 4901 iudaicam
592 4847 732 4916 populum
753 4847 902 4919 significat
919 4863 927 4919 ς

87 4938 283 5011 Evangelima
293 4937 442 5010 gentilem,
455 4936 503 5007 qui
515 4952 568 5007 per
584 4935 778 5008 Evangeliam
789 4936 924 4992 credidit.

88 5029 215 5099 Utrique
226 5026 305 5082 euim
319 5025 457 5080 Christus
474 5026 552 5080 dedit
571 5041 683 5096 pacem,
700 5025 828 5096 quaudo,
850 5025 926 5096 lapis

88 5116 246 5191 angularis
259 5116 365 5183 laetus,
378 5115 446 5169 lecit
459 5118 581 5185 utraque
598 5131 698 5169 unum.
717 5113 752 5168 et
771 5117 839 5168 nota
853 5114 933 5186 qued

89 5207 235 5263 diaconus
252 5204 299 5259 vel
314 5203 517 5259 subdiaconus
534 5202 619 5258 ellert
629 5203 778 5259 sacerdoti
794 5202 933 5276 Evange-

87 5293 208 5352 linmad
222 5293 416 5350 osculandum
429 5292 514 5365 ,quia
524 5293 735 5363 praedicatores
750 5292 935 5349 reconcillia·

89 5385 198 5442 verunt
211 5384 240 5441 at
254 5381 424 5440 obtulerant
438 5384 543 5457 gentes
560 5381 688 5454 (bristo,
714 5382 858 5456 quibuset
871 5382 935 5454 ipse

87 5488 147 5557 per
160 5488 194 5534 aa
209 5487 269 5537 acu
284 5470 468 5550 predicavit,
483 5469 569 5542 Quod
582 5474 680 5533 autam
696 5470 840 5533 sacerdos
849 5471 934 5550 priua

982 4316 1103 4383 prepter
1119 4313 1274 4383 mysticam
1285 4312 1545 4384 significationem,
1556 4316 1623 4384 qaia
1635 4317 1722 4370 activi
1730 4319 1818 4373 etiam

982 4403 1038 4455 viri
1053 4401 1082 4455 in
1094 4402 1238 4474 gradibus
1248 4403 1521 4471 virtutumcantant,
1539 4403 1607 4456 dum
1618 4403 1647 4456 in
1659 4405 1818 4462 virtutibus

982 4489 1101 4543 excelsa
1118 4489 1230 4544 sarciunt
1244 4506 1342 4560 opera.
1361 4490 1501 4561 Sequitur
1515 4490 1654 4562 Alleluia,
1678 4494 1757 4564 quod
1772 4501 1820 4552 est

983 4578 1172 4648 Hebraicum,
1185 4579 1259 4632 'Tres
1271 4579 1348 4633 enim
1364 4578 1473 4649 linguae
1489 4582 1557 4633 suut
1572 4597 1638 4650 aquae
1655 4580 1731 4637 inter
1745 4583 1820 4640 aliae

985 4666 1144 4736 excellunt,
1162 4667 1288 4721 llehraea
1310 4666 1553 4738 prepterlegem,
1575 4670 1678 4725 Graeca
1700 4676 1822 4745 propter

983 4755 1167 4826 sapientiam,
1184 4755 1286 4809 Latina
1302 4759 1422 4826 propter
1433 4773 1569 4828 reguum.
1589 4758 1642 4813 llis
1658 4760 1820 4818 tribuslin-

982 4844 1052 4916 guis
1066 4845 1169 4899 titulus
1178 4844 1286 4899 Gllristi
1304 4844 1489 4914 triumphalis
1506 4848 1635 4918 emicuit,
1659 4851 1750 4906 ethis
1765 4852 1821 4907 tri-

983 4933 1160 5005 buslinguis
1175 4934 1240 4988 laus
1252 4934 1305 4988 Dei
1317 4935 1345 4987 in
1362 4933 1497 4989 Ecclesia
1513 4936 1694 4995 decantatur.
1719 4940 1819 5014 ltaque

984 5021 1110 5077 Alleluia
1125 5022 1252 5077 llebreae
1265 5024 1376 5096 linguae
1384 5028 1440 5095 est,
1448 5027 1476 5079 et
1487 5025 1590 5082 Latine
1601 5027 1823 5100 interpretatum

984 5111 1110 5167 Alleluia
1120 5112 1238 5167 laudate
1250 5111 1413 5168 Dominum.
1429 5113 1487 5168 Sed
1503 5114 1580 5170 viarn
1593 5132 1820 5190 prosequamur.

987 5201 1113 5256 Alleluia
1128 5201 1207 5273 quod
1219 5201 1348 5272 jubilum
1363 5202 1460 5274 habet,
1478 5204 1615 5276 exprimit
1629 5206 1770 5279 gaudium
1793 5210 1823 5264 et

987 5304 1118 5345 amorem
1141 5289 1334 5360 credentium,
1351 5294 1380 5346 et
1394 5295 1502 5364 quanta
1518 5292 1618 5348 laetitio
1633 5296 1662 5350 et
1680 5293 1745 5349 laus
1769 5310 1820 5351 se·

987 5384 1054 5436 cata
1073 5380 1113 5437 sit
1136 5380 1233 5452 tidem,
1254 5381 1352 5438 audita
1375 5380 1594 5454 praedicatione,
1620 5382 1723 5456 Neque
1741 5382 1820 5442 enim

985 5470 1099 5530 tautum
1113 5484 1273 5530 assensum
1287 5470 1479 5549 praebuerunt
1487 5470 1700 5551 predicationi,
1717 5471 1772 5533 aad
1786 5488 1820 5540 aa
