3816 6030
83 276 147 341 eor
513 345 517 353 ,
707 271 1019 350 niscsnnnnna.
1038 273 1164 338 -nn
1180 274 1205 336 1.
1462 227 1465 231 ’
1757 276 1818 342 aon

86 477 186 532 dixit:
206 476 297 532 Orate
308 492 344 532 ne
360 474 430 548 [apa
445 479 544 530 vestra
555 475 653 529 trienne
664 472 725 536 dat,
735 470 785 528 vel
792 471 926 528 Sabbata
938 453 968 517 Α
982 474 1142 530 deuntibus
1157 476 1193 529 ad
1214 475 1304 531 vitam
1332 475 1389 530 viae
1417 476 1667 546 demonstrantur,
1689 492 1744 548 pro
1758 493 1818 533 nnn

89 566 212 626 attacta.
233 567 324 636 xxiv).
351 563 425 630 Quid
454 564 531 619 enim
552 567 598 619 est
621 563 717 618 hiems
737 562 797 617 nisi
824 564 926 632 torpor
982 562 1093 629 inultae,
1108 579 1161 633 pro
1186 564 1269 619 brevi
1293 564 1402 636 longae,
1418 581 1473 635 pro
1488 564 1546 619 leri
1570 565 1739 623 laboriosae.
1768 566 1819 622 Sic

90 656 219 710 mortis?
235 655 270 709 Et
284 654 355 726 quid
371 657 417 709 est
440 653 612 721 Sabbatum,
636 651 695 706 nisi
718 654 926 723 postmortem
982 653 1061 708 enim
1076 653 1198 725 dignum
1214 653 1268 707 tuit
1283 656 1315 708 ut
1329 653 1426 720 bomo,
1443 654 1512 708 dnm
1526 655 1624 710 adbuc
1645 671 1724 711 unns
1744 658 1817 727 erat,

90 749 208 814 tempus
219 746 368 814 perpetuae
383 742 547 797 vacationis
558 743 572 796 ἱ)
582 741 685 796 Hiems
695 741 842 812 siquidem
853 740 927 796 tollit
983 742 1106 797 haberet
1115 741 1193 795 viam
1204 741 1397 814 singularem,
1414 743 1599 814 propinquus
1614 743 1819 817 brevemque·

90 833 260 887 ambulandi
284 831 455 902 potentiam,
481 832 631 886 Sabattum
657 834 745 902 negat
767 829 925 885 licentiam.
983 831 1819 903 tuslevemNuncauwmdivisusmultiplicem,remotus

89 921 141 976 Sic
156 925 185 976 et
201 920 381 975 imminentis
398 920 500 975 mortis
509 924 627 990 torpore
642 919 794 987 astrictus,
812 918 927 973 bomon
983 920 1112 992 longam,
1129 923 1268 989 peccator
1291 935 1424 991 gravem.
1450 920 1697 991 Concupiscentia
1717 921 1820 978 divisit

90 1010 276 1065 correctione
306 1008 495 1080 praepeditur,
515 1013 583 1080 post
608 1012 732 1065 mortem
747 1023 819 1062 vero
833 1006 927 1077 poeni-
984 1008 1292 1079 bominem,iniquitas
1307 1008 1494 1076 abalienavit,
1505 1010 1666 1066 mortalitas
1681 1010 1818 1066 debilita-

89 1101 181 1154 tentia
196 1115 255 1154 non
272 1098 429 1170 recipitur-3
446 1098 500 1152 Hic
512 1102 661 1170 gravatur,
679 1113 716 1151 ne
730 1097 824 1168 prima
837 1111 927 1167 opera
983 1099 1035 1152 vit.
1052 1099 1138 1152 Nunc
1154 1113 1227 1169 ergo
1243 1097 1336 1168 prima
1351 1097 1397 1150 via
1421 1101 1477 1165 est,
1500 1102 1532 1151 ut
1558 1099 1595 1152 ad
1623 1099 1819 1171 semetipsum

90 1191 249 1257 exornent,
265 1187 305 1242 ibi
321 1187 429 1260 ligatur
445 1203 481 1242 ne
496 1187 696 1241 imminentem
711 1185 928 1240 damnationem
984 1187 1094 1255 redeat,
1110 1191 1139 1241 et
1154 1186 1190 1240 de
1210 1186 1311 1241 multis
1332 1201 1411 1239 unas
1439 1185 1498 1256 tlat,
1528 1186 1634 1242 deinde
1662 1192 1767 1261 pergat
1781 1189 1819 1244 ad

90 1277 206 1331 evadat.
224 1276 279 1330 llic
294 1276 439 1331 correctio
455 1277 568 1348 gravis,
582 1276 621 1330 ibi
633 1274 801 1330 emundatio
817 1274 927 1345 impos·
984 1276 1081 1346 ipsum
1096 1275 1148 1346 qui
1162 1277 1208 1330 eet
1223 1274 1704 1346 snperipsnm.P1imannaestde
1719 1278 1819 1335 multis

90 1366 201 1420 sibilia.
215 1365 373 1435 Propterea
384 1366 494 1420 bonum
506 1368 552 1420 est
562 1365 667 1438 fugere
676 1364 750 1418 iram
760 1363 928 1425 venientem
984 1366 1021 1419 ad
1037 1380 1128 1420 unum
1155 1362 1318 1433 multiplex.
1344 1362 1480 1418 Secunm
1507 1379 1566 1418 una
1590 1367 1637 1418 est
1658 1365 1695 1419 de
1708 1381 1768 1422 nno
1782 1368 1820 1423 ad

89 1455 265 1526 priusquam
281 1453 391 1508 sentire
408 1453 532 1524 incipias
548 1453 758 1521 imminentem,
770 1468 807 1507 ne
818 1452 866 1507 vel
876 1467 927 1506 vo·
986 1454 1125 1509 unitatem
1141 1453 1278 1523 simplex.
1296 1452 1393 1507 Prima
1408 1469 1464 1507 una
1480 1454 1527 1507 est
1540 1452 1577 1508 de
1588 1452 1668 1508 vitiis
1678 1454 1715 1508 ad
1724 1454 1819 1510 virtu-

89 1545 190 1598 tuntas
202 1543 299 1597 narinus
311 1543 417 1597 ettlcax
428 1543 466 1596 sit
477 1543 649 1613 sineopere,
661 1541 708 1596 vel
719 1541 805 1597 dolor
814 1540 927 1596 inutilis
983 1548 1041 1598 tem
1055 1559 1062 1611 3
1078 1542 1276 1599 seeundauna
1292 1545 1338 1596 est
1353 1543 1389 1596 de
1404 1542 1528 1596 veritate
1545 1543 1582 1595 ad
1596 1542 1817 1600 beatitudinem.

91 1633 157 1686 sino
178 1632 373 1687 correctione.
395 1631 511 1703 Cogitet
530 1647 604 1703 ergo
628 1631 724 1685 anima
739 1631 770 1685 in
785 1629 927 1684 societate
984 1633 1017 1687 ln
1032 1632 1125 1702 prima
1141 1631 1187 1685 via
1198 1634 1245 1685 est
1259 1629 1375 1702 fragilis
1387 1630 1475 1684 homo
1486 1630 1820 1702 relinquereaanata31n

91 1722 256 1775 alienorum
279 1737 357 1775 nuno
383 1722 488 1791 positu,
513 1719 592 1791 quod
613 1735 672 1774 non
688 1719 794 1789 poterit
809 1733 928 1789 semper
942 1697 969 1760 Β
984 1722 1116 1776 secunde
1131 1720 1178 1774 via
1193 1719 1301 1774 debilis
1312 1719 1672 1790 apprehendereineolita.
1689 1719 1820 1777 Primum

92 1825 265 1880 permanere
282 1826 348 1863 cum
365 1808 704 1881 iltis,etettgatinte1·im
719 1807 835 1862 socium
845 1807 927 1862 illum
985 1809 1096 1865 homini
1111 1809 1162 1864 uni
1177 1824 1268 1863 unum
1283 1811 1454 1879 preceptum
1462 1807 1562 1862 datum
1577 1812 1633 1877 cst,
1648 1809 1714 1864 leve
1728 1809 1818 1881 factu,

91 1896 928 1970 qui,cumomninsubtractaluerinl,soluslidemservat
984 1899 1074 1952 breve
1099 1896 1215 1953 ellectu.
1237 1897 1367 1950 Primum
1396 1897 1574 1951 dictumest
1596 1897 1737 1953 illiutab
1759 1914 1818 1954 nno

92 1987 286 2042 dilectoribus
303 1987 361 2055 sui,
377 2003 432 2041 nec
448 1986 560 2041 recedit
573 1986 604 2040 in
622 1990 753 2056 tempore
767 1985 926 2057 angustiae.
983 1987 1060 2058 quod
1072 1987 1146 2042 toris
1156 1989 1220 2041 erat
1233 1986 1413 2055 abstineret,
1430 1989 1533 2056 postea
1561 1989 1593 2041 ut
1606 2001 1640 2041 ea
1655 2002 1723 2058 quan
1738 1987 1818 2042 intus

93 2075 128 2128 Et
144 2077 172 2129 si
187 2076 292 2131 durum
307 2075 441 2131 videatur
455 2091 508 2145 pro
529 2075 595 2146 ejus
614 2090 713 2128 amore
737 2089 815 2128 nunc
830 2074 928 2127 omnia
982 2080 1066 2131 erant
1079 2076 1222 2130 vinceret.
1239 2074 1323 2140 Quod
1338 2091 1392 2130 nec
1408 2075 1472 2130 leve
1495 2077 1559 2129 erat
1582 2076 1617 2129 ad
1638 2075 1816 2147 iaciendum,

92 2164 195 2230 rnirndi
208 2163 406 2218 blandimenta
422 2179 574 2233 respuere,
592 2163 691 2217 audiat
704 2164 801 2233 ipsum
818 2178 928 2216 conso·
982 2181 1036 2220 nec
1055 2166 1148 2220 breve
1171 2165 1208 2219 ad
1228 2164 1450 2234 perficiendum.
1473 2163 1517 2218 lbi
1538 2180 1629 2218 unum
1649 2163 1818 2220 laciendum

91 2253 201 2307 laniem
225 2257 253 2307 et
273 2253 437 2308 dicentem:
453 2252 559 2306 Nonne
581 2268 635 2323 epo
658 2251 765 2305 metior
790 2250 847 2305 tibi
866 2267 929 2305 suan
980 2259 1053 2324 erat,
1070 2252 1816 2323 hiclncientimultaobsistunt.Obviatsuperbiain

92 2359 176 2414 quarm
192 2342 293 2397 dacem
308 2340 365 2396 dlii
375 2340 422 2410 111
430 2340 504 2413 ileo.
517 2343 550 2410 r.)
564 2340 638 2405 Quid
651 2339 753 2394 enim?
767 2339 871 2394 Dulcis
882 2341 930 2394 est
981 2345 1029 2397 vie
1045 2342 1228 2412 humilitatis,
1239 2345 1328 2398 vexat
1343 2341 1452 2396 invidia
1468 2341 1498 2395 in
1513 2342 1561 2395 via
1576 2341 1702 2411 pietatis,
1719 2341 1818 2397 turbat

92 2431 221 2486 mundus
232 2446 238 2485 :
251 2434 277 2485 el
294 2430 390 2486 dulcis
414 2446 473 2485 non
497 2433 525 2484 et
540 2430 641 2484 Deus?
665 2425 768 2482 Absitl
795 2426 930 2499 Spiritus
982 2432 1134 2487 iracundia
1148 2431 1178 2486 in
1193 2431 1241 2485 via
1251 2430 1498 2500 mansuetudinis,
1515 2430 1607 2484 libido
1620 2430 1652 2485 in
1666 2430 1713 2485 via
1729 2431 1818 2486 casti·

93 2521 173 2573 enim
189 2537 271 2576 meas
285 2536 376 2592 sapor
390 2518 451 2574 mol
463 2517 567 2584 dulcis,
583 2523 616 2573 et
631 2517 866 2573 lroercditasmea
881 2532 929 2571 su·
982 2520 1059 2589 tatis,
1076 2519 1199 2574 avaritie
1210 2520 1239 2575 in
1254 2520 1301 2573 via
1317 2518 1542 2588 misericordiae,
1559 2519 1628 2590 gula
1640 2519 1670 2573 in
1689 2519 1737 2575 via
1751 2534 1819 2575 oon·

90 2627 148 2681 per
161 2607 223 2663 niel
235 2615 264 2663 et
273 2615 377 2663 tarum
388 2607 495 2678 (Eroti.
513 2610 605 2671 xxiv).
619 2606 702 2660 Hanc
712 2622 795 2677 ergo,
809 2605 927 2675 tratres,
982 2610 1122 2678 tinentiae,
1139 2608 1322 2663 contumacia
1334 2608 1419 2662 invia
1440 2607 1629 2663 obedientiae.
1639 2607 1711 2673 Quae
1719 2608 1818 2664 omnia

92 2697 279 2753 dulcedinem
294 2697 451 2771 signatore
466 2697 627 2767 ceperitis,
639 2711 693 2750 nec
704 2694 809 2749 taleam
825 2694 928 2749 dulce·
981 2700 1102 2754 vincere
1116 2700 1175 2752 tam
1185 2697 1306 2752 dilllcile
1322 2701 1378 2766 cst,
1395 2711 1483 2767 quam
1498 2696 1749 2754 haberenaturale
1759 2699 1816 2754 est.

92 2787 190 2840 dinem
208 2786 349 2859 diligeba,
366 2802 420 2840 nec
431 2801 530 2839 veram
541 2784 765 2839 amaritudinem
781 2783 927 2838 sentietis
1071 2787 1133 2841 Tm.
1146 2786 1220 2840 LVl.
1238 2786 1282 2841 Do
1298 2785 1412 2841 duabus
1429 2785 1487 2839 viis
1502 2785 1532 2838 in
1549 2785 1727 2858 Evangelio.

92 2876 155 2930 Tar.
173 2875 248 2930 t.111.
266 2875 310 2930 lte
339 2875 525 2948 quadruplici
550 2872 759 2928 recordatione
785 2871 921 2945 praeteri-
1020 2877 1091 2931 Duae
1106 2878 1177 2931 sunt
1194 2875 1262 2943 viae,
1285 2891 1343 2929 una
1363 2874 1475 2929 letand
1499 2875 1704 2945 perditionem,
1725 2876 1817 2933 altera

380 2968 473 3017 torum
490 2961 641 3019 aratorum.
942 2989 966 3049 c
983 2969 1063 3020 arcta
1078 2966 1115 3019 ad
1128 2966 1228 3019 vitem.
1240 2964 1291 3018 llla
1305 2980 1372 3036 quae
1392 2964 1449 3017 lata
1470 2967 1526 3032 est,
1543 2964 1652 3019 multos
1667 2963 1756 3020 habet
1770 2964 1818 3020 in·

127 3054 316 3125 Quadruplex
336 3058 382 3111 esi
409 3052 573 3108 recordatio
596 3051 812 3123 pt'aelet'ilffl'um
836 3051 926 3104 malo·
985 3056 1124 3110 cedentes
1139 3070 1193 3124 per
1205 3068 1249 3108 se.
1268 3053 1486 3123 lllaquoearcta
1498 3054 1554 3120 est,
1566 3053 1818 3123 pancoscapit.ln

91 3161 157 3198 rum
175 3160 180 3198 :
199 3145 306 3213 l'riura,
319 3160 385 3215 quae
400 3143 528 3198 animum
537 3142 573 3196 nd
583 3157 764 3197 consensum
773 3141 925 3212 pravitatis
984 3147 1063 3240 ⁰³¹¹,st
1078 3146 1157 3200 enim
1172 3158 1283 3217 genere
1297 3158 1364 3214 quae
1386 3143 1515 3212 pretiosa
1537 3144 1617 3211 sunt,
1636 3159 1703 3197 rara
1727 3146 1815 3211 snnt3

90 3238 230 3307 innectit,
247 3239 388 3306 secunda,
409 3254 476 3308 quae
491 3237 684 3293 delectatione
703 3237 804 3292 illicita
819 3253 927 3292 memo
983 3251 1050 3307 quaa
1064 3235 1133 3289 vilia
1150 3237 1229 3301 sunt,
1245 3248 1368 3288 numero
1383 3232 1545 3287 abundant.
1565 3232 1636 3287 Lata
1657 3235 1755 3288 autem
1768 3234 1817 3288 via

91 3329 167 3382 riam
181 3327 292 3394 afficit3
309 3329 403 3397 tertia,
415 3344 481 3399 quae
492 3328 528 3381 ad
537 3327 793 3397 compunctionem
808 3329 838 3380 et
853 3342 926 3382 con·
983 3328 1028 3379 est
1043 3325 1086 3379 ire
1101 3339 1160 3395 quo
1175 3322 1255 3392 libet,
1271 3325 1300 3377 et
1314 3323 1413 3377 tacere
1433 3322 1513 3392 quod
1533 3321 1638 3391 placet.
1666 3323 1754 3377 Arete
1768 3323 1817 3378 via

91 3418 240 3472 tritionem
256 3417 434 3487 paenitentiae
449 3433 501 3470 cor
516 3415 647 3482 emollit,
670 3418 783 3486 quarta,
807 3430 928 3487 quaepx
982 3417 1029 3468 est
1043 3412 1201 3484 preceptis
1216 3412 1290 3484 regi,
1305 3415 1335 3466 et
1349 3410 1498 3465 desideria
1522 3410 1601 3465 ssnxa
1617 3411 1767 3484 stringere
1780 3412 1818 3467 ad

91 3507 200 3561 tiduoia
211 3506 351 3561 veniaead
363 3496 525 3578 gratiarum
535 3505 681 3559 actionem
691 3507 931 3559 montemaccen·
983 3503 1117 3575 regulam
1132 3501 1291 3573 aequitatis.
1305 3500 1376 3554 Duae
1391 3515 1464 3571 ergo
1474 3500 1531 3555 viae
1546 3503 1625 3569 aunt,
1642 3515 1701 3556 nna
1716 3499 1820 3556 mortis

91 3597 134 3651 dit
146 3597 243 3650 Prima
259 3600 304 3651 est
314 3598 467 3663 maloram,
480 3595 611 3650 secunda
623 3593 834 3665 insipientium,
844 3594 929 3648 tertia
983 3592 1079 3647 altera
1090 3590 1173 3659 vitae3
1190 3593 1219 3645 et
1233 3590 1291 3644 duo
1305 3589 1416 3660 populi,
1437 3589 1582 3643 malorum
1605 3591 1633 3644 et
1654 3588 1819 3659 bonorum3
1870 3656 1874 3663 ¹

92 3683 779 3757 proficientium,qua1taperlectorum.Primam
787 3683 929 3753 Deuspro
984 3684 1013 3736 et
1034 3681 1093 3736 duo
1123 3695 1223 3751 reges,
1241 3678 1378 3733 diabolas
1403 3680 1432 3732 et
1452 3677 1601 3732 Christus.
1628 3676 1665 3732 Et
1678 3677 1822 3748 praecedit

93 3775 180 3846 culpa
196 3775 328 3847 imputat,
341 3775 502 3831 secundam
521 3773 678 3840 condonat,
694 3774 808 3829 tertiam
833 3789 931 3827 remu·
984 3774 1107 3842 uterque
1123 3768 1286 3823 exercitum
1302 3784 1401 3837 suum,
1415 3767 1539 3822 nnusad
1549 3769 1683 3834 mortem,
1695 3765 1770 3823 aller
1783 3766 1821 3821 ad

93 3866 187 3933 uerat,
205 3867 339 3940 quartam
354 3863 510 3936 glorificat.
528 3862 625 3917 Prima
636 3865 682 3916 est
693 3861 866 3932 iniquitatis,
883 3876 930 3915 se·
983 3860 1083 3914 vitam.
1099 3857 1236 3912 Christus
1252 3856 1423 3924 bumilitate,
1434 3856 1571 3911 diabolus
1582 3854 1708 3937 elatione
1719 3853 1821 3924 ,Chri-

92 3953 191 4008 cunda
207 3953 379 4023 infimitatis,
403 3953 487 4006 tertia
502 3952 630 4021 virtutiS,
647 3953 749 4022 quarta
769 3949 928 4004 felicitatis.
984 3951 1049 4003 stus
1064 3947 1200 4017 puritate,
1221 3945 1357 4000 diabolus
1380 3945 1562 4015 impuritate:
1582 3943 1721 3999 Christus
1745 3943 1821 3999 obe-

165 4041 230 4095 Trr.
251 4041 327 4096 LlV.
351 4041 436 4097 Unde
454 4039 719 4112 vitiamoripinem
739 4038 859 4093 trabat?
984 4036 1103 4102 dientia,
1133 4035 1269 4089 diabolus
1295 4034 1489 4089 contumacia.
1519 4032 1555 4087 Et
1583 4047 1672 4105 quem
1690 4031 1820 4104 qumque

128 4130 221 4185 Omne
236 4130 339 4186 vitium
354 4147 392 4185 ex
402 4134 505 4185 natura
514 4129 661 4201 originem
671 4128 776 4194 trahit,
793 4127 930 4199 quianon
984 4126 1089 4180 ducem
1100 4123 1235 4194 sequitur
1245 4123 1341 4192 invia,
1351 4122 1472 4177 babebit
1483 4137 1586 4194 regem
1597 4123 1628 4176 in
1637 4120 1819 4192 patrialltl').

92 4224 140 4276 eet
155 4220 234 4275 aliud
258 4220 371 4288 vitium,
401 4236 490 4291 qnam
510 4217 633 4273 allectus
657 4216 799 4272 naturalis
820 4219 930 4288 praeter
1125 4212 1187 4266 Τιτ.
1205 4210 1349 4266 LVll.Do
1366 4211 1477 4266 virtute
1493 4210 1676 4281 etjustitia..

94 4303 970 4379 ordinemetsupremcnsuram:ordinemtransgrediensD
1021 4303 1084 4355 lloc
1107 4301 1231 4355 interest
1253 4300 1330 4354 inter
1353 4299 1491 4355 virtutem
1515 4301 1544 4354 et
1562 4298 1719 4369 iustitiam,
1740 4297 1821 4370 qnod

93 4398 212 4469 quando
226 4402 361 4454 movetur
376 4399 413 4453 ad
429 4413 463 4452 ee
480 4413 547 4469 quaa
565 4413 623 4451 non
638 4395 744 4463 debet3
759 4409 929 4449 mensuram
983 4390 1079 4445 virtue
1095 4389 1191 4461 magis
1202 4403 1271 4444 esse
1287 4388 1402 4443 videtur
1416 4385 1540 4443 affectus
1550 4385 1819 4443 rationalisvolun·

93 4487 256 4555 excedens,
280 4485 397 4557 quando
427 4488 561 4540 movetur
584 4485 742 4555 plusquam
765 4482 861 4537 debet.
878 4480 930 4537 llle
983 4479 1052 4534 tatis
1067 4478 1143 4533 bene
1158 4477 1313 4545 formatus,
1330 4477 1376 4531 vel
1405 4478 1486 4530 recte
1510 4475 1681 4543 ordinatus,
1703 4473 1820 4546 justitia

93 4577 248 4646 appetens,
259 4574 587 4647 propter-indigentiam,
602 4573 666 4627 lraec
677 4570 931 4642 effervens,p1op-
983 4571 1080 4623 autem
1095 4567 1189 4622 torma
1204 4567 1253 4620 vel
1270 4564 1415 4620 ordinatio
1431 4564 1508 4635 ejus.
1540 4563 1622 4617 Tunc
1645 4562 1722 4616 bene
1733 4560 1829 4617 .ordi·.

93 4669 139 4719 ter
158 4663 383 4719 vehementiam.
399 4663 462 4717 lllic
480 4678 654 4733 perversae,
681 4661 730 4715 bic
752 4660 875 4715 nimius.
897 4659 930 4713 ln
984 4660 1071 4712 natur
1086 4656 1193 4711 mentis
1208 4653 1342 4722 allectus,
1356 4650 1649 4724 quandosecundum
1658 4649 1821 4705 Deivolun·

97 4753 191 4808 David
216 4755 337 4823 propter
357 4750 569 4824 indigentiam:
585 4749 732 4820 appetitus
758 4747 932 4803 movebatur
983 4749 1071 4801 tatem
1087 4746 1232 4801 movetur.

93 4843 132 4897 ad
148 4857 182 4897 ea
198 4859 263 4914 quae
275 4858 333 4897 non
345 4841 455 4909 debuit,
468 4839 586 4911 quando
595 4838 733 4893 esuriens
744 4852 836 4907 panes
845 4851 931 4890 sanc·
1054 4834 1119 4888 Trr.
1139 4831 1242 4887 lil'lll.
1254 4831 1299 4886 Da
1314 4829 1412 4885 activa
1433 4834 1462 4883 et
1482 4827 1746 4900 passivaJ'nstitia.

93 4932 222 4987 titlcatos
246 4931 414 5001 concupivit
435 4929 463 4998 (l
486 4928 559 5001 lieo.
583 4928 656 4998 xxi).
683 4927 714 4981 ln
731 4929 847 4981 Amnon
870 4924 931 4979 lilio
1018 4921 1148 4989 lustitia,
1160 4920 1217 4975 alia
1233 4922 1281 4975 eat
1290 4918 1455 4974 secundnm
1465 4916 1597 4972 debitam
1606 4915 1753 4987 amanda,
1762 4914 1820 4971 alia

95 5020 165 5090 ejus
181 5023 302 5091 propter
326 5018 541 5074 vehementiam
567 5015 741 5072 movebatur
760 5015 932 5085 plusquam
983 5011 1147 5065 seeundum
1157 5008 1294 5064 meritam
1303 5006 1452 5078 patientis.
1465 5005 1698 5061 lustitiaautem
1708 5019 1819 5060 secum

95 5108 208 5179 debuit,
225 5109 342 5180 quando
357 5106 485 5161 Thamar
513 5105 629 5160 sororis
652 5120 716 5159 suae
744 5102 932 5158 dilectionem
982 5100 1051 5154 dum
1068 5097 1199 5153 debitum
1214 5095 1361 5164 incientis,
1378 5098 1424 5150 est
1438 5094 1604 5166 potestatis.
1627 5092 1754 5150 laeticia
1767 5108 1820 5149 se·

93 5212 192 5268 nsque
207 5195 243 5251 ad
255 5197 354 5251 carnis
370 5195 523 5251 libidinem
539 5193 682 5248 relaxavit
705 5191 750 5262 (11
760 5192 834 5264 Rea.
856 5191 931 5259 xant).
984 5188 1113 5243 cundum
1130 5185 1265 5241 meritum
1280 5184 1429 5254 patientis,
1444 5186 1492 5238 est
1515 5183 1673 5254 equitatis.
1699 5181 1820 5238 luadtia

244 5285 306 5340 Tm.
323 5284 383 5338 LV.
393 5284 438 5339 De
457 5284 551 5339 variis
569 5283 626 5338 viis
640 5281 778 5336 bominis.
982 5275 1137 5346 potestatis
1153 5276 1209 5341 eet,
1225 5272 1364 5345 quantae
1389 5269 1535 5343 injustitia
1553 5271 1623 5327 licet
1642 5270 1776 5339 facienti,
1791 5268 1820 5324 si

131 5374 186 5428 Via
200 5374 268 5429 vitae
281 5373 450 5428 mandatum
459 5371 594 5443 justitiae.
607 5367 932 5438 Primuliominiaperte
981 5365 1062 5434 velit,
1078 5363 1158 5436 quod
1168 5361 1237 5434 ejus
1245 5360 1385 5433 potestati
1393 5359 1654 5415 debetur.luetitia
1670 5356 1820 5428 conlutis

93 5461 150 5520 luit
164 5465 210 5518 via
226 5464 262 5520 ad
278 5462 368 5516 vitam
383 5461 486 5517 brevis
510 5463 539 5516 et
552 5459 640 5515 levis.
657 5458 743 5513 Nunc
767 5459 864 5514 autem
889 5469 935 5510 ra·
982 5456 1038 5524 est,
1068 5469 1126 5525 qua
1151 5451 1323 5507 retribuitur
1351 5448 1481 5520 patienti,
1511 5445 1726 5513 etiamsinolit,
1740 5443 1820 5516 quod

98 5727 104 5737 Ι
131 5654 200 5780 (ἐξ).
215 5654 256 5781 [ἰθ
272 5652 476 5708 misericordia
491 5654 520 5706 et
533 5649 656 5705 veritate
670 5647 818 5723 quomodo
835 5645 910 5701 inter
927 5660 961 5701 se
976 5642 1179 5718 disceptarint,
1195 5641 1358 5717 vide-circa
1372 5640 1560 5718 principium,
1571 5639 1649 5719 inter
1657 5635 1819 5712 Exegetica

97 5743 127 5782 ιιι
177 5741 222 5796 rip
236 5740 320 5781 uram
336 5739 462 5781 sacram.
