3796 6022
534 258 849 327 Mtsonnnanna.
873 296 912 310 -
933 262 1014 327 als.
1037 262 1064 327 1.
1597 269 1661 339 510

66 458 151 515 xlv,
167 460 213 515 De
224 477 330 535 magna
337 462 507 533 peccatoris
516 462 728 533 respiratione,
741 466 772 517 ct
786 439 815 507 Α
829 469 920 520 osset.
936 465 1020 531 Quod
1036 469 1133 523 autem
1144 468 1328 541 subjunxisti
1338 470 1424 526 malle
1434 474 1462 528 te
1477 472 1535 528 alio
1550 489 1661 546 genere

66 547 180 603 biorom
195 549 276 604 circa
292 551 503 606 conscientiam
518 550 680 607 decisione.
829 553 963 627 fatigari,
988 555 1039 611 ubi
1063 557 1147 614 labor
1170 562 1268 628 esset,
1292 559 1346 615 sed
1370 561 1535 630 periculum
1549 566 1662 620 tantum

827 658 886 700 non
910 648 1009 701 esset:
1030 646 1067 700 nd
1091 647 1148 703 hoc
1173 648 1309 703 similiter
1328 651 1495 721 respondeo
1516 654 1611 724 quod,
1636 656 1662 709 si

827 732 906 788 nulla
925 733 1079 791 delectatio
1101 741 1183 792 esset
1207 738 1236 792 in
1261 738 1454 811 cogitatione,
1476 741 1577 796 nullus
1597 759 1662 798 om-

826 823 896 879 nino
919 824 1003 882 labor
1026 830 1108 881 esset
1130 827 1159 881 in
1183 829 1431 900 contradictione,
1456 832 1525 904 quia
1544 835 1662 891 animus

826 929 913 969 omne
934 915 1014 987 quod
1036 931 1095 970 non
1119 915 1295 988 delectaret,
1322 918 1408 975 facilc
1431 921 1583 978 manaret.
1606 924 1662 980 Hic

65 1049 246 1105 assidemus
277 1050 382 1106 Jtrstus
411 1056 458 1106 est
487 1051 587 1121 dolor,
619 1052 646 1107 si
674 1055 770 1108 tamen
826 1019 897 1059 vm
912 1002 1057 1059 'mres‘
1071 1020 1138 1060 Μ
1154 1021 1189 1060 ⁰⁰
1208 1023 1342 1079 pugnam
1363 1010 1443 1080 ΨΜ
1467 1010 1578 1081 9¹⁸⁰⁰¹2
1604 1014 1661 1070 ¹¹⁰⁰

258 1138 312 1152 ..
417 1140 423 1152 .
480 1141 486 1153 .
565 1141 571 1153 .
675 1143 680 1154 ,
825 1095 983 1148 estamare
998 1093 1109 1164 pariter
1123 1098 1152 1149 at
1167 1094 1344 1166 improbare.
1361 1097 1432 1164 Quae
1447 1101 1544 1157 umen
1560 1101 1659 1158 delec-

65 1154 120 1193 Μ
141 1142 195 1194 ‘³⁸²'
219 1139 361 1212 hunnum
385 1140 600 1196 m¹⁸⁰r¹⁰⁰¹⁸d¹ae
625 1140 768 1234 rao¹¹¹¹¹¹⁸t
824 1182 910 1251 tatio,
934 1181 959 1237 si
983 1182 1100 1238 lirnium
1129 1185 1176 1238 est
1197 1182 1286 1239 a'nimi
1311 1188 1496 1258 propositum
1518 1191 1548 1245 in
1570 1193 1659 1263 bono,

64 1226 220 1299 alicunque
240 1228 361 1284 miseria
382 1232 484 1284 nostra
508 1244 546 1285 ex
566 1230 630 1301 ipsa
651 1232 769 1287 miseri·
935 1271 944 1325 ,
1164 1264 1178 1327 2,
1257 1274 1275 1328 d
1316 1276 1334 1329 ,.
1428 1279 1472 1332 „
1589 1281 1638 1293 ..

65 1314 268 1387 desperamus.
298 1315 421 1383 Quando
451 1334 558 1390 peccas
608 1319 687 1374 tollis
716 1321 769 1375 tibi
824 1286 996 1327 nmmum
1011 1288 1070 1372 Ψ
1090 1288 1194 1344 ‘¹⁰⁰⁶’
1221 1289 1255 1375 ⁸.⁰
1297 1291 1384 1377 ΜΨ
1399 1282 1530 1348 P¹⁰‘⁰⁸l‚
1547 1297 1615 1352 ΨΜ
1631 1300 1661 1337 ¹¹¹

65 1420 93 1460 m
106 1410 205 1460 tuum·
245 1406 340 1462 mdo
356 1423 427 1462 vem
447 1408 535 1464 „mes
571 1362 610 1464 'ne
627 1407 701 1463 ,me
716 1408 770 1463 „bi
824 1375 859 1415 eo
882 1361 961 1432 quod
984 1365 1173 1417 resistentem
1197 1362 1313 1435 fatigat,
1337 1370 1504 1422 vincentem
1526 1374 1658 1427 coronat.

143 1422 243 1550 ,D'q
311 1445 391 1551 ,ons
422 1497 461 1551 .„.
488 1451 648 1552 bomem
672 1513 755 1552 suam
823 1448 907 1515 Quod
922 1453 1018 1506 nutem
1039 1452 1203 1506 novissime
1225 1452 1365 1509 addidisti
1387 1455 1423 1509 de
1446 1457 1576 1513 motibus
1590 1475 1659 1530 per-

65 1509 184 1640 ¹⁰:¹⁰st
205 1511 346 1641 ,fflsk'litas
365 1514 463 1641 ’Ἀεὶ
478 1586 586 1658 impius
613 1538 767 1641 effeceris·
823 1538 1015 1610 turbationis,
1044 1541 1095 1611 qui
1125 1557 1350 1614 nonnunquam,
1376 1545 1587 1603 occasionibus
1612 1549 1659 1602 in-

65 1623 109 1729 ,m
134 1602 178 1727 ΐῃί
200 1602 288 1731 unge
317 1628 356 1729 a„
378 1674 427 1730 uid
450 1675 550 1730 minus
575 1675 709 1730 senseris
732 1629 768 1729 dg
824 1628 1028 1705 currentibus,
1054 1630 1184 1700 quietem
1208 1632 1315 1686 mentis
1346 1633 1533 1704 concutiunt,
1559 1637 1660 1692 verbis

116 1768 122 1781 ,
179 1691 197 1747 q
357 1691 375 1747 q
562 1770 568 1782 ,
741 1771 747 1782 ,
783 1716 990 1804 Bl'salmistae
998 1718 1369 1790 respondeo:1rasoimini,
1379 1727 1408 1776 et
1416 1721 1659 1796 nollitepocoare.

65 1771 193 1912 'multam'
219 1770 345 1914 Degtusd
354 1785 427 1914 ergg
453 1771 657 1913 ⁰⁰¹¹s¹¹⁸l¹⁰¹3⁰m
674 1771 767 1914 ,¹:53⁸
826 1803 895 1870 Quae
903 1805 1007 1862 dicitis
1014 1807 1045 1862 in
1054 1808 1196 1865 cordibus
1209 1809 1332 1881 restris,
1344 1810 1374 1864 in
1386 1810 1534 1867 cubilibus
1547 1815 1661 1869 restris

65 1872 392 2004 Ιῗδῖἰὶἶΐὲῗὲῃξῧηΐῶ
426 1876 713 2004 Ἓῑᾶῗᾶξῃᾝωέἰᾛ
734 1875 766 2003 r:
823 1895 1052 1967 compuoqimini
1069 1897 1164 1963 (Psoi.
1186 1898 1236 1967 ru).
1253 1897 1284 1954 Si
1304 1898 1348 1953 ira
1366 1899 1446 1954 venit
1465 1901 1502 1955 ad
1517 1901 1657 1972 animum,

65 2035 149 2091 nobis
182 2037 356 2093 sufficerem
395 1966 432 2004 ¹¹⁸
463 2039 483 2093 t,
574 2037 644 2092 d,
695 1964 766 2092 ¹³⁴³„
821 1985 1037 2054 nonprooedat
1057 1985 1134 2040 actio
1158 1986 1195 2040 ad
1218 1990 1391 2058 peccatum,
1417 1992 1446 2043 et
1468 2005 1507 2044 ex
1527 1993 1658 2062 eoquod

155 2125 161 2137 ,
286 2127 293 2139 ‚
368 2054 461 2111 ’3η
476 2055 503 2139 Ψ
532 2056 580 2110 ‘¹¹¹¹
642 2054 760 2141 '¹⁰2⁰ffl·
821 2071 901 2127 intus
916 2088 1001 2129 mens
1016 2089 1069 2144 per
1083 2074 1156 2129 iram
1170 2075 1314 2144 turbatur,
1331 2077 1513 2132 conscientia
1527 2094 1581 2149 por
1596 2096 1657 2150 pre·

64 2140 90 2179 ³⁰
115 2141 192 2180 emm
218 2129 312 2198 ΨΜ
340 2144 511 2183 ”mmm
542 2131 606 2195 ⁰⁸¹¹
636 2145 705 2201 ΨΜ
729 2144 766 2184 ⁰³
821 2160 971 2217 nitentiam
988 2168 1212 2234 compungatur,
1236 2164 1299 2220 Hoc
1323 2167 1369 2220 est
1388 2165 1466 2220 enim
1481 2168 1655 2238 remedium,

820 2253 852 2305 ut
866 2251 893 2305 ai
909 2252 1023 2307 venerit
1038 2252 1179 2321 turbatio,
1200 2256 1229 2307 et
1249 2253 1424 2309 cohibeatur
1438 2270 1475 2310 ne
1490 2261 1656 2324 excrescat,

122 2393 128 2405 ,
525 2397 531 2408 ,
638 2397 644 2409 ,
741 2397 746 2408 ,
820 2342 849 2394 et
868 2344 1084 2412 compungatur
1105 2345 1137 2395 ut
1150 2339 1291 2412 {desinat,
1315 2346 1345 2399 et
1369 2341 1419 2399 lant
1440 2345 1519 2416 quod
1532 2345 1656 2413 dicitur,

65 2406 248 2464 “mmmm
274 2395 321 2450 vel
343 2410 498 2466 ⁸p⁰r⁰m¹¹⁸
523 2413 553 2450 ¹¹¹
576 2396 705 2452 ¹³⁰¹¹¹¹⁸¹⁰
720 2396 765 2451 ‘¹¹'
827 2427 973 2485 Turbatus
986 2446 1050 2485 sum
1070 2435 1100 2485 ct
1121 2447 1178 2486 non
1199 2448 1262 2486 sura
1286 2431 1400 2488 locutus
1423 2433 1519 2500 (Psal.
1546 2434 1657 2504 cxxvi).

64 2481 149 2538 ⁰¹¹¹d⁰
177 2486 263 2538 emm
283 2484 354 2585 ‚¹¹⁰⁰
383 2500 510 2586 amman}
539 2488 618 2541 ¹¹¹⁸m
646 2502 765 2540 mmm
821 2517 889 2572 Non
903 2520 949 2573 est
964 2518 1070 2574 mirum
1086 2519 1111 2574 si
1127 2519 1261 2575 turbatur
1275 2520 1373 2590 homo,
1390 2522 1459 2594 quia
1480 2523 1568 2579 homo
1591 2526 1656 2591 est3

73 2570 151 2643 quod
173 2576 388 2643 praeterrtorum
405 2590 632 2630 commissorum
648 2579 765 2630 tuorum

64 2675 102 2715 un
125 2663 291 2718 succedens
312 2663 422 2719 oblivio
447 2664 477 2719 in
503 2665 601 2719 multis
617 2663 763 2733 confudit,

76 2751 178 2821 possis
208 2752 285 2806 sicut
312 2752 435 2825 dignum
465 2753 573 2823 iuerat,
604 2768 706 2808 eorum
734 2753 764 2807 in

66 693 162 748 entem
178 692 284 748 doctus
304 694 482 766 interrogas.
502 692 618 760 Quaeris
633 696 704 766 quid
719 694 771 750 tibi

65 796 105 837 rm
129 783 167 836 sit
193 799 246 852 pro
270 799 306 838 eo
331 783 410 855 quod
434 784 464 838 in
488 783 590 839 habitu
615 783 770 856 religionis

80 886 171 943 opera
193 871 282 944 digna
307 872 495 943 professione
520 877 568 928 tua
590 888 649 928 non
664 872 768 929 babes.

65 960 196 1033 quidem,
221 960 412 1031 charissime,
429 962 549 1017 noveris
566 960 771 1033 imperfectum

64 2229 92 2270 ro
112 2230 170 2268 non
191 2213 373 2285 justificatur
396 2216 484 2272 homo
505 2233 605 2272 coram
621 2216 681 2273 illo.
698 2217 765 2275 Non

64 2302 94 2357 ic·
112 2304 264 2359 doleamus
289 2305 325 2361 de
348 2304 570 2377 imperfectione
595 2311 712 2376 nostra,
735 2310 767 2362 ut

821 2605 874 2659 sod
889 2605 917 2660 si
932 2606 1129 2663 turbationem
1151 2625 1236 2663 suam
1260 2626 1319 2666 non
1341 2610 1522 2680 moderatur,
1538 2612 1595 2668 hoc
1610 2617 1656 2668 est

822 2694 938 2763 mirum,
955 2695 1023 2766 quia
1038 2696 1192 2752 rationalis
1212 2701 1268 2752 est.
1294 2698 1453 2770 Propterea
1468 2700 1495 2755 si
1511 2701 1654 2758 turbatur.

164 2840 170 2851 .
609 2844 615 2855 ‚
641 2842 647 2854 ,
687 2842 693 2854 ,
820 2784 1041 2857 conloquatur,
1067 2785 1163 2841 frenet
1187 2786 1334 2859 linguam,
1360 2788 1476 2844 claudat
1497 2791 1656 2846 conscicn-

64 2837 225 2895 ⁰ff⁹nd¹⁸⁸⁹
250 2841 342 2896 Deum
367 2845 395 2896 ¹⁰
420 2842 518 2909 d⁰¹⁰⁸‘
545 2858 705 2898 mmmmm·
729 2842 765 2897 Et
819 2872 904 2942 tiam,
921 2877 954 2928 ut
976 2874 1055 2946 quod
1080 2875 1159 2930 intus
1185 2878 1281 2931 ortum
1303 2879 1350 2931 est
1372 2893 1425 2947 per
1447 2878 1655 2947 infirmitatem,

64 2926 142 3030 idm}
175 2933 254 2985 ΜΟ
288 2932 384 3032 massffs
419 2931 470 2987 fibi
504 2932 576 2987 Μ
605 2933 762 3002 suspffita’
821 2960 895 3017 ioris
919 2978 973 3033 per
1000 2964 1211 3019 discretionem
1239 2964 1422 3035 cohibeatur,
1454 2967 1548 3024 donec
1577 2968 1657 3025 intus

64 3032 156 3092 magas
181 3020 295 3074 occulta
319 3024 460 3077 existunt.
487 3021 563 3075 Vera
587 3023 655 3075 sunt
678 3020 762 3091 baeo3
780 3046 1037 3125 effimingumn

74 3108 151 3180 quod
178 3110 338 3164 contradici
364 3110 470 3182 possit.
496 3111 528 3165 ln
553 3109 691 3165 omnibus
713 3109 762 3166 his
1602 3168 1606 3174 ,

63 3212 92 3251 m
113 3198 223 3269 mim,
243 3200 345 3271 homo,
371 3203 399 3255 ,1
423 3199 559 3271 θυώδεα
580 3198 708 3270 judicio,
736 3200 762 3254 si
838 3176 900 3231 Τιτ.
919 3176 1039 3233 LXXV.
1057 3178 1138 3243 Quod
1153 3195 1239 3233 sacra
1254 3179 1413 3269 Scriptura
1428 3181 1470 3235 sit
1484 3181 1636 3237 cathedra.

64 3285 132 3342 adia
163 3287 309 3360 justitiam
343 3305 401 3344 non
431 3289 564 3363 mitiget,
595 3289 647 3344 sed
682 3289 762 3344 Dens
856 3284 1000 3340 Catbedra
1022 3286 1153 3341 doctoris
1175 3303 1260 3341 sarra
1285 3286 1438 3359 Scriptura
1461 3293 1521 3357 est,
1546 3290 1578 3346 in
1597 3307 1654 3363 qua

64 3374 226 3433 nisericors
251 3382 313 3447 est,
339 3383 367 3435 et
391 3380 484 3451 parcit
508 3380 709 3451 supplicibus,
735 3381 764 3434 et
819 3374 933 3447 jugiter
945 3374 1054 3446 populo
1069 3375 1230 3445 praesidere
1242 3376 1338 3445 debet,
1350 3381 1379 3432 et
1388 3393 1442 3449 per
1452 3379 1654 3435 auctoritatem

64 3481 233 3539 ununquam
249 3470 435 3541 derelinquit.
451 3470 557 3541 blagna
569 3469 687 3540 quidem
702 3467 763 3522 cul·
821 3464 1048 3536 preceptionis,
1078 3468 1106 3519 et
1134 3481 1187 3535 per
1214 3466 1382 3537 exemplum
1405 3468 1653 3525 conversationis.

66 3559 219 3625 peccatum
240 3574 298 3612 non
318 3575 424 3614 carcre
444 3558 592 3613 antecessit
612 3558 671 3611 alia
699 3557 762 3611 cut·
823 3553 975 3609 Posterior
1002 3569 1072 3624 pars
1096 3554 1244 3609 cathedrae
1269 3556 1475 3627 contemplatio
1500 3560 1563 3628 cst,
1587 3575 1654 3630 quae

63 3646 170 3714 patrata
194 3647 313 3714 malitia,
338 3649 502 3719 pericolum
526 3663 583 3703 non
609 3648 721 3714 timere,
735 3647 763 3700 et
822 3642 891 3698 latet
904 3641 934 3697 in
949 3641 1145 3708 abscondit03
1161 3643 1291 3699 anterior
1304 3660 1374 3716 pars
1390 3646 1572 3716 predicatio,
1589 3664 1656 3719 quae

89 3735 193 3790 oculos
224 3753 260 3792 ne
288 3738 396 3792 molum
429 3753 515 3791 suum
544 3738 642 3792 videat
673 3735 761 3792 bomo
821 3730 1496 3806 proponiturinmanilesto.linopistilliaane
1512 3735 1654 3806 inposte-

63 3838 75 3879 ι
96 3822 241 3897 intelligat
265 3826 334 3898 qnid
358 3827 493 3898 patiatur.
520 3827 555 3881 Et
578 3830 674 3881 mmcn
694 3828 762 3897 post
821 3821 892 3878 riori
915 3824 997 3892 parte
1024 3820 1205 3886 consistunt,
1231 3821 1319 3877 timor
1343 3825 1390 3878 est
1413 3826 1442 3879 et
1464 3840 1557 3893 amor,
1574 3825 1652 3897 quia,

63 3912 106 3967 aia
128 3914 224 3969 adhuc
249 3915 321 3969 vivit
344 3916 550 3971 misericordia
573 3919 696 3985 aeterna,
715 3914 761 3970 oui
821 3910 966 3981 damper
989 3911 1265 3981 contemplationem
1288 3912 1395 3967 mentis
1419 3912 1455 3967 ad
1475 3912 1654 3970 ineffabilem

63 4003 153 4058 ravit:
175 4003 223 4058 Ab
247 4005 369 4059 occultis
391 4005 467 4061 mois
486 4004 592 4060 rounda
608 4022 663 4069 ine,
681 4010 710 4059 ct
725 4003 761 4058 ab
821 3999 874 4055 Dei
890 3999 1075 4073 maiestatem
1094 3999 1287 4072 respicimus,
1310 4001 1399 4057 timor
1417 4002 1569 4074 nascitur,
1585 4004 1655 4061 dum

63 4107 144 4147 carce
165 4109 256 4147 serra
281 4100 328 4147 tuo
352 4093 448 4161 (Psoi.
476 4093 570 4166 xvrn).
587 4093 621 4148 Et
645 4094 760 4147 iterum.
820 4106 892 4145 vero
906 4089 1133 4145 inenarrabilem
1155 4090 1315 4145 bonitatem
1335 4089 1402 4164 ejus
1418 4089 1653 4164 consideramus,

63 4178 88 4234 ei
101 4197 220 4253 srrrrprr
234 4183 272 4236 ad
286 4182 448 4248 Ilonrr'num,
462 4183 596 4255 quoniam
607 4183 672 4254 ipse
683 4180 762 4236 ercl-
820 4195 904 4235 amor
926 4183 1102 4251 generatur:
1128 4183 1156 4234 et
1180 4179 1318 4235 subsistit
1343 4180 1550 4252 contemplatio
1572 4182 1602 4236 in
1618 4182 1655 4238 iis

65 4284 139 4343 queo
157 4271 252 4342 prades
276 4288 356 4325 moos
377 4272 474 4338 (Psoi.
492 4272 584 4341 xxiv).
602 4271 761 4341 Propterea
821 4282 888 4338 quoe
902 4266 990 4339 quasi
1002 4270 1081 4327 retro
1098 4270 1167 4324 sunt
1181 4271 1210 4323 et
1224 4268 1318 4325 videm'
1333 4285 1392 4325 non
1407 4274 1543 4340 possunt,
1555 4272 1654 4327 timori

77 4359 219 4430 respicio,
242 4362 292 4433 qui
316 4362 393 4417 videt
416 4362 493 4434 quod
515 4377 571 4433 ogo
586 4359 687 4415 vidore
703 4374 761 4414 non
821 4355 921 4411 innixa
944 4358 974 4412 et
997 4357 1098 4413 amori.
1123 4357 1231 4413 Postea
1256 4374 1293 4413 ex
1319 4358 1366 4413 his
1391 4358 1509 4415 duobus
1528 4377 1595 4432 quar
1623 4362 1654 4417 in
1750 4415 1754 4423 ,

63 4488 69 4513 ,
85 4451 116 4502 ut
131 4449 250 4504 mundet
264 4467 310 4506 me
326 4453 411 4507 etiam
426 4452 462 4505 ab
479 4450 526 4504 his
543 4449 694 4519 sordibus,
712 4447 762 4503 ubi
776 4426 807 4493 D
820 4446 936 4501 occuito
950 4446 1206 4518 contemplationis
1222 4452 1301 4518 sunt,
1318 4447 1376 4503 duo
1391 4447 1447 4502 alia
1462 4448 1499 4502 ad
1514 4450 1655 4505 muniiss-

63 4536 177 4593 culatns
198 4555 252 4610 per
274 4542 403 4610 culpam,
429 4556 483 4595 nec
508 4538 690 4594 illuminatus
710 4553 763 4609 per
819 4538 881 4590 tum
910 4535 1129 4606 predicationis
1158 4538 1335 4609 procedunt,
1365 4540 1462 4593 terror
1486 4537 1603 4592 scilicet
1626 4541 1655 4593 et

63 4640 91 4679 n.
126 4626 186 4696 Ipsi
220 4628 298 4682 onim
330 4628 473 4683 conssteor
501 4628 618 4699 culpam
646 4643 759 4691 meam,
819 4624 1061 4692 blandimentum,
1078 4627 1164 4699 quasi
1181 4627 1239 4681 duo
1260 4626 1381 4697 pistillin
1395 4626 1573 4681 anteriorem
1588 4642 1655 4697 par-

63 4730 99 4769 un
113 4715 183 4787 quia
202 4717 309 4771 malum
334 4715 405 4787 ieci,
432 4719 485 4772 sed
510 4718 579 4789 quia
598 4717 684 4772 eliam
700 4730 762 4769 ma·
819 4718 876 4770 tem
892 4714 1040 4771 cathedrae
1051 4715 1156 4786 typicae
1166 4714 1321 4785 portantia,
1331 4718 1363 4769 ut
1373 4714 1489 4769 scilicet
1499 4728 1537 4769 ex
1547 4714 1653 4772 timore

63 4816 101 4857 rm
116 4803 247 4875 cogitare
266 4807 294 4857 rt
319 4821 504 4877 cognoscere
519 4805 648 4878 neglexi.
668 4804 761 4874 Prop-
818 4806 915 4858 terror
929 4804 1060 4877 prodeat,
1076 4806 1105 4857 et
1126 4818 1165 4857 ex
1186 4818 1286 4858 amore
1300 4801 1532 4858 blandimentum
1546 4819 1654 4875 proce·

72 4888 155 4945 illum
168 4891 289 4961 intendo
301 4893 536 4948 miscricordiam
547 4893 720 4965 implorans,
732 4896 763 4948 ut
819 4891 876 4947 dat.
894 4892 929 4946 Et
943 4893 974 4947 in
989 4890 1110 4948 sinistra
1133 4891 1251 4964 quidem
1275 4894 1357 4963 parte
1381 4890 1469 4947 timor
1490 4893 1652 4964 posterius,

62 4978 147 5033 atatis
163 4996 225 5033 sua·
239 4985 332 5053 tergat
344 4981 474 5037 maculas
486 4982 661 5055 ignorantia·
673 4997 762 5048 meae3
818 4982 847 5036 et
874 4984 970 5037 tenor
997 4984 1064 5036 anm
1094 4979 1291 5048 constituitur,
1321 4982 1353 5034 ut
1381 4980 1411 5035 in
1439 4980 1543 5037 dextra
1570 4999 1654 5040 amor

66 5066 196 5140 iignoro
212 5069 279 5140 quid
299 5069 365 5138 ieci,
382 5085 440 5124 non
455 5073 552 5126 tamen
564 5070 668 5144 ignoro
684 5069 762 5143 quod
818 5073 908 5139 retro,
929 5072 957 5125 et
980 5067 1211 5124 blandimentum
1236 5071 1494 5140 anteproponatur.
1519 5071 1604 5129 Unde
1625 5077 1654 5129 et

63 5154 92 5210 ei.
115 5156 198 5220 Quod
221 5162 324 5228 postca
350 5159 466 5228 dixisti,
493 5175 574 5232 saepo
597 5162 625 5214 tc
648 5158 761 5229 cogita·
818 5173 852 5213 ea
876 5173 943 5229 quae
968 5160 1131 5213 retrorsum
1154 5157 1338 5229 consistunt,
1363 5157 1485 5230 pistillia
1509 5160 1539 5216 in
1563 5162 1653 5218 altum

72 5244 251 5315 quibusdam
268 5248 484 5317 preteritorum
500 5247 643 5302 malorum
657 5262 710 5317 por
724 5246 761 5300 il·
817 5246 1009 5320 porriguntur
1023 5246 1185 5316 anteriora,
1211 5247 1296 5319 quasi
1318 5247 1447 5321 genibus
1468 5252 1650 5321 coaptantur,

62 5333 204 5405 juamdam
213 5335 437 5391 delectationem
449 5337 478 5392 in
489 5336 587 5391 animo
598 5350 760 5390 ronascen-
817 5335 885 5409 quia
904 5335 992 5392 timor
1013 5339 1042 5389 et
1063 5350 1147 5391 amor
1164 5352 1219 5408 per
1233 5336 1509 5410 contemplationem
1524 5336 1650 5408 amplius

62 5422 196 5492 rturbari,
214 5428 300 5496 atque
321 5441 358 5479 ex
381 5427 438 5481 hoc
457 5426 614 5480 admodum
631 5424 760 5479 contris-
815 5424 846 5479 iu
861 5427 985 5497 utruque
1000 5426 1082 5496 parte
1104 5424 1293 5497 concipiunt,
1317 5429 1415 5482 terror
1435 5440 1508 5480 vero
1522 5427 1551 5480 et
1563 5424 1649 5481 bian-

62 5514 162 5582 pterea
177 5514 255 5584 quod
268 5530 477 5584 nonnunquam
490 5514 576 5568 etiam
587 5513 616 5566 in
628 5515 759 5582 tompore
816 5512 977 5568 dimentum
991 5514 1023 5568 in
1038 5513 1258 5585 predicatione,
1275 5530 1334 5570 non
1349 5517 1491 5586 quantum
1506 5515 1552 5566 est
1567 5528 1649 5569 sem·

62 5617 67 5652 ι
83 5600 131 5655 bis
146 5603 258 5673 pulsari
273 5603 372 5675 soleas
389 5606 416 5657 ct
430 5603 542 5657 vexari.
561 5601 697 5657 Breviter
712 5617 758 5657 re-
815 5618 878 5674 per,
895 5601 947 5658 sed
962 5606 1104 5675 quantum
1126 5602 1246 5674 expedit
1259 5602 1438 5673 proterendo
1451 5600 1605 5672 parvulis:
1621 5610 1649 5658 et

73 5690 168 5762 quod,
192 5691 219 5744 si
237 5707 337 5762 pugna
352 5706 410 5747 non
426 5694 522 5761 esset,
538 5690 661 5746 victoria
679 5690 758 5746 nulla
814 5691 969 5763 quiadhuc
979 5692 1065 5764 qnasi
1077 5691 1206 5764 genibus
1216 5689 1670 5756 ractaaasmuamaaaex,
