3796 6022
135 242 194 306 cas
519 238 739 305 areanum
759 240 817 303 nn
840 233 1031 304 nneoms
1054 236 1198 303 ornan
1221 186 1487 304 nosnnncn.

1801 230 1861 303 356

134 444 239 513 cando,
249 444 421 514 naartprium
430 442 567 496 declarat.
578 441 878 511 Crucempraecedcre
891 441 968 495 bunc
984 422 1012 485 Α
1027 440 1115 496 babet
1129 458 1232 497 verum
1242 447 1270 497 et
1285 443 1385 514 regale
1394 441 1593 496 sacerdotium
1620 440 1695 495 intra
1718 441 1858 511 templum

133 533 180 587 vel
209 532 290 586 illam
306 532 454 603 significat
475 532 502 584 ei
519 531 780 601 magiseonvcnire
790 530 861 584 illud
875 530 970 585 :tlibi
1026 530 1165 601 Deiquod
1182 531 1246 601 ipse
1263 534 1317 585 est.

133 629 229 678 autem
237 620 314 676 nbsit
320 619 448 691 gloriari
455 619 515 672 nisi
523 619 553 670 in
561 635 648 672 cruce
654 619 772 672 Domini
779 619 876 674 nostri
882 619 970 674 Jossn
1062 619 1249 673 Manifestum
1260 624 1306 674 cst
1317 635 1389 691 ergo
1398 620 1477 690 quod
1494 619 1733 690 significatasine
1742 620 1857 691 signiti-

136 710 252 766 Christi
266 708 345 779 (Gal.
362 709 412 775 vr).
434 708 567 761 Tonsura
589 707 762 777 capillorum
787 709 816 761 in
840 708 967 777 clericis,
1026 708 1172 776 cantibuS,
1190 709 1217 762 id
1229 708 1858 763 estvirtutessineextcrioribussacramen·

134 801 220 855 docet
250 798 346 852 omnia
375 797 610 866 saperlluaesse
637 798 809 865 resecanda,
822 800 852 850 ut
876 796 969 852 libere
1024 798 1062 850 tis
1079 798 1255 868 ‹luandcquc
1266 797 1702 868 justitlcant3haecaulcmsine
1716 797 1857 852 illisnibil

132 889 250 959 possint
265 886 366 940 andire
378 885 512 939 etvidere
527 885 624 957 legem
632 885 816 940 Dei.Ccr0na
825 888 969 941 monebat
1024 886 1142 956 penitas
1158 891 1291 956 prosunt,
1312 886 1370 940 imo
1394 890 1531 957 arguunt.
1553 885 1645 940 Simul
1658 902 1729 941 vero
1754 886 1857 957 juncta

133 976 260 1031 clericos
276 974 525 1045 specialiteresse
543 990 668 1045 regnum
685 974 747 1028 Dei.
764 974 846 1038 Quod
864 991 968 1028 manus
1024 975 1121 1046 majus
1137 975 1246 1030 bonum
1262 975 1397 1030 conterre
1408 975 1553 1042 videntur,
1571 975 1640 1045 quia
1654 975 1723 1029 dum
1747 976 1856 1045 aliquid

133 1063 561 1134 sacerdotumnnganturoleO,
575 1063 724 1135 significat
735 1078 788 1116 eos
800 1063 969 1132 babereper
1022 1064 1112 1118 alicui
1123 1065 1250 1133 additur,
1267 1068 1358 1118 tatum
1373 1063 1470 1134 majus
1485 1064 1622 1118 eflicitur.
1644 1063 1702 1117 Sed
1724 1065 1856 1135 nunquid

132 1154 273 1225 Spiritum
298 1156 434 1206 sanctum
448 1153 585 1205 virtutem
601 1152 808 1221 consecrandi,
833 1155 861 1206 et
889 1153 967 1224 quod
1023 1153 1088 1206 ideo
1101 1153 1196 1223 magis
1211 1153 1322 1221 bonan,
1340 1169 1406 1207 eum
1418 1168 1476 1206 non
1492 1155 1638 1223 utrunque
1654 1152 1783 1205 divisum
1803 1154 1856 1206 bo-

133 1260 238 1297 manns
250 1242 358 1296 debent
378 1256 447 1294 esse
458 1240 649 1311 porrigibiles
664 1241 701 1294 ad
717 1241 913 1312 largiendum,
940 1245 968 1295 ct
1023 1257 1092 1295 nuru
1102 1241 1140 1295 sit
1154 1242 1223 1295 tad
1246 1241 1331 1311 qnod
1351 1240 1477 1294 dicimus
1499 1240 1578 1310 quod
1593 1240 1703 1295 bonurn
1719 1240 1767 1309 sit,
1788 1241 1855 1295 licet

130 1329 705 1387 nonaridaeetcurvaeadrctinendum.
724 1329 967 1402 llaecigitursu-
1022 1346 1082 1383 uon
1111 1330 1249 1400 divisum,
1272 1335 1451 1384 tamencum
1479 1329 1566 1384 simul
1595 1319 1856 1400 sunt,'ntrumqne

129 1420 260 1492 predicta
275 1420 362 1490 signa
377 1434 436 1471 non
447 1421 516 1472 sunt
531 1418 604 1488 ipsse
616 1418 750 1487 virtutes,
763 1419 816 1473 sed
828 1420 967 1474 virtutum
1022 1418 1133 1472 bonnm
1144 1423 1199 1488 cst,
1218 1423 1245 1474 et
1262 1419 1327 1474 ideo
1338 1423 1431 1473 totum
1446 1417 1543 1488 majus
1559 1433 1629 1472 esse
1652 1418 1763 1473 bonum
1779 1422 1856 1489 patet

130 1508 270 1579 insignia,
280 1506 389 1577 quibus
400 1509 539 1577 tanquam
548 1506 686 1576 scipturis
696 1507 840 1561 docentur
851 1510 966 1562 utentes
1021 1511 1052 1561 ut
1063 1507 1093 1560 in
1104 1508 1238 1578 exemplo
1252 1507 1337 1563 brevi
1351 1508 1451 1576 claret,
1472 1508 1526 1562 sed
1550 1507 1681 1561 excelso.
1705 1507 1856 1579 Virginem

132 1597 236 1668 quales
252 1611 321 1650 esse
342 1595 477 1664 debeant,
502 1594 573 1650 Hace
589 1599 773 1649 sacramenta
803 1595 967 1668 intelligant
1022 1596 1144 1650 blariam
1155 1596 1347 1666 corporaliter
1361 1595 1511 1650 Christum
1526 1599 1791 1667 portaremagnnm
1805 1597 1856 1650 init

133 1685 246 1757 praelati
262 1683 405 1738 Ecclesiae
421 1683 471 1754 qui
487 1683 615 1754 capsarii
626 1687 731 1738 suntet
742 1683 965 1754 dispensatores
1022 1683 1161 1755 adjuncto
1179 1700 1288 1753 amore,
1314 1683 1393 1754 quod
1408 1700 1467 1738 non
1483 1687 1565 1738 esset
1592 1684 1721 1739 divisum
1738 1701 1745 1754 3
1769 1685 1856 1739 etiam

129 1778 313 1830 secretorum
329 1773 392 1827 Dei.
403 1772 541 1842 Alioquin
552 1772 621 1826 caeci
637 1778 704 1825 sunt
716 1779 745 1826 et
761 1773 851 1827 dnees
872 1790 966 1828 cacco·
1023 1771 1120 1843 majus
1136 1773 1190 1827 init
1205 1773 1284 1843 quod
1296 1772 1747 1842 perdilectionemspirituatiter
1757 1774 1855 1844 ipsum

129 1881 195 1920 rnrn
211 1862 330 1933 (llattlr.
347 1861 387 1932 v),
398 1876 479 1916 more
491 1860 653 1914 iudeorum
664 1866 815 1930 portantes
827 1864 968 1933 mysteria
1022 1861 1165 1931 portabat.
1183 1861 1241 1915 Sed
1256 1862 1323 1932 quia
1338 1865 1494 1932 utrumque
1511 1863 1615 1916 meruit
1631 1862 1740 1916 babere
1755 1863 1855 1932 simul,

129 1968 196 2024 quaa
209 1968 268 2006 non
282 1950 383 2006 vident
399 1949 638 2022 neeintellignnt,
658 1952 770 2004 tantum
794 1951 860 2005 inde
882 1951 969 2005 babi-
1023 1951 1291 2020 incomparabiliter
1307 1950 1378 2004 felix
1392 1951 1498 2005 meruit
1513 1951 1652 2020 existere,
1678 1953 1747 2022 qnia
1777 1968 1858 2021 saepe

128 2037 621 2113 turaqnantumcnpinntjumenta
645 2055 711 2109 quas
735 2042 850 2109 portant
875 2056 967 2110 panes
1021 2040 1181 2111 predonis
1205 2041 1336 2094 externis
1357 2040 1472 2094 collatis
1502 2040 1630 2094 claaritas
1659 2041 1739 2095 intus
1763 2058 1858 2113 magis

128 2131 165 2184 ad
177 2146 264 2185 nsum
278 2129 414 2183 aliorum.
431 2127 497 2181 Nisi
509 2128 538 2181 in
553 2127 609 2181 hoc
625 2126 964 2196 sitditlcrcntia,ulvero
1023 2129 1197 2183 flammescit
1218 2131 1246 2181 et
1269 2129 1404 2182 meritum
1427 2129 1545 2182 crescit.
1572 2129 1626 2182 Hic
1643 2129 1668 2182 si
1698 2131 1766 2200 quis
1794 2131 1858 2183 alica

128 2220 268 2292 estquod
285 2217 905 2288 ipsiquibustantacommrssasuntmerito
915 2233 968 2288 pro
1023 2218 1102 2289 qnod
1119 2217 1182 2271 sola
1198 2217 1326 2271 ebaritas
1342 2221 1388 2271 est
1398 2218 1494 2272 solum
1516 2218 1744 2288 remunerabile,
1756 2235 1858 2273 verum

128 2306 320 2379 negligentiis
337 2307 481 2359 rationem
498 2304 641 2358 reddituri
656 2308 725 2358 sunt
740 2305 770 2358 in
795 2305 841 2360 die
866 2306 919 2360 irae
940 2308 968 2360 et
1025 2307 1144 2379 quidem
1159 2309 1205 2362 est
1216 2307 1242 2360 si
1254 2307 1291 2360 ita
1306 2306 1450 2378 intelligat
1464 2307 1543 2378 quod
1560 2307 1633 2360 selon
1648 2323 1707 2360 non
1723 2307 1858 2361 excludat

127 2396 276 2463 vindictae,
289 2393 406 2464 qnando
417 2392 586 2447 tremebunt
598 2393 678 2447 cedri
694 2393 835 2463 paradisi,
861 2395 968 2465 ecquid
1025 2395 1092 2464 alia,
1105 2393 1294 2448 sedaliornm
1310 2394 1558 2464 compassionem
1576 2396 1666 2465 tollat,
1685 2396 1730 2450 vel
1749 2397 1858 2450 nullam

128 2483 216 2538 iaciat
232 2482 348 2553 virgula
357 2481 467 2534 deserti
483 2482 497 2534 ‘t
510 2479 572 2534 Nec
583 2484 681 2535 tamen
695 2481 774 2535 Dens
784 2488 968 2537 sacramenta
1025 2483 1090 2537 sine
1108 2498 1142 2537 ea
1171 2488 1199 2535 et
1213 2483 1271 2537 nisi
1288 2487 1407 2554 propter
1426 2499 1491 2537 enm
1506 2485 1751 2539 remunerandam
1776 2501 1856 2555 sese,

127 2588 183 2628 ena
199 2571 247 2624 hic
269 2570 389 2638 descrit,
406 2569 459 2622 sed
475 2569 600 2639 complet
614 2584 648 2623 ea
668 2585 720 2640 per
733 2570 886 2624 ministros
902 2571 970 2625 licet
1025 2587 1091 2642 quae
1107 2575 1184 2625 tanta
1195 2576 1241 2624 est
1263 2573 1341 2642 quod
1357 2589 1501 2644 nunqnam
1518 2573 1631 2628 excidit
1651 2572 1679 2644 (I
1696 2574 1763 2628 Cor.
1784 2575 1846 2646 xm)

127 2662 280 2733 indignos,
298 2660 334 2714 ad
348 2660 585 2714 salntemcorum
602 2660 652 2730 qui
679 2659 840 2714 secundant
857 2677 967 2732 propo·
1025 2659 1092 2730 boc,
1105 2663 1151 2714 est
1166 2675 1220 2714 nec
1235 2660 1283 2714 hic
1304 2677 1358 2715 nec
1373 2662 1403 2715 in
1418 2662 1515 2715 sutura
1532 2663 1590 2715 vita
1606 2662 1698 2732 deest,
1715 2663 1769 2717 scd
1794 2664 1858 2717 sola

126 2751 216 2807 sitnm
235 2749 330 2804 vocati
339 2755 410 2802 sunt
425 2747 623 2817 sanetit‘ltorn.
634 2748 705 2818 vni).
718 2748 752 2802 Et
760 2749 876 2803 attende
888 2751 965 2821 quod
1023 2749 1164 2803 virtutum
1176 2754 1271 2803 nannet
1281 2750 1311 2803 in
1327 2754 1510 2820 perpetuum.
1528 2750 1607 2822 Ergo
1624 2751 1788 2806 secandum
1804 2769 1857 2806 su-

126 2856 194 2896 cum
209 2841 426 2894 sacramentum
438 2837 552 2890 dicatur
567 2837 715 2890 sacraerei
728 2838 848 2909 signum
859 2840 906 2893 vel
916 2856 966 2893 sa·
1023 2839 1154 2909 prodicta
1170 2839 1361 2909 probabiliter
1376 2839 1433 2892 ttici
1450 2841 1632 2910 potestqnad
1645 2840 1817 2896 multabona
1827 2841 1857 2895 in

127 2925 855 2997 crumsccretum,hicaccipimnssaeramentaprc
870 2928 966 2999 signis
1024 2927 1137 2981 sanctis
1162 2928 1241 2981 Deus
1263 2931 1433 2982 remunerat
1454 2931 1562 2997 praeter
1591 2929 1772 2999 charitatem,
1797 2946 1856 2985 non

125 3019 182 3084 Qui
196 3032 269 3090 ergo
279 3019 395 3087 portant
405 3017 600 3085 sacramenta,
613 3015 965 3088 debentlulgerevirtuti-
982 3042 1009 3106 ο
1024 3018 1109 3088 quasi
1124 3016 1188 3070 sine
1206 3017 1357 3086 charitate,
1375 3018 1429 3072 sed
1444 3017 1532 3072 multa
1548 3034 1614 3088 qnae
1630 3035 1689 3073 non
1710 3023 1779 3073 sunt
1807 3020 1856 3074 illa

124 3109 183 3165 bus
199 3124 265 3179 quae
279 3122 332 3177 per
346 3108 532 3160 sacramenta
548 3105 765 3176 significantur,
786 3109 816 3160 nt
841 3121 878 3160 cx
898 3106 964 3162 lnce

122 3197 256 3270 ipsorum
271 3197 373 3250 canteri
382 3195 518 3249 similiter
530 3195 744 3249 illuminentur.
755 3194 876 3249 Eisdem
886 3195 964 3250 eninr

122 3286 304 3357 supradictis
319 3285 480 3339 virtutibus
497 3300 553 3338 suo
563 3284 650 3339 modo
662 3284 775 3338 clarere
787 3285 895 3339 debent
907 3285 965 3339 sin-

123 3377 197 3448 guli,
215 3373 518 3444 licetllgnralitcrnan
528 3373 698 3428 sintomnes
707 3374 851 3447 insigniti.
865 3374 965 3428 Potest

125 3461 967 3534 enimquilibetinsespiritnaliterbaberecllectnmsacru-

126 3551 964 3622 mentor-umberbigratiaqnicunqueestdesorthcmini

124 3645 155 3697 nt
178 3656 246 3695 vore
272 3641 367 3710 possit
382 3640 499 3694 dicere:
530 3639 673 3695 Dominus
683 3657 757 3712 pars
772 3641 964 3697 baereditatis

124 3746 198 3786 ntem
211 3729 306 3801 (Psal.
339 3730 389 3797 xv)
407 3744 414 3796 3
431 3731 459 3782 et
470 3728 542 3782 illud
558 3728 668 3801 :iilcpi
684 3730 819 3801 abiectus
834 3746 902 3785 esse
930 3732 961 3784 in

125 3821 209 3878 dolero
219 3819 276 3874 Dei
290 3817 386 3889 (Iisal,
404 3818 527 3888 xxxam)
538 3834 545 3886 3
558 3818 750 3887 spiritualiter
758 3818 886 3873 clericus
902 3822 958 3890 esi,

123 3909 193 3964 licet
210 3908 356 3964 exteriore
373 3907 653 3976 sobornate,scilieet
682 3909 780 3979 signo,
802 3908 960 3963 clericatus

124 4014 184 4054 non
199 3997 238 4051 sit
252 3997 399 4068 signatus,
419 3996 565 4049 llocenim
576 4012 683 4050 nomen
698 3997 826 4051 clericus
838 3998 960 4053 sonatin

124 4087 239 4155 Gnaeo,
257 4086 335 4156 quod
351 4085 390 4139 sit
406 4085 441 4138 de
464 4090 545 4138 sorte
560 4085 687 4154 Domini,
712 4086 768 4141 hoc
796 4090 850 4155 est,
881 4088 960 4157 qnod

126 4175 270 4230 Dominus
285 4173 409 4228 sortitus
426 4176 472 4227 est
486 4189 552 4227 eum
570 4174 678 4244 etipse
695 4175 796 4230 Deurn.
813 4175 960 4230 Ostiarins

125 4267 170 4321 est
190 4261 479 4333 cnimspiritnaliter.
502 4263 670 4333 quicunque
684 4263 759 4317 alios
769 4265 960 4333 spiritualiter

1023 3105 1162 3160 ebaritas.
1175 3105 1314 3176 Nunquid
1330 3106 1407 3160 enim
1418 3123 1473 3161 nos
1485 3106 1617 3161 dicemus
1627 3108 1704 3178 quod
1714 3108 1789 3162 fides
1798 3125 1856 3164 non

1023 3194 1129 3248 habeat
1161 3195 1324 3249 meritum?
1343 3194 1444 3250 absitl
1468 3198 1496 3250 et
1520 3199 1616 3250 tamen
1636 3197 1700 3266 ipsa
1727 3213 1787 3252 non
1811 3201 1858 3252 est

1023 3284 1152 3338 ebaritas
1170 3326 1176 3353 ,
1193 3285 1258 3338 sine
1274 3300 1307 3338 ca
1324 3285 1402 3338 enim
1416 3301 1485 3339 esse
1500 3289 1607 3356 potest,
1619 3287 1672 3340 sed
1682 3286 1746 3340 sine
1756 3302 1788 3341 ea
1797 3303 1855 3342 non

1022 3379 1228 3428 remuneratur
1245 3389 1252 3443 3
1269 3374 1356 3428 simul
1372 3377 1470 3428 autem
1481 3390 1590 3428 cumea
1601 3378 1690 3447 auget
1718 3377 1855 3431 meritum

1022 3462 1071 3516 Sic
1083 3478 1155 3535 ergo
1165 3479 1219 3517 sua
1234 3468 1341 3517 cester-a
1356 3464 1432 3516 dona
1448 3468 1615 3517 remunerat
1631 3464 1710 3518 Deus
1735 3466 1773 3519 iis
1804 3467 1853 3536 qui

1022 3567 1055 3606 ea
1066 3567 1133 3605 cum
1145 3553 1284 3606 charitate
1301 3556 1488 3621 conservant,
1502 3569 1539 3606 ex
1554 3552 1662 3623 quibus
1678 3553 1743 3623 ipse
1758 3556 1856 3608 onmia

1021 3645 1197 3710 cooperatur
1216 3642 1245 3694 in
1258 3640 1368 3695 bonnm
1379 3641 1473 3710 (Itoni.
1495 3641 1556 3711 vnn
1574 3657 1580 3696 :
1597 3644 1626 3696 ct
1643 3658 1696 3711 pro
1725 3643 1855 3714 singulis

1020 3729 1085 3784 suis
1096 3730 1183 3784 donis
1193 3730 1257 3784 sive
1273 3731 1432 3784 virtutibus
1443 3731 1507 3784 sive
1515 3731 1709 3785 sacramentis
1720 3748 1787 3802 quae
1803 3749 1856 3803 per

1020 3819 1191 3873 charitatem
1207 3821 1421 3888 custodiuntur,
1443 3836 1569 3874 coronas
1589 3821 1684 3874 reddit
1706 3822 1853 3892 singulas,

1019 3908 1083 3963 sola
1101 3911 1197 3962 tannen
1213 3908 1317 3979 gratia.
1353 3909 1469 3977 lleddit,
1496 3910 1556 3962 dixi
1586 3909 1704 3964 intuens
1729 3909 1854 3964 liberum

1018 3996 1208 4051 arbitriumet
1223 3997 1854 4069 solatamengratiasubjunxi,considerans

1018 4086 1187 4156 qncdonrne
1197 4087 1344 4141 bonumct
1360 4087 1748 4157 desnrsnnr,deseendensa
1759 4088 1854 4144 Patre

1018 4174 1158 4229 lnnrinnrn
1183 4176 1256 4246 (tite.
1287 4178 1318 4245 ι).
1350 4176 1407 4229 Sed
1437 4175 1484 4230 bis
1509 4175 1652 4230 hactenus
1681 4178 1711 4231 in
1735 4178 1853 4248 publico

1019 4265 1150 4319 ostensis
1159 4266 1244 4335 quasi
1252 4265 1383 4334 inplanis
1393 4264 1580 4336 coinvallium,
1592 4266 1853 4322 hinetranseatnus

124 4352 155 4408 in
167 4351 331 4407 Ecclesiam
346 4351 513 4419 introducit,
537 4351 636 4421 idest,
667 4353 718 4422 qui
738 4353 825 4406 tidem
851 4355 960 4423 praedi-
977 4361 1004 4422 D
1019 4355 1055 4407 ad
1071 4358 1200 4409 montem
1215 4354 1342 4424 myrrhae
1356 4358 1384 4407 ct
1399 4354 1433 4407 ad
1451 4341 1668 4410 colleslibani.

127 4444 220 4499 cando
251 4443 345 4496 dccet.
359 4441 465 4495 Lector
480 4445 526 4495 est
549 4440 672 4511 quilibet
694 4457 793 4496 ratores
815 4444 960 4515 docendo,

126 4533 275 4589 exorcista
300 4531 421 4599 orando,
443 4530 599 4600 acolythus
611 4529 814 4600 illuminando,
836 4532 960 4587 subdin-

125 4639 219 4679 conus
254 4621 447 4676 humilitatem
481 4619 684 4687 monstrando,
711 4620 855 4674 diaeonus
885 4622 960 4676 alios

125 4711 319 4779 exlrortanda,
346 4709 488 4763 sacerdos
513 4708 647 4778 scipsum
674 4709 800 4763 hostiam
830 4716 962 4765 sanctam

127 4800 188 4855 Deo
211 4799 371 4853 alienanda.
400 4799 503 4852 lnduat
524 4814 596 4869 crgo
613 4798 740 4869 quisquc
769 4799 910 4854 humeros
934 4804 963 4853 et

123 4892 230 4960 'pectus
241 4888 349 4942 amictu
378 4887 533 4957 spirituali,
561 4887 617 4941 hoc
632 4890 678 4941 est
689 4889 840 4942 muniatse
856 4889 962 4944 virtute

126 4992 249 5047 operum
261 4975 397 5046 justitiae,
414 4978 568 5030 sanctitate
583 4980 771 5031 sensatorum
783 4978 963 5050 cogitatuum

126 5066 257 5121 indutus.
274 5064 375 5136 Sitque
392 5065 511 5119 indutus
535 5066 769 5137 inauditisque
790 5083 844 5138 per
866 5069 963 5122 albam

127 5154 332 5228 significatur:
349 5153 392 5207 Sit
419 5154 550 5222 indutus,
588 5159 729 5226 qnantum
754 5157 818 5211 lieri
854 5160 960 5227 polest,

47 5263 50 5270 ·
125 5242 373 5315 utraquetunica,
390 5242 481 5297 idest
510 5242 701 5314 intelligentia
726 5245 880 5316 utriusque
907 5247 961 5301 Te-

128 5333 266 5390 stamenti
281 5334 309 5388 et
324 5331 440 5401 litterae,
453 5330 540 5386 idest
555 5331 820 5402 spirituslitteralis
831 5337 859 5390 et
873 5335 960 5405 spiri-

124 5424 193 5482 talis
203 5421 416 5496 intelligentiae.
434 5421 548 5477 Habeat
561 5437 665 5476 aonam
679 5423 833 5495 castitatis,
854 5427 961 5481 stolam

124 5512 316 5584 tortitudinis,
333 5513 363 5568 et
376 5510 589 5584 plenitudinem
599 5511 743 5584 scientiae,
760 5512 851 5572 idest
868 5515 961 5574 cbari-

123 5604 213 5670 tatem
227 5617 316 5678 quam
330 5601 439 5679 ligarat
452 5601 555 5664 intuta.
572 5602 626 5675 Qui
650 5604 729 5663 enim
753 5605 798 5666 sic
826 5611 957 5682 ornatur,

1161 4444 1231 4498 exv.
1249 4443 1310 4497 vn.
1328 4443 1373 4497 De
1384 4443 1586 4498 celebratione
1595 4446 1704 4499 missae.

1054 4532 1153 4587 Sancti
1169 4533 1271 4586 Patres
1295 4537 1324 4586 et
1348 4532 1510 4602 prophetae,
1541 4537 1607 4588 ante
1626 4535 1784 4589 adventum
1801 4535 1853 4590 Do·

1017 4623 1088 4675 mini
1119 4621 1305 4691 suspirantes
1322 4625 1350 4675 et
1369 4622 1613 4692 praeconizantes,
1643 4624 1851 4693 praemiserunt

1018 4711 1175 4781 desideria,
1193 4726 1291 4780 opera,
1307 4711 1409 4765 laudes
1425 4714 1453 4765 et
1472 4727 1587 4781 preces
1606 4712 1677 4767 llaec
1701 4716 1798 4768 antean
1822 4715 1851 4767 in

1019 4800 1141 4855 introitu
1163 4801 1265 4854 missae
1282 4804 1557 4854 cannamomorantur.
1574 4801 1689 4855 Chorus
1704 4802 1782 4856 etaim
1794 4802 1851 4857 cle-

1018 4889 1455 4944 ricorumcanentinmcborum
1470 4889 1620 4961 signiticat
1630 4890 1849 4962 prophetarum,

1018 4984 1046 5033 et
1070 4978 1284 5033 inuititudinem
1314 4983 1484 5033 sanctornm
1516 4979 1567 5049 qni
1602 4985 1852 5050 exspectaverunt

1017 5068 1175 5121 adventum
1198 5068 1323 5122 Domini.
1341 5067 1481 5122 lntroitus
1501 5069 1564 5138 (qni
1588 5068 1695 5122 dicitur
1709 5070 1849 5140 cilicium,

1017 5157 1067 5228 qui
1079 5172 1132 5227 per
1142 5157 1238 5227 ipsum
1255 5156 1428 5212 inchoamus
1444 5158 1545 5212 missae
1557 5157 1699 5229 osticium)
1714 5161 1852 5229 exprimit

1017 5246 1166 5301 desideria
1190 5247 1424 5318 exspectantium
1447 5262 1514 5301 cum
1538 5247 1708 5317 preconiis.
1737 5247 1850 5304 Versus

1017 5336 1220 5406 psalmisticus
1232 5352 1320 5407 opera
1329 5339 1358 5391 et
1378 5335 1515 5391 vaticinia
1527 5352 1535 5406 3
1546 5336 1646 5391 Gloria
1655 5337 1731 5392 Patri
1742 5337 1849 5394 laudes

1017 5426 1134 5482 lteratia
1146 5426 1239 5482 ellidii
1250 5427 1344 5481 innuat
1358 5441 1411 5483 eas
1426 5442 1507 5497 saepe
1523 5426 1649 5483 iterasse
1667 5429 1800 5498 suspiria
1814 5430 1851 5486 de

1016 5515 1233 5591 chrisenque
1246 5515 1406 5591 praeconia.
1418 5515 1508 5591 Kprie
1528 5516 1642 5576 eleison
1658 5519 1704 5576 ter
1721 5517 1851 5593 triplica-

1015 5613 1243 5692 tum,signiticat
1253 5631 1359 5689 preces
1371 5615 1497 5693 illorum,
1509 5619 1560 5695 qni
1574 5619 1611 5678 ad
1635 5618 1692 5677 boc
1708 5617 1850 5699 multipli-
