3816 6030
55 363 134 432 1081
699 367 928 436 SERMONES
948 369 1137 438 eanvult.
1701 370 1782 442 1082

53 567 84 624 in
94 569 158 624 loco
169 569 415 642 primumposuit,
432 572 561 644 quietem
575 571 831 644 contemplationis
847 572 890 628 in·
904 552 935 617 Α
950 572 1157 644 innocentiam,
1167 589 1220 645 per
1228 573 1336 630 vitulos
1351 574 1479 648 pingues
1494 574 1691 631 obedientiam
1706 571 1780 630 atie·

52 660 242 714 ter-naonobis
254 661 443 733 significavit.
459 662 587 716 Primum
604 678 676 734 ergo
690 662 799 733 posuit,
812 656 892 735 quod
951 660 1094 717 ctuosam.
1110 653 1167 718 utet
1188 679 1270 736 ergo,
1281 658 1429 734 butyrum,
1441 678 1524 734 oves,
1536 654 1645 719 vitulos
1663 650 1782 719 christo

50 764 113 820 prae
121 749 348 822 caeterisdiligit.
360 749 444 806 Unde
453 751 620 806 Psalmista:
629 751 736 822 Diligit
744 751 887 807 Dominus
950 751 1066 819 damus,
1079 767 1146 806 cum
1156 753 1339 822 pervirtutes
1349 753 1575 826 hisdesignatas
1586 753 1629 807 illi
1638 751 1785 808 veraciter

49 843 157 909 portas
170 838 243 894 Sion
258 855 348 911 super
363 840 458 895 ornnia
475 839 667 895 tabernacula
686 839 777 896 Jacob
794 839 889 910 (Psal.
950 841 1110 896 servimus.
1123 841 1244 912 Demus,
1257 842 1427 897 charissimi
1439 842 1538 912 nohis,
1548 856 1669 896 munera
1680 839 1782 912 mysti-

50 926 183 998 nxxxvr).
201 928 344 983 Dominus
360 930 467 984 etenim
482 933 583 1000 portas
599 929 671 985 Sion
687 929 889 1000 superomnia
949 945 993 999 ca,
1004 946 1070 1002 quoe
1081 930 1374 1002 dictasunttdemus,
1385 931 1652 1003 inquam,Christo,
1663 928 1783 985 illitlde·

52 1017 241 1071 tahernacula
253 1018 345 1072 iacob
362 1018 469 1090 diligit,
482 1019 549 1090 quia
562 1020 650 1073 etiam
665 1019 763 1090 ipsum
774 1019 890 1074 initium
947 1017 1014 1073 liter
1030 1019 1188 1074 serviendo
1205 1020 1234 1074 in
1258 1020 1377 1088 mundo,
1395 1023 1426 1076 ut
1449 1021 1486 1075 ab
1508 1020 1574 1093 ipso
1599 1017 1782 1077 remunerari

58 1120 196 1175 supernae
213 1108 467 1178 contemplationis
486 1108 623 1163 omnihus
645 1108 786 1178 operibus
800 1108 888 1163 bonan
949 1123 1118 1162 mereamur
1132 1109 1163 1163 in
1178 1109 1263 1164 coelo.
1286 1108 1369 1174 Quod
1386 1110 1472 1165 nobis
1488 1111 1630 1180 praestare
1645 1107 1784 1180 dignetur

58 1196 295 1249 conversationis
307 1195 382 1266 Justi
397 1196 522 1252 amando
538 1197 702 1267 anteponit3
725 1212 779 1268 per
802 1195 888 1266 Sion,
953 1196 1044 1251 lesus
1060 1196 1198 1252 Christus
1209 1197 1352 1253 Dominus
1368 1202 1479 1269 noster,
1494 1199 1544 1271 qui
1555 1195 1787 1254 estDeusbene·

56 1284 890 1357 namqueintelligitursupernocontemplatio,porportas
949 1286 1045 1341 dietus
1061 1286 1090 1340 in
1107 1287 1228 1342 caecula.
1246 1289 1350 1342 Amen.

53 1371 125 1427 Sion
140 1373 276 1445 ejusdem
292 1375 717 1446 contemplationisinchoatio.
730 1376 787 1430 Per
797 1375 890 1430 taeob
1257 1375 1386 1432 SERMO
1407 1376 1468 1432 LV.

54 1460 176 1517 effector
190 1463 260 1519 honi
276 1464 390 1534 operis3
407 1480 460 1535 per
474 1465 672 1530 tabernacula,
690 1464 831 1536 quaelibet
845 1463 890 1518 tu·
1198 1465 1242 1520 Dc
1256 1465 1392 1520 erunibus
1412 1465 1536 1520 sanctis.

54 1550 136 1606 hrica
151 1552 237 1608 honre
249 1554 495 1638 conversationis.
512 1554 561 1610 Sic
573 1558 601 1609 et
614 1554 733 1625 tapetio,
752 1555 820 1626 quia
835 1554 889 1610 do·
984 1551 1122 1608 (hristus
1152 1553 1241 1610 iesus
1269 1553 1405 1610 Salvator
1433 1554 1551 1624 noster,
1581 1551 1782 1624 dilectissimi,

56 1656 145 1706 mum,
159 1641 188 1694 in
200 1657 256 1712 qua
272 1643 470 1698 extenduntur
481 1647 615 1699 ornatum
630 1643 765 1709 reddunt,
778 1647 890 1700 sanetae
949 1642 1398 1699 sanctaeuniversalisEcclesiae
1407 1641 1784 1715 sponsuspjusdemspon·

55 1730 291 1785 conversationis
306 1731 490 1787 honestatem
506 1732 635 1804 figurare
651 1736 788 1804 possent.
812 1732 889 1788 Vasa
949 1748 992 1787 soe
1003 1748 1067 1788 suae
1083 1733 1196 1787 varium
1213 1732 1462 1805 multiplicemque
1473 1732 1602 1788 fructum
1613 1732 1643 1785 in
1653 1730 1783 1787 (huticis

55 1818 153 1872 fictilia
170 1823 271 1874 nostra
286 1821 402 1893 fragilia
416 1822 729 1894 significantcorpora,
742 1839 809 1894 quae
820 1825 890 1876 tunc
949 1822 1130 1877 canticorum
1146 1822 1297 1893 eleganter
1312 1821 1418 1891 laudat,
1433 1826 1464 1877 ut
1474 1838 1537 1878 eum
1553 1821 1589 1876 ad
1600 1821 1715 1891 potiora
1729 1834 1783 1891 per

54 1907 173 1963 Christo
188 1907 358 1980 offerimuS,
375 1925 442 1966 cum
467 1909 533 1982 ejus
550 1911 704 1983 ohsequiis
728 1926 762 1967 ea
778 1911 891 1966 manci·
949 1912 1066 1967 laudem
1077 1909 1784 1984 provocetetaccendat.Dioitergoquodamloco

57 2013 173 2070 pomus.
950 2002 995 2057 sic
1008 2018 1013 2056 ι
1027 2000 1139 2056 Hortus
1153 2000 1308 2056 conclusus
1318 2016 1360 2070 ea,
1373 2017 1460 2056 soror
1475 2016 1539 2056 mea
1550 2014 1667 2072 sponsa,
1679 1999 1785 2054 hortus

93 2087 298 2154 Frunrentum,
312 2094 341 2143 et
350 2089 503 2159 hordeum,
516 2096 545 2144 et
554 2090 683 2145 farinam
691 2089 852 2162 polentam,
862 2090 893 2146 id
951 2091 1105 2146 conclusus
1116 2090 1183 2146 tons
1193 2091 1338 2163 signatus.
1349 2090 1538 2146 Emissiones
1549 2095 1615 2159 tuae,
1624 2087 1786 2161 paradisus

57 2180 103 2230 est
117 2192 221 2247 puram
236 2176 370 2232 farinam.
393 2180 451 2234 Per
474 2179 653 2234 trumentum
672 2181 892 2235 Testamentum
951 2178 1267 2252 malorumpunicorum
1283 2176 1786 2252 cumpomorumfructibusCyperi

57 2265 185 2335 Novum,
197 2282 250 2337 per
260 2267 403 2322 hordeum
415 2268 508 2323 Vetus
517 2270 737 2324 Testamentum
748 2269 891 2341 intelligi·
952 2269 1124 2340 cumnardo,
1136 2269 1248 2324 nardus
1255 2284 1419 2334 sumerocc,
1429 2266 1563 2323 dstulaet
1571 2267 1783 2322 cinnamomum

57 2358 115 2411 tur.
128 2357 186 2411 Per
203 2357 326 2412 larinum
337 2358 494 2428 polentam,
517 2359 659 2429 spiritalis
675 2359 829 2430 utriusque
844 2359 892 2412 in·
952 2375 1015 2414 curn
1025 2357 1281 2430 universislipnis
1292 2355 1788 2430 Libanidlyrrhaetalcccumuni·

57 2444 219 2517 telligentia
233 2449 366 2517 potenter
380 2448 563 2518 exprimitur.
576 2448 766 2503 Frumentum
782 2448 889 2520 itaque,
955 2448 1055 2502 versis
1069 2447 1179 2520 primis
1190 2448 1349 2519 unquentis
1359 2446 1448 2515 (Caret
1464 2448 1514 2516 rv).
1531 2446 1563 2500 ln
1574 2445 1622 2500 his
1634 2445 1784 2499 enimom-

62 2535 217 2606 hordeum,
230 2535 510 2608 tamnampolentam
520 2536 639 2593 Christo
650 2536 811 2604 offerimus,
824 2536 893 2591 ditm
956 2537 1044 2591 nibus
1058 2552 1111 2607 per
1125 2552 1270 2607 sponsum
1281 2551 1402 2606 sponsae
1411 2536 1522 2590 honum
1537 2535 1689 2607 eleganter
1703 2548 1786 2588 com·

58 2629 215 2698 utrumque
238 2627 474 2697 Testamentum,
492 2630 520 2682 et
544 2627 708 2681 seeundum
723 2626 849 2681 litteram
865 2629 894 2682 et
952 2625 1115 2695 mandatur,
1126 2627 1155 2680 et
1165 2640 1286 2696 sponsae
1298 2639 1429 2695 sponsus
1441 2623 1609 2696 congaudet
1623 2625 1651 2678 et
1661 2637 1787 2694 congra-

59 2715 223 2770 secundum
238 2715 401 2786 spiritalem
416 2715 640 2788 intelligentiam
651 2716 788 2788 legendo,
805 2715 894 2770 medi·
952 2714 1070 2770 tulatur.
1083 2714 1151 2785 ipsa
1164 2730 1236 2769 vero
1253 2715 1354 2769 saneta
1371 2712 1506 2769 Ecclesia
1522 2712 1552 2766 in
1568 2712 1642 2783 ipsis
1657 2711 1788 2767 Cantieis

58 2805 156 2875 tando,
169 2804 329 2876 loquendo,
342 2805 491 2876 operando
503 2804 690 2876 ddeliterpro
702 2820 802 2860 umore
813 2804 891 2877 ejus,
953 2804 1134 2859 canticorum
1162 2803 1291 2858 diversis
1322 2802 1492 2858 nominibus
1521 2801 1694 2873 appellatur.
1724 2799 1788 2854 hli-

59 2894 279 2964 dispcnsomus.
952 2893 1069 2965 quondo
1086 2892 1193 2963 quippe
1215 2893 1338 2947 vocetur
1352 2907 1478 2962 sponsa,
1495 2889 1653 2962 aliquando
1679 2887 1783 2959 amica,

95 2985 135 3039 Et
150 2984 262 3050 tabam,
280 2991 309 3039 et
333 2984 462 3052 lentem,
485 2989 514 3038 et
530 2983 642 3039 Dirum
659 2983 750 3039 cicer.
765 2983 848 3049 Quod
864 2983 894 3038 in
952 2982 1109 3055 aliquando
1120 2997 1217 3050 soror,
1229 2980 1387 3051 aliquando
1399 2978 1545 3047 columbe,
1557 2976 1787 3050 aliquandoput·

59 3073 222 3146 Evangelio
234 3077 302 3146 post
316 3090 408 3146 panes
420 3074 530 3144 pisces,
547 3073 603 3128 hoc
619 3074 649 3127 in
664 3072 730 3129 loco
746 3076 814 3144 post
829 3073 892 3127 lru-
952 3071 1024 3126 chin
1048 3072 1112 3126 sive
1136 3071 1277 3125 formosa.
1295 3070 1361 3140 ipsa
1377 3068 1515 3122 nimirum
1530 3082 1642 3138 sponsa
1657 3069 1703 3120 est
1717 3065 1786 3137 tlde,

59 3167 199 3234 mentum,
208 3164 351 3220 hordeum
360 3168 388 3218 et
397 3162 895 3234 larinumproedietateguminapos·
913 3180 939 3244 ο
953 3162 1046 3215 amica
1056 3160 1314 3229 dilectione,soror
1324 3156 1455 3212 cmlestis
1468 3155 1650 3211 haereditatis
1663 3153 1786 3224 partiei-

60 3257 130 3309 sunt
145 3255 279 3327 intelligi.
293 3254 350 3309 Per
361 3255 540 3308 trumentum
564 3267 679 3322 nempe,
699 3251 853 3320 hordeum,
866 3253 894 3305 et
952 3251 1080 3321 petione,
1090 3248 1226 3304 columba
1238 3247 1435 3317 simplicitate,
1444 3246 1574 3301 formosa
1585 3241 1790 3313 decorejusti-

60 3345 194 3412 farinam,
212 3345 289 3399 sieut
299 3344 340 3398 ihi
353 3357 518 3414 perperos,
536 3357 631 3396 sacrae
644 3340 804 3411 Scripturas
816 3356 894 3410 prae·
952 3333 1792 3406 tiae.HortuseoncIususes,sorormeaspousahortuscou-

60 3436 159 3504 cepta3
176 3437 204 3489 et
217 3449 271 3504 por
286 3433 403 3501 tabam,
421 3433 546 3498 lentem,
573 3431 653 3485 cicer
674 3430 705 3484 in
726 3430 782 3485 hoc
807 3430 893 3497 loco,
954 3429 1063 3484 elusus.
1080 3427 1138 3482 Per
1152 3425 1269 3481 hortum
1286 3427 1398 3479 sanctae
1413 3423 1559 3478 Ecclesiae
1575 3423 1708 3475 sanctem
1723 3417 1791 3492 eius

61 3523 139 3579 sicut
154 3523 194 3577 ibi
218 3539 271 3593 per
291 3523 401 3593 pisces,
423 3524 594 3576 sanctorum
609 3519 727 3574 Patr-um
743 3519 895 3592 designari
954 3518 1210 3573 conversationem
1235 3514 1446 3587 intelligimus,
1471 3526 1582 3584 exque
1607 3510 1746 3564 virtutum
1762 3511 1791 3564 et

60 3616 188 3685 pessunt
204 3612 348 3683 exempla.
372 3611 407 3666 Et
421 3614 498 3682 apte,
516 3611 580 3664 sive
600 3609 630 3664 in
645 3607 809 3680 Evangelio
829 3610 897 3678 post
953 3607 1101 3663 bonorum
1115 3621 1238 3677 operum
1253 3604 1386 3677 germina
1400 3603 1603 3657 indesinenter
1617 3599 1688 3655 oriri
1704 3598 1790 3654 vide-

58 3719 153 3774 punes
163 3704 274 3774 pisces,
287 3701 351 3757 sive
361 3701 390 3755 in
407 3699 540 3756 hocloco
552 3702 619 3770 post
632 3697 812 3753 frumentum
827 3696 897 3751 hor·
953 3712 1032 3752 mus.
1048 3695 1102 3761 Qui
1119 3696 1223 3751 hortus
1245 3697 1311 3766 apte
1327 3692 1488 3748 conclusus
1504 3689 1620 3758 dicitur,
1638 3686 1707 3760 quia
1722 3686 1791 3743 torti

61 3793 149 3848 deum
158 3796 186 3847 et
196 3793 329 3861 farinam,
342 3790 491 3863 legumina
502 3792 660 3860 ponuntur,
673 3787 740 3859 quia
756 3787 834 3842 sicut
849 3785 898 3840 illa
953 3784 1290 3855 muniminedisciplinee
1301 3782 1431 3853 undique
1441 3774 1793 3847 munitur,net'reudulen·

62 3887 186 3955 utraque
198 3881 361 3953 corporalia
372 3881 509 3936 suminus
520 3879 556 3934 ad
567 3877 813 3933 sustentationem
829 3891 896 3931 cor·
953 3878 1002 3930 tus
1011 3875 1109 3930 hostis
1121 3873 1236 3944 uspiam
1248 3872 1398 3940 irrumpat,
1411 3866 1571 3939 etjustitiae
1581 3863 1791 3936 plantationem

61 3989 177 4045 porum,
199 3974 244 4027 sic
260 3987 326 4026 cum
342 3986 437 4025 sacrae
452 3968 613 4040 Scripturas
628 3966 729 4021 verbis
746 3966 833 4020 etium
844 3965 897 4036 ju·
955 3964 1071 4030 avellat,
1084 3966 1113 4018 et
1130 3961 1254 4017 aulemt.
1271 3948 1326 4025 Qui
1338 3961 1367 4013 et
1383 3959 1483 4029 aperte
1501 3956 1549 4011 bis
1568 3953 1746 4022 nominatur,
1762 3955 1793 4008 ut

62 4066 176 4118 storum
194 4061 338 4131 exemplis
354 4061 464 4114 utimur
478 4059 514 4112 ad
531 4061 698 4112 nostrarum
710 4054 898 4126 justitleatio-
955 4070 1009 4126 per
1018 4049 1315 4122 hoeduplexlructus
1323 4044 1640 4120 ejus,tldesscilioetet
1648 4040 1791 4113 operatio,

63 4168 130 4208 nem
141 4152 313 4206 animorum.
330 4148 493 4218 Praeceptis
508 4146 660 4218 pascimur
674 4144 849 4200 obedienter
864 4158 898 4198 ea

64 4232 897 4312 operando3exemplispascimurcohumiliterimitando.

64 4331 100 4386 Et
110 4331 216 4399 tabam,
230 4330 332 4401 inquit,
346 4329 508 4394 allectam,
521 4328 549 4381 et
560 4325 669 4380 frixum
685 4323 774 4378 cicer.
790 4323 898 4378 Fabam

956 4144 1021 4198 sive
1033 4141 1206 4214 conjugium
1222 4142 1250 4194 et
1265 4135 1454 4206 continentia,
1471 4134 1620 4189 autetiam
1636 4130 1786 4188 distinctio

956 4232 1010 4287 Dei
1021 4235 1049 4287 et
1060 4230 1170 4302 populi,
1183 4227 1230 4284 vel
1249 4230 1327 4282 certe
1341 4227 1399 4282 vita
1410 4225 1506 4280 activa
1521 4226 1550 4278 et
1565 4220 1792 4291 contemplativa

956 4323 1090 4393 patenter
1104 4319 1295 4391 exprimatur.
1312 4315 1426 4370 Dicitur
1441 4328 1514 4386 ergo
1531 4328 1537 4368 ε

64 4421 141 4475 lente
152 4419 305 4490 majorem,
325 4422 352 4473 et
364 4420 471 4473 lentem
489 4416 555 4471 laba
576 4415 720 4469 minorem
741 4428 799 4467 non
815 4412 900 4485 igno·
992 4397 1794 4474 Hortusconclususesseronmeospousadrortuscon-

63 4525 175 4564 ramus.
188 4509 245 4564 Per
255 4507 353 4563 iaham
363 4523 436 4580 ergo
445 4505 579 4576 exempla
588 4503 712 4576 majora.
725 4501 899 4558 Perlentem
915 4494 943 4556 D
958 4498 1138 4567 clusustons
1146 4498 1292 4570 sipontus.
1303 4495 1361 4549 Per
1374 4492 1484 4549 iontem
1499 4492 1596 4544 eutem
1612 4485 1703 4558 hujus
1714 4484 1793 4540 horti

63 4614 135 4654 vero
144 4592 278 4668 exempla
286 4599 456 4652 sanctorum
466 4596 580 4650 minora
592 4592 803 4649 convenienter
811 4591 898 4646 intel·
958 4589 1102 4661 sapientia
1117 4585 1250 4643 caelestis
1265 4581 1450 4654 intelligitur.
1461 4578 1517 4645 Qui
1528 4577 1596 4632 tons
1608 4575 1688 4631 velut
1703 4573 1739 4628 ed
1754 4571 1794 4627 ir-

64 4683 817 4760 ligimus.Perlrixumeutemcicer‚solasanctorum
827 4697 900 4734 mor
956 4679 1113 4753 rigandum
1125 4675 1295 4747 paradisum
1308 4672 1338 4725 in
1351 4672 1480 4743 quatuor
1497 4666 1617 4722 domina
1635 4662 1790 4731 dividitur,

65 4782 160 4847 tyrum
168 4776 385 4849 passiodehere
393 4773 514 4847 tigurari
521 4772 650 4826 videtur:
658 4770 785 4825 humana
791 4769 900 4841 quippe
957 4769 1026 4824 dum
1037 4767 1136 4822 divina
1147 4762 1291 4835 sapientia
1302 4763 1428 4832 quatuor
1439 4754 1669 4829 Evangeliorum
1683 4750 1791 4823 praedi·

66 4883 135 4923 earo
146 4871 216 4921 tunc
228 4866 346 4939 trigitur
358 4881 423 4918 cum
434 4861 586 4933 passionis
596 4859 735 4931 augustia
752 4857 900 4912 crucietur
958 4859 1072 4912 catione
1098 4869 1151 4925 per
1172 4852 1343 4907 universam
1366 4846 1533 4902 Ecclesiam
1555 4843 1715 4898 derivatur.
1737 4838 1793 4906 Qui

66 4952 510 5026 Frumentumergo,hordeum,
521 4949 646 5004 lerinam
656 4946 774 5004 Christo
783 4946 899 5014 damus,
958 4945 1045 5000 etiam
1054 4943 1190 5014 signatus
1199 4929 1796 5010 esseeongrueperhibetur,quiasapien·

67 5062 133 5099 cum
150 5046 297 5114 praecepta
312 5042 394 5114 ejus,
410 5057 476 5112 quae
493 5041 521 5093 in
537 5037 699 5109 Scripturis
715 5036 902 5091 continentur
958 5033 997 5088 tia
1006 5033 1058 5088 Dei
1070 5031 1170 5086 multis
1181 5045 1215 5085 ae
1224 5026 1354 5084 diversis
1365 5021 1703 5097 aenigrnatihusinsacra
1711 5017 1792 5074 Scri·

68 5148 234 5203 operamur.
247 5132 367 5200 Fabam,
376 5130 494 5199 lentem,
506 5128 585 5183 cicer
596 5127 717 5197 Divum,
729 5124 773 5179 illi
784 5125 901 5192 damus,
957 5127 1043 5194 ptura
1053 5121 1177 5176 vetatur.
1191 5118 1266 5174 Hinc
1276 5120 1331 5185 est,
1350 5115 1430 5187 quod
1441 5112 1551 5168 Paulus
1562 5109 1602 5165 ait
1616 5125 1623 5166 :
1636 5107 1796 5183 Loquimur

68 5239 134 5277 eum
150 5222 283 5292 exempla
299 5222 469 5275 sanctorum
483 5216 551 5289 ejus
566 5216 724 5271 imitamur.
959 5198 1795 5282 Deisapicntiarninmysterinqureabseonditaest,quem

102 5312 143 5367 Et
155 5311 412 5383 metcthutprum,
422 5314 451 5363 et
463 5307 712 5379 ovesetpinpues
723 5301 901 5358 vitulos.Mel
959 5301 1040 5356 Deus
1050 5296 1281 5372 predestinavit
1291 5296 1323 5350 in
1335 5293 1462 5367 gloriam
1477 5295 1609 5346 nostram
1624 5286 1652 5357 (I
1667 5285 1735 5340 Cor.
1752 5283 1795 5352 u).

67 5406 113 5458 ost
133 5401 229 5470 dulce,
247 5401 386 5471 butyrum
400 5399 519 5470 pingue,
538 5396 603 5451 ovis
619 5392 725 5449 animal
740 5393 901 5461 innocens,
959 5389 1015 5444 Hic
1030 5391 1076 5444 est
1090 5388 1166 5442 liber
1180 5385 1230 5441 ille
1245 5386 1393 5458 signatus,
1408 5382 1444 5437 de
1460 5397 1519 5453 quo
1530 5379 1624 5433 lsaias
1639 5374 1696 5428 nit:
1711 5387 1795 5445 quem

68 5492 178 5547 vitulus
191 5491 343 5545 obediens.
357 5487 474 5542 Vitulus
486 5485 562 5540 enim
578 5483 708 5556 quandiu
719 5481 829 5537 vitulus
841 5483 901 5550 est,
960 5460 1799 5538 cumdcderitscientilitterasdieeatdepele'tresponde·

67 5580 265 5654 agiturlacile
281 5578 417 5650 quemvis
438 5575 601 5630 secundum
627 5575 728 5627 nutum
752 5568 903 5625 minantis,
961 5548 1798 5637 bitrlt'onpossrun:sipnatusestenimtlsu.xxxrx).Hic

70 5673 126 5726 l’er
136 5671 192 5726 mel
202 5671 299 5742 itaque
307 5666 499 5738 intelligimus
510 5662 696 5719 dulcedinem
709 5660 810 5716 cordis
818 5658 906 5713 inter
962 5660 1008 5712 est
1017 5655 1093 5711 idem
1104 5654 1264 5724 lihervitna,
1276 5666 1363 5724 quem
1375 5650 1479 5704 beatus
1490 5645 1621 5699 loannes
1630 5640 1661 5694 in
1670 5639 1798 5695 dextera

68 5777 145 5829 nam,
169 5776 222 5832 per
234 5761 372 5832 butyrum
388 5755 559 5813 charitatem
574 5752 743 5822 fraternam,
759 5764 813 5826 per
827 5762 900 5810 oves
962 5744 1198 5821 sedentissuper
1210 5741 1346 5802 thronum
1367 5736 1442 5800 vidit
1450 5735 1598 5810 signatum
1609 5727 1722 5805 sigillis
1731 5742 1797 5813 sep
