3796 6022
511 332 817 403 maculabaut.
841 370 878 384 -
901 335 979 402 LIB.
1004 333 1060 401 v1.
1598 330 1658 401 858

60 521 84 577 t.
97 519 136 576 Ut
154 518 244 594 igitur
255 535 326 577 aera
338 519 376 576 sit
392 524 420 577 ot
431 520 584 578 fruetuosa
599 520 762 591 confessio,
779 518 809 582 Α
826 521 963 594 salignis,
980 525 1009 577 ct
1027 521 1057 577 in
1077 521 1172 592 ipsam
1187 518 1348 577 divinitatis
1366 517 1482 575 turbam
1497 517 1654 575 interiores

59 610 131 665 redu
141 610 312 666 necessaria
324 614 369 666 est
380 612 509 684 cognitio
522 613 646 683 peccati,
663 612 694 665 in
707 627 764 682 qua
824 613 928 667 oculos
939 611 1051 685 inllget.
1070 611 1152 666 Hane
1167 609 1418 684 perseverantiam
1448 609 1559 664 fuciunt
1583 623 1654 663 exs-

60 692 170 755 essaria
181 704 266 756 sunt:
281 704 311 755 ut
323 702 425 756 videus
444 702 513 772 quid
525 703 636 773 egeria,
647 702 766 773 quantis
821 703 945 770 paefatio
961 703 1159 772 praemiorum,
1176 717 1329 771 pomarum
1341 699 1516 768 recordatio,
1547 697 1653 767 primi·

60 789 767 862 eontumeliisalfeceriseorpusluum,possidens
821 790 869 844 tiae
885 790 1008 860 spiritus
1023 793 1051 844 ct
1065 791 1174 845 donum
1191 791 1321 844 coeleste.
1335 789 1456 843 Probae
1467 786 1653 858 septemplici

60 895 83 933 m
98 880 134 933 ad
149 880 362 935 immunditiam
379 883 407 934 et
418 881 570 948 vilitatem,
585 896 643 934 non
655 881 685 933 in
696 896 768 934 san·
823 879 1013 934 confessione
1030 879 1059 933 in
1074 881 1170 934 tribus
1186 879 1329 951 gradibus
1344 878 1464 932 dieitur:
1483 876 1580 931 Corde
1591 891 1654 931 cre·

60 984 109 1023 aue
135 972 162 1022 ct
186 969 313 1036 bonore;
340 970 489 1038 secundo,
516 970 586 1040 quid
610 969 767 1036 merueris,
824 967 1364 1040 (tituradjustitiarntllom.x),inaliis
1380 967 1484 1033 tribus,
1502 966 1572 1022 Oris
1583 981 1653 1021 con·

60 1073 128 1113 rans
137 1059 235 1129 ipram
247 1059 361 1113 scilicet
370 1059 450 1112 illum
463 1061 643 1131 puiparatus
656 1064 701 1112 cst
710 1058 770 1111 dia·
822 1057 917 1113 fessio
926 1057 958 1112 dt
967 1058 1004 1113 ad
1014 1056 1255 1128 salutcnrtibid.).
1266 1052 1414 1126 Septimus
1426 1057 1518 1110 currit
1528 1072 1582 1127 per
1593 1071 1655 1110 om·

60 1147 453 1218 rupclisep'ustifattb.xxvi,
467 1151 494 1203 et
505 1147 769 1218 eaetcramalaquaa
823 1163 876 1202 nes
889 1147 1009 1219 gradus
1022 1147 1103 1201 llane
1116 1146 1337 1201 confessionem
1348 1145 1650 1216 quatuorimpediunt:

60 1235 145 1290 dibus
161 1236 237 1291 loeis
256 1238 443 1292 cumulantur
457 1241 485 1292 et
500 1241 656 1306 creseunt3
671 1236 768 1306 tertio,
823 1237 931 1306 Pudor,
948 1251 1006 1308 quo
1022 1252 1089 1306 qum
1106 1236 1321 1306 commisimus,
1338 1235 1543 1290 erubescimus
1560 1234 1654 1289 confl-

62 1341 77 1378 s
93 1325 165 1396 quid
179 1327 326 1395 amiseriS,
344 1327 422 1381 bona
438 1331 516 1381 corle
531 1327 579 1380 illa
592 1344 653 1399 quie
670 1326 771 1381 oculus
823 1327 888 1380 teri.
900 1325 975 1380 lluie
986 1324 1330 1395 tripliciterobviandum
1342 1328 1397 1392 est,
1417 1323 1653 1378 consideratione

60 1420 89 1484 a,
103 1419 158 1469 ete.
172 1414 276 1484 (ICor.
287 1416 451 1485 uiltorum
463 1416 771 1484 considerationepcr·
824 1413 957 1484 rationis,
975 1430 1041 1486 quaa
1058 1415 1190 1469 confiteri
1207 1415 1322 1481 mouel3
1339 1413 1503 1467 reverentia
1514 1411 1654 1465 intuentis

70 1504 164 1557 transi
180 1503 216 1557 nd
231 1505 396 1559 secundum
407 1505 541 1576 gradum,
554 1505 604 1576 qui
615 1509 660 1559 est
674 1505 770 1575 pomi·
824 1503 887 1573 Dei,
904 1519 991 1574 quem
1007 1504 1046 1558 nil
1058 1505 1144 1574 latet,
1160 1503 1285 1575 majoris
1302 1502 1489 1557 confusionis
1504 1516 1655 1570 compara-

60 1595 84 1646 et
104 1592 169 1662 ipsa
185 1593 328 1647 triformis
344 1597 390 1647 est
408 1610 413 1648 :
431 1598 461 1648 ut
486 1594 627 1663 paeniteat
649 1598 676 1648 te
691 1593 769 1664 quod
823 1593 912 1662 tione,
929 1594 1066 1664 quoniam
1082 1595 1112 1648 iu
1138 1594 1236 1648 futuro
1257 1595 1361 1647 cuneta
1374 1592 1503 1645 crimina
1519 1589 1656 1645 omnibus

60 1681 128 1735 accis
141 1684 168 1735 et
179 1683 307 1736 miseriae
319 1682 432 1752 peceati
443 1683 554 1737 diutius
565 1683 696 1753 jacuisti,
709 1699 770 1753 poc·
823 1683 973 1753 patebunt.
990 1683 1126 1739 Secundo
1142 1684 1239 1754 timor,
1262 1682 1311 1752 qui
1334 1682 1494 1752 plerosque
1519 1679 1658 1750 opprimit

61 1785 88 1823 m
102 1785 185 1841 ogas,
203 1787 311 1841 corpus
322 1775 474 1840 conterno,
493 1776 521 1826 et
536 1771 694 1825 furibundo
707 1787 769 1824 car·
825 1788 862 1827 ne
879 1773 964 1844 gravi
979 1789 1065 1843 poena
1079 1772 1278 1842 percellantur
1294 1774 1320 1825 ct
1336 1787 1400 1825 eam
1416 1770 1494 1825 ferre
1509 1785 1569 1824 non
1583 1784 1656 1838 pos-

60 1857 92 1913 lo
108 1859 322 1913 incentivorum
339 1860 453 1914 semina
468 1860 658 1925 subtrabens,
677 1860 769 1930 paeni·
784 1830 812 1894 B
828 1862 896 1915 sint.
912 1861 1129 1916 lluiesimiliter
1141 1861 1235 1914 tribus
1246 1859 1446 1914 occurendum
1466 1861 1525 1913 est:
1556 1858 1658 1912 eonsi-

60 1963 106 2002 ton
131 1948 267 2003 admittas
292 1949 434 2019 amplius,
459 1966 495 2004 ne
517 1949 625 2004 vulnus
647 1948 769 2003 vulnere
829 1950 1057 2022 derandnquam
1082 1951 1183 2021 gravis
1207 1950 1246 2004 sit
1271 1965 1356 2018 poena
1385 1948 1540 2019 gehennae,
1572 1963 1659 2017 quarn

60 2051 93 2091 ns
109 2036 279 2108 frequenter
302 2038 477 2111 confringas
495 2055 564 2093 ossa
580 2039 685 2093 animae
701 2042 770 2093 tuac.
827 2039 915 2111 longa
940 2043 968 2093 et
983 2039 1187 2110 infructuosa,
1208 2039 1373 2094 econtrario
1389 2038 1469 2108 qnod
1489 2036 1660 2107 paenitentia

60 2141 190 2180 noscens
216 2131 244 2181 et
268 2129 415 2196 paenitens
441 2128 590 2182 transvola
606 2127 640 2181 ad
657 2128 773 2182 tertium
826 2128 1057 2200 pracseasleriS,
1068 2131 1281 2196 momentanea,
1296 2127 1457 2181 fructuosa.
1471 2125 1604 2196 Veroqur
1617 2124 1657 2177 ti-

74 2215 124 2286 qui
140 2218 186 2270 est
199 2216 283 2271 dolor
298 2216 408 2273 cordis
423 2217 457 2271 Et
477 2218 524 2271 bio
550 2218 670 2288 triplex:
693 2232 772 2285 acolt,
827 2224 907 2272 nient
914 2217 1062 2289 pruinam,
1077 2218 1173 2272 irruet
1183 2233 1274 2289 snper
1286 2214 1485 2285 eosnirtdob.
1495 2213 1653 2281 vr).Tertio

63 2305 237 2358 acerrimus
250 2308 327 2360 Acer
345 2305 438 2375 dolor,
458 2307 526 2378 quia
544 2305 714 2361 Creatorem
730 2305 773 2359 of·
829 2322 910 2376 spes,
924 2306 1106 2377 quae'multos
1120 2307 1225 2376 obruit,
1243 2306 1314 2360 dum
1328 2304 1489 2375 praesentia
1504 2303 1658 2374 cupientes

59 2434 66 2462 ,
79 2392 167 2464 eujus
181 2394 277 2466 legem
290 2411 356 2449 eum
368 2395 694 2449 coelestiaetterrestria
707 2410 774 2448 eon·
830 2396 1029 2451 conscientias
1040 2396 1154 2466 aperire
1166 2396 1278 2465 nolunt,
1291 2410 1327 2448 ne
1340 2394 1366 2448 si
1376 2393 1480 2465 quales
1489 2391 1660 2447 suntbomi-

70 2482 101 2536 in
111 2486 190 2537 tanta
203 2484 355 2554 republica
371 2485 434 2552 Dei,
450 2487 482 2538 tu
495 2484 579 2538 solus
592 2484 771 2555 peregrinus
829 2486 918 2540 nibus
928 2489 1111 2556 apparerent,
1124 2485 1159 2538 ad
1170 2484 1248 2539 nulla
1258 2483 1500 2555 prasaaiabona
1517 2495 1661 2535 conscen-

60 2574 199 2626 aratoria
216 2572 381 2644 maiestatis
400 2573 550 2627 dexteram
566 2576 777 2627 contemnens·
830 2575 942 2629 dorent.
954 2576 1062 2629 Contra
1076 2590 1163 2646 quam
1178 2573 1386 2627 inculcandum
1401 2572 1447 2625 est
1469 2571 1547 2625 bona
1567 2568 1658 2640 hujus

63 2661 131 2732 quia
142 2661 698 2717 cumCreatorePatremetiamadiram
709 2677 777 2732 pro·
829 2664 933 2718 saeculi
947 2680 1034 2736 quarn
1050 2664 1161 2718 ineerta
1176 2665 1204 2718 et
1217 2664 1431 2730 momentanea,
1450 2659 1549 2713 futura
1572 2673 1659 2730 quam

60 2751 124 2821 ,qui
136 2751 187 2805 tibi
197 2752 342 2806 ministrat
360 2751 491 2822 siderum
510 2768 618 2806 cursus
639 2755 667 2806 et
688 2752 771 2806 frue—
834 2753 893 2807 sint
903 2756 982 2808 certa
994 2755 1150 2807 etaetcrna.
1162 2751 1270 2816 Quarto
1283 2751 1450 2822 desperatio
1467 2749 1576 2803 multos
1588 2747 1660 2802 inte·

60 2841 181 2894 atatem.
194 2841 375 2911 acerrimus,
387 2841 770 2912 quipertranseatanimum,
827 2843 915 2913 rimit,
932 2842 999 2914 quia
1019 2845 1152 2897 metuunt
1171 2857 1207 2895 ne
1233 2841 1350 2911 possint
1365 2839 1526 2893 continere.
1552 2835 1660 2891 Contra

61 2928 198 2983 nellcium
208 2931 423 3001 contempseris
432 2930 772 3002 ejusquidoleremcru·
828 2931 903 2987 hane
915 2932 1001 3003 rigor
1012 2930 1223 2999 confessionis,
1240 2929 1335 3000 gratia
1351 2927 1534 2997 bumilitatiS,
1552 2928 1659 2981 eteoa·

60 3016 461 3090 inuit,acdoloremamplius
473 3020 640 3075 sustineres
651 3020 769 3076 inferni.
827 3020 1001 3075 llrmationls
1018 3020 1098 3074 illius
1114 3021 1161 3073 est
1174 3018 1331 3088 aperienda
1348 3016 1523 3071 constantia.

60 3106 179 3161 nteriori
196 3107 314 3162 homine
327 3108 451 3179 justitiae
463 3112 612 3180 generatae
629 3109 769 3166 surculus
916 3110 978 3164 Tar.
994 3108 1039 3164 Cf.
1060 3108 1140 3174 Qired
1154 3107 1242 3162 dedic
1258 3105 1421 3176 tripliciter
1439 3104 1568 3159 dicatur.

61 3197 73 3249 t
87 3194 117 3250 in
132 3196 279 3267 arborem,
290 3200 317 3252 et
328 3198 406 3269 quod
422 3198 603 3253 couscientia
618 3202 706 3269 tenet,
719 3198 771 3253 liu·
864 3198 958 3253 l-lodie
972 3198 1069 3251 tribus
1084 3196 1181 3251 modis
1197 3195 1313 3261 dieitur,
1331 3193 1400 3264 quia
1415 3192 1494 3247 aliud
1509 3195 1555 3247 est
1576 3193 1658 3246 trun·

60 3289 155 3356 uetur,
172 3289 204 3341 ut
219 3288 363 3342 ascendas
379 3289 416 3342 ad
427 3292 561 3359 quartum
573 3288 706 3359 gradum,
719 3289 769 3359 qui
827 3288 961 3342 sitorum.
974 3287 1058 3341 Unde
1070 3303 1075 3340 :
1089 3286 1125 3341 Si
1135 3285 1234 3339 fenum
1249 3284 1323 3357 pared
1338 3282 1426 3337 bodie
1440 3282 1519 3337 viret
1538 3288 1567 3336 et
1587 3296 1656 3337 eras

69 3375 232 3430 confessio.
245 3376 315 3441 Quae
330 3377 416 3432 debet
428 3377 582 3446 tripliciter
594 3377 670 3430 lieri:
678 3393 767 3447 pure,
826 3376 1011 3432 inclibaaurn
1022 3376 1163 3444 mittitur,
1171 3374 1302 3428 Deussic
1317 3373 1474 3438 vastitate.
1483 3371 1657 3441 (fletiferi).

60 3478 100 3532 er,
119 3465 253 3518 fideliter.
279 3467 365 3534 l'urc,
383 3469 414 3519 ut
434 3466 506 3519 nibil
528 3465 692 3534 subticeam,
718 3466 772 3520 sed
826 3466 913 3520 Aliud
931 3466 1127 3535 reciprocum.
1145 3463 1230 3518 Unde
1252 3462 1422 3536 apostolus:
1448 3457 1661 3517 Adfiertemiai

64 3553 248 3622 putredinem
260 3570 380 3608 evomas
391 3555 550 3622 vitiorum,
567 3554 726 3623 humiliter,
739 3558 771 3609 ut
826 3555 954 3608 laricem
968 3571 1026 3626 pcr
1041 3552 1175 3626 sinpufoa
1185 3553 1252 3607 dies
1268 3551 1360 3605 donee
1375 3549 1470 3605 Hodie
1479 3549 1663 3621 oopnomina·

59 3642 207 3711 ore,sltin
219 3643 630 3715 corilo.Namutriquereges
642 3644 772 3715 Davidet
827 3642 1063 3714 tur·(lla²h1‘.111).
1080 3643 1167 3696 alind
1183 3645 1336 3697 aeternum.
1353 3639 1454 3694 Unde:
1471 3639 1537 3710 Epo
1565 3639 1655 3694 bodio

60 3734 171 3786 terunt:
185 3731 324 3801 Peccari,
338 3734 391 3787 sed
402 3733 471 3788 Saul
483 3733 612 3787 audivit:
631 3733 771 3787 l'ranstu·
824 3735 915 3805 perlui
930 3739 959 3788 te
975 3733 1122 3804 (Psalmi).

60 3820 126 3874 inus
136 3836 260 3892 requam
273 3828 349 3876 tuam
364 3838 379 3876 a
393 3828 430 3888 te,
446 3827 475 3876 et
485 3822 569 3876 dabit
580 3821 654 3876 illud
668 3822 772 3877 camille
827 3823 888 3878 Tra.
900 3822 1015 3879 CILDe
1031 3822 1144 3894 triptici
1159 3821 1306 3876 bominum
1317 3824 1405 3888 statu,
1419 3823 1448 3872 et
1461 3815 1573 3890 triplici
1583 3814 1634 3875 obl
1650 3845 1662 3863 ·

60 3924 103 3981 ep.
122 3912 184 3978 xv).
206 3911 297 3965 David
313 3915 430 3966 autem:
448 3911 612 3965 Transtulit
630 3911 772 3965 Dorulaus
1065 3911 1144 3966 tione
1160 3911 1255 3964 elatem
1271 3907 1418 3962 facienda.

60 4014 87 4052 m
104 4005 190 4063 triani,
210 4005 238 4054 ct
254 4015 310 4054 nen
325 4001 468 4055 morieris
485 4000 514 4071 (Ι
527 4001 601 4071 llep.
618 4000 680 4067 κη).
697 3997 771 4063 Quia
860 3999 933 4055 Tres
948 4003 1018 4055 sunt
1038 4002 1133 4054 status
1156 3998 1299 4052 hominis:
1325 3997 1441 4050 Primus
1460 3995 1653 4066 peanitentiae,

61 4086 89 4141 io
105 4087 213 4157 Saulis,
230 4102 296 4159 quae
312 4089 341 4143 ia
358 4105 408 4143 ore
425 4090 488 4158 fuit,
504 4105 564 4144 non
580 4089 634 4142 tuit
656 4089 686 4142 in
702 4104 770 4143 eor·
827 4088 1125 4161 secundusjustitia,
1143 4089 1245 4143 tertius
1260 4088 1329 4143 ritae
1345 4089 1473 4141 aeterna).
1501 4084 1537 4140 Et
1551 4101 1659 4141 seeun-

60 4178 278 4249 tramititusque
295 4179 324 4232 in
340 4195 390 4233 ore
408 4179 500 4232 David
516 4179 638 4248 exstitit,
656 4178 686 4232 in
701 4194 769 4233 eor·
824 4178 1210 4234 dumtresistosstatnstria
1222 4177 1365 4233 debemus
1379 4174 1485 4231 offerre
1500 4175 1658 4231 sacrificia.

60 4267 137 4321 avit,
154 4267 302 4336 Fidetiter,
324 4271 355 4321 ut
376 4268 405 4322 in
421 4268 478 4322 fado
507 4268 652 4322 Ecclesiae
669 4268 769 4322 eredat
825 4268 963 4338 lnprimo
975 4271 1052 4323 statu
1067 4268 1248 4323 sacrificium
1268 4267 1526 4336 compunctionis3
1550 4265 1581 4319 in
1604 4281 1656 4319 se-

60 4359 128 4410 :eata
144 4357 258 4427 dimitti,
276 4358 343 4429 quia
358 4357 429 4413 Cain
444 4361 472 4412 et
486 4358 661 4428 iuduspure
673 4361 701 4412 et
715 4358 768 4412 hu·
824 4357 932 4426 cundo,
949 4357 1036 4413 bonae
1050 4357 1249 4428 operationis;
1265 4356 1406 4425 intortio,
1422 4355 1520 4410 laudis
1532 4357 1561 4408 et
1573 4353 1655 4425 juhi-

60 4445 191 4500 eonfessl
207 4450 286 4516 sunt,
311 4448 365 4502 sed
380 4464 438 4502 non
453 4448 588 4516 fideliter,
606 4447 674 4518 quia
694 4408 808 4502 alterD
824 4446 953 4503 lationis.
963 4447 1139 4518 llootriplici
1150 4446 1298 4502 sacrificio
1310 4443 1416 4499 offerre
1427 4460 1483 4498 nos
1494 4444 1555 4498 Deo
1570 4442 1658 4514 julie·

61 4549 98 4588 ns
114 4535 150 4589 ad
165 4536 304 4607 laqueum
320 4538 458 4608 cucurrit,
475 4537 550 4591 alter
568 4536 640 4591 illud
655 4536 767 4608 grande
825 4536 1090 4592 mureumdicitur:
1102 4531 1612 4602 Secrideatesacrifieiumjustitiae,
1625 4535 1656 4585 et

60 4625 196 4680 tremuit:
215 4626 315 4698 Major
330 4633 376 4681 est
395 4627 539 4698 iniquitas
550 4641 615 4681 naeu
632 4641 716 4698 quam
733 4631 764 4680 ut
822 4624 1280 4698 sperateinDemirrotPsal.1v).
1300 4621 1416 4676 Initium
1440 4618 1518 4675 enim
1530 4619 1655 4690 ,iustitiae

61 4729 182 4769 merear
197 4714 284 4785 (Gen.
295 4718 346 4783 rr).
360 4714 499 4785 Sequitur
509 4716 631 4786 quintus
642 4717 766 4786 gradus.
823 4718 869 4770 est
880 4715 1077 4785 companatio,
1089 4713 1242 4785 profectus
1258 4711 1325 4782 ejus
1342 4709 1483 4779 operatio,
1493 4708 1570 4763 bona
1586 4724 1656 4764 eon-

63 4802 90 4858 io
102 4804 210 4874 carnis,
223 4803 422 4875 qtrmjcjuniis
433 4804 581 4875 etvigiliis
591 4804 767 4859 attenuanda
823 4805 978 4859 seminatio
994 4804 1101 4874 ipsiuS,
1118 4804 1183 4857 laus
1199 4802 1266 4855 iata
1276 4797 1651 4869 aeternannumquodque

60 4907 131 4948 nova
143 4894 295 4965 prurigine
306 4894 342 4946 ad
354 4893 560 4962 voluptuosam
572 4893 661 4948 vitam
676 4908 766 4947 revo—
822 4893 946 4947 istorum
955 4908 1040 4948 suam
1052 4888 1366 4961 habetpinguedinem.
1376 4886 1506 4940 Primum
1516 4886 1655 4958 butyrum

60 4997 197 5052 equoque
208 4982 361 5052 tripliciter
371 4982 420 5035 fiat
431 4998 436 5036 :
449 4981 582 5050 licenter,
601 4983 669 5053 qnia
685 4982 765 5053 quod
820 4980 993 5038 humilitatis
1008 4981 1172 5036 secuudum
1187 4978 1285 5034 oleum
1299 4975 1500 5047 discretionis,
1517 4976 1648 5049 tertium,

60 5068 172 5140 leentia,
185 5087 269 5126 vanae
286 5072 389 5143 gloriae
405 5071 591 5140 deputabitur
606 5087 666 5127 non
681 5088 761 5126 incr·
819 5071 987 5126 balsamum
1003 5069 1162 5125 eharitatis.

60 5159 166 5225 realtar,
188 5166 217 5214 ut
235 5160 493 5215 nesciat.sinistra
515 5165 561 5214 tua
581 5161 650 5232 qaid
672 5162 765 5216 faeiat
820 5161 881 5215 Tm.
895 5159 968 5215 CIII.
984 5159 1029 5214 De
1045 5158 1143 5213 tribus
1159 5157 1359 5213 testimonium
1372 5156 1607 5230 perhibentibus
1622 5158 1653 5212 in

78 5252 125 5302 tue
136 5248 255 5319 (ittarta.
267 5254 323 5320 r1)3
335 5251 474 5319 discrete,
485 5252 516 5303 ut
529 5250 578 5303 fiat
589 5266 641 5320 pro
654 5266 761 5320 eorpo-
856 5249 934 5315 caele,
952 5255 982 5305 ot
999 5247 1120 5304 totidem
1135 5247 1166 5302 in
1183 5253 1277 5319 terre,
1304 5252 1334 5302 ot
1358 5247 1480 5303 totidem
1509 5247 1650 5303 inferno:

61 5336 157 5392 citato.
171 5338 220 5394 Sic
235 5339 420 5393 illuminatus
435 5339 570 5409 procedit
585 5339 620 5392 ad
632 5342 760 5409 sextum,
855 5354 983 5394 rursum.

60 5428 191 5482 :orreetio
204 5429 313 5499 operis
324 5430 356 5482 ut
370 5444 475 5487 onmes
492 5429 649 5484 sensuales
665 5432 762 5483 motus
859 5429 933 5484 Tres
946 5433 1014 5483 saint
1026 5428 1075 5500 qui
1090 5427 1366 5482 testimoninmdant
1378 5426 1408 5481 in
1418 5426 1498 5482 eoelo.
1512 5424 1606 5478 Pater
1621 5427 1651 5478 et

60 5515 225 5572 ontinentiae
240 5517 406 5586 refrenans,
433 5518 531 5572 veniat
550 5519 585 5572 ad
606 5517 762 5588 septimum
819 5517 916 5572 Filius
927 5523 956 5573 et
964 5517 1098 5590 Spiritus
1109 5523 1240 5573 sanatus.
1262 5516 1336 5571 Tres
1360 5517 1391 5569 in
1409 5522 1492 5570 terra
1507 5511 1651 5582 Spiritus

60 5645 64 5670 ,
79 5605 132 5676 qui
147 5609 193 5660 est
204 5608 426 5677 perseverantia
440 5606 591 5663 bonitatis.
610 5607 645 5660 Et
660 5607 689 5661 in
706 5608 762 5662 hoe
819 5624 903 5680 aqua,
914 5614 943 5662 ct
960 5607 1084 5680 sanquis
1099 5606 1127 5678 (l
1139 5606 1221 5662 dean.
1246 5605 1287 5675 v).
1307 5603 1448 5660 Similiter
1470 5602 1500 5656 in
1515 5598 1651 5661 inferno:

76 5694 196 5751 vocabit
211 5698 238 5752 te
255 5696 398 5754 [lominus
414 5713 480 5753 cum
496 5695 598 5770 lttopse
615 5696 650 5752 de
666 5697 761 5753 medio
818 5700 851 5758 ut
866 5698 896 5754 in
912 5696 987 5754 isaia
1002 5695 1151 5772 legimus:
1174 5693 1291 5758 Vermis
1306 5708 1409 5751 eorum
1423 5708 1480 5753 noa
1495 5689 1665 5760 morietur,
