3796 6022
132 438 224 506 quare
239 432 397 504 patiuntur.
413 428 504 483 Poena
518 427 648 482 hominis
660 424 742 499 justa
752 430 807 497 est,
820 428 888 499 qaia
900 442 966 498 pec·
980 411 1009 472 Α
1023 432 1051 484 et
1061 446 1202 485 recessus
1212 430 1362 485 animaead
1373 429 1466 486 Deam
1477 431 1541 488 sive
1550 447 1566 486 a
1575 431 1648 488 Deo.
1658 429 1811 486 decessus
1821 431 1854 485 ad

135 523 221 579 cavit.
240 522 352 576 Cetera
368 532 458 589 quare
473 516 644 588 puniuntur,
660 533 727 588 quae
742 533 800 571 non
820 532 966 587 peccave·
1024 518 1126 588 Deum,
1138 534 1281 574 recessus
1292 535 1308 572 a
1319 519 1390 575 Dee.
1404 520 1532 575 Abeunti
1542 521 1598 575 iter
1607 523 1653 575 est
1662 534 1717 590 per
1727 521 1852 590 noctem;

134 614 220 669 rant?
231 610 288 665 Sed
304 623 370 678 qaae
385 605 661 676 proptcrhomincm
672 605 748 659 iacta
759 610 837 675 sunt,
847 609 967 677 propter
1022 606 1157 661 redeunti
1171 607 1226 661 iter
1240 611 1287 662 est
1301 624 1354 678 per
1372 608 1458 663 diem.
1481 609 1557 675 Quot
1577 608 1716 664 noctibus
1732 608 1851 678 recedit,

134 702 281 758 hominem
297 696 466 765 puniantur.
483 695 618 765 Amplius
635 695 731 748 adbuc
753 710 758 749 :
781 696 848 765 qaia
865 697 890 749 si
907 712 966 749 aon
1022 698 1064 750 tot
1080 695 1185 750 diebus
1200 695 1285 750 redit.
1301 696 1429 751 Abeanti
1444 698 1547 767 primae
1559 697 1655 752 noetis
1671 697 1730 751 iter
1747 700 1793 752 est
1807 714 1853 769 ρει·
1883 708 1886 773 5

125 789 290 862 peccasset
305 785 401 851 bomo,
418 783 586 837 laborarent
601 785 721 853 propter
735 784 882 838 hominem
899 800 965 855 quae
1024 784 1203 853 superbiam,
1220 800 1277 854 qua
1293 784 1386 838 Deam
1401 784 1520 840 deserit.
1537 785 1682 841 Secundae
1693 785 1791 840 noetis
1805 784 1853 840 iter

124 880 254 950 ¹propter
266 874 415 927 hominem
430 871 505 925 lacta
523 876 601 941 sunt,
617 876 649 926 ut
663 873 737 926 sciat
757 873 844 927 homo
866 874 965 943 quanti
1024 875 1070 925 est
1085 888 1137 941 per
1151 875 1432 942 concupiscentium,
1445 890 1502 945 qaa
1513 875 1569 931 alia
1579 879 1688 945 praeter
1698 874 1790 929 Deum
1805 890 1852 944 ap·
1883 930 1886 953 ἱ

133 970 179 1022 εει
193 964 270 1034 apud
287 963 378 1016 ileum
394 961 476 1014 salas
492 976 561 1027 sua,
578 977 630 1031 pro
647 976 704 1031 quo
721 962 818 1014 omnia
833 961 966 1015 laborant
1024 960 1104 1031 petit.
1116 960 1222 1015 Tertiae
1232 962 1327 1015 noctis
1345 962 1399 1016 iter
1410 967 1456 1017 est
1470 979 1523 1032 per
1537 963 1747 1018 obstinantiam
1762 961 1853 1035 [obsti
1883 964 1886 1043 l

132 1071 169 1110 ne
185 1053 269 1108 solas
284 1051 348 1120 ipse
363 1050 484 1118 laboret,
502 1052 529 1103 et
548 1052 578 1103 at
593 1048 688 1102 diseat
710 1065 825 1118 pinnam
848 1051 962 1120 timere,
1025 1047 1192 1120 nationem,
1209 1065 1266 1119 qua
1283 1050 1312 1103 in
1327 1050 1431 1104 alienis
1447 1055 1530 1104 extra
1541 1051 1632 1105 Deum
1643 1051 1814 1123 requiescit.
1825 1051 1852 1105 lu
1882 1048 1886 1077 ¹

134 1158 252 1215 poenam
268 1140 372 1193 videns
388 1136 583 1191 laborantium
597 1137 627 1191 in
641 1153 737 1206 poena.
1025 1136 1165 1205 superbia
1180 1141 1226 1191 est
1241 1139 1371 1206 vanitas3
1392 1139 1422 1193 in
1437 1138 1678 1211 coucupiscentia
1693 1138 1852 1205 delectatio,
1883 1166 1886 1215 ι

136 1233 198 1286 Trr.
214 1229 301 1285 cxl..
313 1225 459 1292 Quomodo
474 1226 557 1280 bomo
571 1243 587 1279 a
602 1225 664 1280 Deo
679 1240 709 1280 er
724 1242 740 1279 a
755 1242 788 1280 se
799 1227 928 1281 recessit
939 1232 968 1280 et
1025 1225 1055 1279 in
1067 1224 1246 1283 obstinantia
1258 1241 1437 1282 consensus.
1453 1227 1678 1282 Pervenitatem
1688 1227 1852 1299 igiturabit,

429 1313 567 1385 qaoraodo
582 1313 673 1369 redit.
1025 1329 1078 1383 per
1092 1312 1315 1368 delectationem
1331 1318 1398 1384 stat,
1415 1331 1468 1385 per
1484 1332 1664 1371 consensum
1685 1315 1779 1371 sedet.
1804 1316 1855 1370 Per

173 1408 267 1461 Homo
283 1404 409 1475 primum
419 1418 472 1472 ρει·
482 1402 653 1472 superbiam
663 1404 817 1457 necessita
831 1402 906 1470 De03
917 1418 969 1472 po·
1026 1402 1220 1472 saperbiama
1233 1403 1292 1457 Deo
1301 1404 1445 1458 recedens
1453 1405 1534 1459 vadit
1543 1405 1579 1459 ad
1591 1420 1634 1475 se,
1651 1406 1683 1459 ut
1693 1407 1854 1477 requiescat

136 1500 199 1551 stra
215 1510 268 1563 per
283 1491 554 1561 concupiscentiam
565 1491 691 1545 recessit
701 1507 717 1544 a
728 1493 899 1562 semetipso.
913 1490 970 1545 Per
1025 1490 1055 1544 in
1072 1507 1114 1545 se.
1133 1492 1189 1545 l’er
1198 1492 1468 1561 concupiscentiam
1480 1493 1633 1548 descendit
1647 1493 1705 1548 sab
1717 1510 1762 1563 se,
1779 1497 1855 1548 utre

135 1583 307 1654 suprarbiam
319 1579 622 1635 iactusestdiabolas
634 1580 688 1633 Per
698 1580 969 1650 concupiscentiam
1026 1579 1159 1650 quiescat
1174 1580 1203 1633 in
1219 1595 1317 1634 earne.
1341 1580 1399 1635 Per
1412 1581 1620 1637 obstinantiam
1637 1580 1764 1636 trahitur
1779 1586 1854 1636 extra

135 1673 232 1728 factus
248 1673 293 1725 est
307 1671 384 1724 sicut
399 1684 490 1740 equas
505 1675 534 1723 et
549 1668 653 1738 narlrrs,
671 1669 776 1740 qrribas
790 1685 847 1723 non
863 1675 910 1724 cst
924 1670 982 1751 iu·x
1027 1683 1069 1732 se,
1087 1671 1118 1721 ut
1133 1669 1301 1738 requiescat
1315 1669 1344 1723 in
1355 1685 1442 1725 carne
1451 1670 1613 1725 visibilium
1623 1671 1735 1742 specie,
1753 1674 1781 1727 et
1794 1687 1854 1742 per·

136 1761 272 1816 tellectas
292 1756 386 1829 (I’sal.
413 1758 506 1828 xxxi).
533 1757 619 1811 Nunc
642 1773 695 1827 per
710 1758 902 1812 bumilitatem
919 1774 968 1812 re·
984 1716 1011 1814 ii
1026 1760 1142 1810 maneat
1163 1758 1193 1810 in
1216 1757 1419 1813 delectatione.
1446 1760 1586 1829 Primam,
1608 1759 1688 1814 vadit
1703 1761 1739 1814 de
1754 1759 1853 1814 virtute
1886 1794 1889 1801 ·

135 1850 258 1905 vertitur
276 1847 313 1901 ad
329 1848 431 1917 Deam,
448 1862 501 1917 ρει·
516 1846 688 1900 munditiam
704 1849 864 1902 revertitur
878 1847 914 1900 ad
926 1863 971 1901 se·
1029 1861 1084 1899 sua
1095 1845 1226 1917 gloriari,
1242 1847 1385 1917 secando,
1403 1848 1482 1902 vadit
1498 1848 1527 1901 in
1537 1849 1618 1903 vitiis
1629 1849 1694 1903 suis
1705 1848 1853 1916 delectam

135 1939 304 2009 metipsum.
321 1936 378 1990 Per
393 1936 586 1990 bumilitatem
608 1939 738 1990 meretur
759 1936 893 2007 gloriam.
914 1936 971 1990 Per
1026 1935 1123 2003 tertio,
1140 1935 1219 1989 vadit
1234 1936 1263 1989 ιιι
1278 1937 1459 1991 transitoriis
1476 1937 1634 1992 consolari.
1653 1937 1763 2006 Primo,
1774 1936 1856 1992 Male
1888 1972 1891 1991 .

136 2024 309 2083 munditiam
325 2027 454 2079 meretur
468 2024 719 2093 incorruptionem
733 2025 858 2095 gloriam
878 2025 968 2078 deita·
1027 2023 1125 2077 dictas
1134 2025 1217 2078 boare
1228 2025 1278 2096 qai
1288 2025 1407 2079 contidit
1420 2027 1449 2079 ιιι
1460 2027 1710 2097 lrominetdcrem.
1724 2025 1855 2091 xvir).Sc·

134 2118 184 2187 tis,
201 2113 453 2184 incorruptionem
465 2113 702 2167 immortulitatis,
1028 2113 1134 2182 cundo,
1147 2114 1203 2178 Qui
1207 2114 1291 2184 pouit
1302 2131 1421 2168 carnem
1432 2114 1676 2170 braclriamsuum
1688 2114 1790 2184 (ibid.)
1798 2115 1858 2168 Ter·

179 2206 241 2260 Tm.
258 2203 358 2259 CXLI.
378 2202 459 2267 Quod
474 2203 558 2256 bomo
572 2218 606 2255 se
622 2208 650 2255 et
664 2218 716 2256 sua
732 2201 807 2256 reale
822 2202 933 2274 diligit.
1027 2201 1078 2270 tio,
1099 2202 1154 2267 Qui
1164 2202 1298 2272 speravit
1309 2204 1340 2256 ιιι
1351 2203 1539 2259 multitudine
1549 2204 1725 2259 divitiarum
1736 2220 1856 2267 suarum,

504 229 724 294 arraanrx
745 210 803 291 ln
821 204 1017 294 launoius
1033 206 1185 294 bisai
1206 208 1472 294 boculares.

172 2294 225 2349 Est
241 2293 358 2365 quidam
373 2308 457 2346 amor
471 2291 600 2345 hominis
616 2292 652 2344 ad
668 2307 701 2344 se
717 2294 745 2345 et
759 2292 795 2344 ad
807 2307 871 2360 sua,
885 2291 920 2344 ad
931 2293 973 2345 vi·
1029 2297 1057 2344 et
1069 2291 1230 2361 praevaluit
1246 2292 1276 2345 ia
1297 2294 1427 2346 vanitate.
1443 2309 1495 2347 saa
1511 2291 1604 2359 (Psal.
1622 2292 1671 2362 nr).
1689 2293 1858 2348 Revertente
1892 2332 1894 2337 .

135 2388 194 2440 tem
210 2399 294 2439 suam
309 2385 337 2436 et
351 2381 387 2434 ad
404 2381 676 2450 concupiscentiam
700 2395 794 2434 suam.
820 2381 865 2433 nd
883 2381 971 2434 tritam
1028 2384 1124 2433 autem
1139 2381 1242 2450 primae
1258 2381 1315 2435 diei
1326 2381 1381 2435 iter
1394 2385 1439 2436 est
1450 2383 1567 2453 qaundo
1578 2382 1772 2437 intentionem
1782 2397 1858 2436 suam
1891 2376 1895 2387 '

137 2490 222 2530 suam
237 2472 305 2544 quia
321 2471 383 2524 vult
397 2470 445 2524 hio
462 2485 545 2538 esse,
558 2471 592 2523 ad
606 2467 876 2538 concupiscentiam
887 2485 973 2523 suam
1029 2469 1173 2524 convertit
1188 2470 1224 2523 ab
1234 2485 1268 2524 eo
1280 2470 1356 2540 quod
1369 2473 1451 2524 extra
1464 2471 1660 2541 ipsumestud
1671 2471 1700 2524 id
1711 2470 1791 2542 qaod
1802 2472 1859 2541 ipsa
1893 2516 1896 2541 ,

136 2580 194 2637 qua
209 2563 272 2616 vult
287 2560 335 2614 hic
351 2575 420 2615 esse
438 2576 503 2613 cum
520 2558 596 2611 istis.
624 2557 668 2609 Ad
693 2558 781 2610 vitam
803 2574 898 2627 suam,
915 2574 973 2629 qua
1029 2561 1083 2611 est.
1100 2558 1244 2612 Secundae
1261 2559 1319 2612 diei
1335 2560 1391 2613 iter
1406 2562 1451 2614 est
1471 2560 1588 2630 quando
1608 2559 1644 2613 ab
1663 2575 1699 2615 eo
1714 2561 1795 2631 quod
1809 2562 1858 2626 est,
1894 2572 1897 2639 Ι

138 2651 234 2723 diligit
260 2649 416 2718 mundam3
439 2647 476 2700 ad
501 2645 772 2715 concupiscentiam
795 2662 890 2715 suain,
916 2662 974 2716 qua
1028 2647 1125 2700 animo
1150 2647 1267 2701 ducitur
1284 2649 1320 2701 ad
1341 2649 1371 2702 id
1392 2649 1469 2719 quod
1486 2664 1555 2703 esse
1571 2649 1668 2704 debet.
1686 2649 1793 2704 Tertiae
1808 2649 1860 2702 dici
1897 2673 1898 2679 .

137 2740 234 2810 diligit
248 2755 282 2793 ea
296 2754 363 2809 qaae
378 2738 407 2789 in
424 2735 532 2789 mundo
549 2738 626 2788 sunt.
645 2735 689 2787 Ad
700 2735 789 2788 vitam
801 2750 896 2804 suani,
916 2751 972 2806 qua
1028 2734 1083 2789 iter
1099 2739 1144 2789 est
1158 2737 1275 2806 quando
1291 2753 1307 2790 a
1322 2737 1744 2808 perceptioneilluminationis
1756 2726 1861 2809 rapitur

138 2828 264 2901 negligit
287 2828 397 2894 Deum3
420 2824 456 2878 ad
491 2822 761 2892 concupiscentiam
791 2839 885 2891 suam,
916 2840 973 2894 qua
1028 2824 1186 2879 odientem
1201 2826 1331 2880 luminis.
1350 2827 1446 2880 Prima
1462 2827 1595 2882 reversio
1611 2827 1861 2881 estabelienisad

138 2917 325 2975 obliviscitur
342 2916 443 2970 Deum.
460 2914 504 2967 Ad
521 2914 610 2967 vitam
626 2929 721 2984 stram,
737 2915 973 2987 quarelagitad-
1029 2914 1157 2984 propria.
1174 2914 1310 2969 Secunda
1325 2918 1371 2969 est
1385 2932 1401 2968 a
1417 2917 1503 2970 malis
1519 2916 1555 2970 ad
1570 2916 1658 2970 bona.
1675 2916 1774 2970 Tertia
1789 2918 1861 2971 esta

137 3023 241 3077 versa3
257 3006 293 3060 ad
310 3000 580 3074 concupiscentiam
596 3019 681 3057 suam
696 3019 752 3074 qua
769 3005 878 3074 appetit
892 3021 974 3074 pros·
1030 3004 1128 3057 studio
1144 3004 1261 3057 virtutis
1277 3004 1313 3058 ad
1332 3005 1552 3075 perceptionem
1567 3006 1691 3059 internae
1706 3007 1736 3060 et
1749 3008 1862 3061 aeternoe

137 3113 217 3171 pera.
237 3093 357 3166 lielugit
371 3093 485 3161 timore,
503 3093 611 3163 appetit
632 3093 804 3163 cupiditate3
828 3097 856 3148 εῖ
870 3082 973 3148 vivant
990 3081 1206 3147 Cdulcedinis.

136 3186 267 3242 membra
285 3182 412 3237 hominis
429 3198 495 3252 quae
510 3197 569 3235 non
589 3184 658 3235 sunt
682 3183 855 3236 mortilicata
879 3198 972 3254 sapor

136 3278 255 3331 terram.
269 3273 377 3326 Vivant
392 3271 568 3325 etseatiuut.
584 3271 691 3325 Vivant
702 3272 891 3342 discretione,
905 3288 972 3327 sen-

137 3365 213 3419 tiuut
236 3361 440 3415 delectatione.
466 3360 650 3415 Discretione
675 3360 703 3413 ιιι
728 3361 807 3416 ιιοιιο
832 3366 860 3415 et
881 3362 971 3431 malo,

138 3451 330 3507 delectatione
347 3451 376 3503 in
393 3450 458 3504 solo
474 3450 563 3504 bono.
591 3450 774 3504 Discretione
797 3451 827 3503 ιιι
852 3451 890 3504 ιιε
906 3467 972 3521 quae

133 3540 240 3617 vodiunt
255 3543 283 3593 et
299 3539 438 3610 diligunt3
455 3538 647 3592 delectatione
659 3539 688 3591 in
702 3538 748 3592 bis
758 3555 824 3608 quer.
836 3539 970 3610 diligunt.

138 3628 174 3685 at
198 3629 388 3683 blandiuntur
411 3627 487 3682 oculi
512 3627 548 3680 ad
571 3627 689 3696 speeies
712 3627 916 3698 illecebrosas,
942 3632 973 3682 ιιῖ

138 3718 307 3791 ερειιιιιιῖιιι·
322 3718 357 3771 ad
373 3717 543 3770 videndum.
556 3715 751 3768 iilandiantur
761 3731 849 3770 aures
861 3716 897 3770 ad
909 3733 973 3770 ean-

137 3811 195 3865 tica
210 3824 330 3878 sonora,
346 3808 382 3861 ad
398 3806 489 3860 verba
504 3805 609 3874 otiosa,
626 3808 658 3858 ut
672 3806 841 3874 aperiantur
862 3805 898 3859 ad
919 3823 972 3860 aa·

138 3899 286 3955 diendum.
304 3897 498 3951 Blandiuntur
513 3910 601 3949 nares
612 3894 648 3947 ad
660 3893 781 3948 odorem
798 3910 930 3965 suavem,
943 3899 974 3949 ut

140 3990 309 4058 aperiantur
325 3986 359 4039 ad
377 3984 584 4039 olfaciendum.
602 3983 795 4038 Blandiuntur
813 3984 915 4039 lauces
937 3985 972 4038 ad

141 4091 266 4145 sapores
282 4074 395 4143 dulces,
411 4078 442 4127 ut
457 4073 626 4142 aperiantur
641 4073 677 4127 ad
693 4074 881 4145 gustandum.
893 4074 976 4127 Blan-

141 4164 262 4217 diuntur
276 4178 381 4217 manus
395 4162 431 4217 ad
447 4165 542 4216 tactus
558 4162 673 4233 molles,
690 4166 722 4216 ut
734 4165 925 4235 porrigantur
938 4164 975 4217 ad

140 4252 320 4323 tangendam
332 4267 338 4319 ;
350 4256 378 4305 et
389 4251 519 4304 luxuriat
529 4254 587 4305 lota
599 4267 698 4306 massa
707 4256 819 4307 naturas
832 4253 974 4307 lermculo

141 4341 259 4396 malitiae
275 4345 303 4395 et
319 4341 467 4412 nequitiae.
487 4340 613 4410 alatilia,
631 4341 659 4394 in
676 4342 847 4411 manifest03
873 4343 976 4413 neqai-

1047 3181 1108 3236 Trr.
1125 3182 1253 3237 CXLlll.
1274 3184 1419 3247 Quomodo
1433 3183 1514 3238 Deus
1528 3190 1557 3238 et
1572 3184 1657 3238 cibus
1672 3183 1848 3256 diciturpcr

1137 3256 1333 3325 coguitionem
1351 3262 1379 3309 rt
1392 3262 1480 3326 potas
1491 3272 1549 3326 per
1563 3255 1766 3310 dilectionem.

1067 3342 1145 3396 beas
1156 3348 1259 3397 noster
1269 3346 1297 3397 et
1309 3344 1394 3398 cibus
1407 3349 1435 3398 et
1453 3348 1540 3415 potas
1558 3347 1604 3398 est
1617 3360 1623 3400 :
1642 3345 1739 3415 cibus,
1751 3344 1863 3417 quando

1030 3433 1157 3486 sumitur
1171 3448 1225 3502 per
1239 3433 1454 3503 cognitionem3
1475 3438 1573 3503 potas,
1590 3434 1709 3504 quando
1725 3449 1780 3504 por
1792 3433 1863 3487 diie-

1030 3522 1167 3575 ctioaem.
1181 3521 1295 3592 Duplici
1308 3521 1363 3575 boc
1374 3538 1467 3576 sensa
1476 3523 1560 3576 beata
1569 3523 1666 3576 anime
1677 3523 1739 3577 Deo
1751 3521 1861 3586 lruitur,

1031 3611 1145 3664 scilicet
1161 3611 1330 3682 cognitione
1345 3615 1374 3664 et
1389 3611 1556 3681 dilectione,
1573 3612 1642 3682 quia
1656 3611 1862 3684 cognoscendo

1031 3700 1103 3752 vivit
1119 3702 1147 3753 et
1161 3699 1322 3770 diligendo.
1334 3686 1367 3754 ¹ln
1379 3700 1547 3772 cognitione
1558 3700 1669 3772 aliquid
1676 3701 1789 3755 laboris
1798 3715 1863 3756 esse

1031 3788 1157 3853 videtur,
1176 3805 1204 3841 ιιι
1221 3805 1279 3859 qua
1288 3790 1373 3861 quasi
1385 3790 1480 3858 cibus,
1497 3790 1556 3843 uisi
1568 3791 1652 3859 prius
1663 3805 1798 3858 mansus,
1809 3804 1864 3844 noa

1033 3879 1168 3933 sumitur.
1181 3879 1230 3932 Sic
1246 3881 1323 3932 euim
1339 3880 1529 3933 scrutationis
1542 3879 1642 3933 labore
1653 3877 1865 3948 perveniturad

1033 3968 1152 4038 gustam
1169 3967 1358 4039 cognitionis.
1376 3968 1547 4022 Dilectionis
1562 3971 1650 4037 potas
1666 3967 1866 4023 difficultatem

1033 4072 1092 4109 uon
1108 4056 1205 4125 habet,
1223 4059 1250 4110 et
1266 4056 1384 4110 facilius
1400 4057 1487 4111 intrat
1502 4059 1531 4110 in
1552 4056 1679 4111 animam
1704 4057 1775 4112 boni
1796 4056 1865 4110 dile-

1034 4146 1101 4214 ctio,
1118 4161 1205 4216 quam
1221 4145 1329 4199 occulti
1345 4146 1486 4216 cognitio.

1104 4235 1166 4288 Tm.
1183 4234 1311 4288 CXLIV.
1342 4234 1386 4288 lle
1402 4235 1481 4289 trina
1502 4234 1668 4290 relectione
1684 4236 1801 4290 animm.

1069 4323 1157 4377 Trina
1168 4323 1328 4378 relectione
1338 4323 1419 4378 Deus
1431 4325 1558 4378 animam
1568 4324 1683 4378 fidelem
1695 4325 1807 4394 pascit:
1820 4337 1867 4394 per

140 4431 199 4500 liae,
215 4432 245 4484 in
261 4431 446 4484 abscondito.
472 4430 599 4498 ilalitiie,
616 4430 645 4484 in
665 4447 762 4501 opero,
779 4433 928 4503 nequitiae,
947 4433 976 4484 in
991 4413 1018 4474 D
1035 4413 1172 4483 Verbum,
1201 4429 1253 4482 ΡΘΓ
1276 4417 1502 4484 sassl'flfflefliflfflr
1519 4429 1573 4484 affl·
1588 4414 1735 4484 spiritum·
1750 4412 1867 4478 Qu⁸fld⁰

142 4521 331 4593 cogitatione.
349 4521 475 4590 ltaliae,
494 4536 599 4574 careus
616 4521 800 4588 sinceritat03
826 4522 974 4591 nequitiae,

142 4627 247 4666 carens
264 4611 395 4664 veritate.
414 4609 448 4663 Et
464 4613 539 4662 arant
555 4611 641 4663 bomo
658 4626 799 4678 perverse
814 4627 847 4664 se
867 4616 894 4664 et
911 4627 975 4677 sao,

144 4705 172 4756 ct
186 4701 277 4756 nutrit
293 4700 435 4771 germina,
453 4703 480 4752 et
496 4698 616 4752 exbibet
630 4699 704 4752 mala
720 4700 851 4753 membra
867 4716 921 4753 suu
932 4716 977 4753 ar·

143 4806 189 4843 ma
206 4789 378 4859 iniquitatis,
397 4788 543 4858 abjiciens
558 4788 744 4857 disciplinam
771 4793 798 4842 et
818 4789 977 4842 bonitatem

144 4878 260 4945 odiens,
277 4892 312 4930 ne
327 4879 482 4930 contristet
496 4877 627 4930 membra
643 4893 710 4931 sira:
730 4878 807 4931 laxat
818 4878 899 4931 irena
912 4894 978 4932 oca·

143 4964 182 5018 lis
199 4969 226 5019 et
241 4965 373 5030 aaribaS,
392 4970 422 5018 ut
438 4967 546 5019 intrent
562 4970 589 5019 et
604 4971 710 5020 exeant
721 4967 756 5020 ad
766 4967 976 5022 delectationes

145 5069 216 5108 suas
232 5057 261 5106 et
276 5069 341 5107 cam
358 5054 602 5108 delectationibus
620 5057 695 5121 suiS,
712 5057 786 5110 etad
799 5072 901 5112 omacs
913 5072 980 5111 seu·

144 5157 210 5212 sas,
227 5145 258 5197 ut
273 5142 420 5212 gaudeant
435 5146 462 5196 et
478 5143 670 5198 confruaatur
687 5145 804 5215 gaudiis
814 5147 889 5216 saie,
901 5145 977 5200 luta-

145 5247 196 5286 ros
222 5231 341 5287 dolores
363 5247 422 5285 non
446 5232 642 5301 prospiciens,
669 5233 797 5303 primum
811 5250 865 5306 per
880 5235 977 5307 negli-

144 5321 284 5395 gentiam,
301 5324 403 5390 postea
418 5335 471 5391 per
486 5323 693 5391 contemptum.

145 5411 207 5466 Trr.
223 5408 338 5465 axell.
355 5408 400 5463 Dc
413 5409 525 5463 itinere
536 5408 624 5463 triam
640 5410 756 5465 dieram
772 5418 801 5466 et
811 5414 900 5468 trium
912 5429 978 5468 aoc-

172 5483 243 5537 tiam
252 5501 261 5547 ,·
279 5487 308 5536 ct
324 5480 360 5535 de
375 5496 497 5535 accessu
513 5481 550 5535 ad
566 5480 658 5536 licum
674 5488 704 5537 et
719 5499 843 5539 recessa
857 5485 895 5539 ab
910 5500 953 5540 eo.

181 5570 294 5628 Ibimus
311 5571 387 5627 viam
402 5569 491 5625 triam
506 5568 621 5626 dicrum
632 5571 664 5626 ιιι
675 5571 835 5640 desertam,
850 5579 879 5629 at
888 5574 979 5630 sacri·

146 5660 557 5738 doinuslleoaostrotlisod.
568 5662 622 5737 ιιι).
632 5661 686 5722 ast
700 5663 819 5740 quidam
833 5679 978 5725 accessus

1035 4518 1090 4556 nos
1104 4519 1158 4572 ρει·
1171 4503 1262 4556 verba
1278 4518 1332 4555 sua
1347 4505 1375 4555 et
1390 4506 1574 4557 sacramenta
1589 4503 1694 4574 reficit,
1712 4503 1867 4558 iavunrno·

1034 4592 1081 4645 bis
1092 4591 1237 4646 edendam
1249 4591 1394 4661 proponit.
1406 4591 1528 4655 Quando
1539 4607 1610 4646 vero
1621 4593 1764 4662 intuspcr
1774 4591 1864 4663 Spiri-

1034 4685 1095 4735 tum
1106 4697 1193 4734 suam
1204 4696 1259 4734 nos
1271 4681 1374 4749 reiicit,
1385 4680 1441 4733 mel
1454 4681 1541 4734 nobis
1551 4681 1731 4752 gustandum
1740 4680 1866 4736 ell'undit.

1056 4768 1118 4824 'lm
1135 4769 1248 4823 CXLV.
1268 4771 1339 4833 Quis
1354 4769 1410 4822 Dei
1426 4774 1494 4822 sant
1509 4770 1754 4840 incomparabilia
1770 4785 1845 4825 esso.

1072 4860 1184 4912 [livinae
1197 4862 1308 4912 naturae
1320 4858 1494 4912 excellentia
1510 4859 1548 4911 ita
1561 4858 1747 4912 omnifariam
1762 4861 1868 4913 incom-

1034 4948 1247 5018 prehensibilis
1265 4947 1415 5016 probatur,
1432 4947 1511 5017 qaod
1526 4963 1581 5001 nec
1597 4947 1664 5018 ejus
1681 4949 1868 5002 aeternitatem

1036 5053 1153 5109 aequare
1165 5040 1261 5106 potest·
1270 5040 1395 5106 tempus,
1409 5051 1464 5090 nec
1475 5037 1701 5091 immensitatem
1712 5038 1809 5107 loeus,
1820 5050 1869 5091 neo

1036 5131 1210 5197 potestatem
1226 5142 1311 5196 opus,
1329 5141 1384 5180 nec
1401 5126 1575 5196 sapientiam
1590 5142 1711 5181 sensus.

1036 5216 1058 5270 'l
1062 5234 1097 5270 rr.
1115 5214 1243 5270 CXLVI.
1267 5215 1348 5280 Quod
1363 5221 1392 5269 et
1408 5231 1460 5269 saa
1477 5222 1506 5269 et
1524 5215 1622 5269 aliena
1645 5215 1766 5270 ordinat
1784 5216 1870 5272 Deus.

1071 5305 1235 5376 Dispositio
1251 5305 1349 5358 divina
1366 5304 1395 5358 in
1409 5304 1547 5359 omnibus
1557 5304 1737 5375 operationis
1747 5321 1812 5361 sue
1822 5306 1874 5362 vir.

1036 5397 1128 5450 tutem
1141 5395 1280 5449 ostendit.
1298 5393 1331 5447 ln
1346 5393 1433 5448 bouis
1449 5392 1569 5467 quidem
1583 5394 1750 5466 dupliciter,
1768 5396 1800 5452 in
1813 5394 1872 5468 qai·

1037 5483 1095 5540 bas
1111 5487 1267 5556 atrumque
1278 5482 1357 5553 lacit,
1367 5485 1396 5539 et
1406 5485 1437 5538 at
1453 5483 1513 5540 siat
1526 5485 1556 5538 et
1570 5485 1602 5539 at
1616 5483 1750 5541 ordinata
1761 5484 1831 5542 sint.
1843 5483 1873 5540 la

1038 5574 1124 5630 malis
1140 5576 1238 5630 ιιιιῖειιι
1252 5572 1427 5647 simpliciter
1439 5573 1470 5627 ia
1486 5572 1743 5647 quibasnoalacit
1756 5575 1873 5652 quidem

1040 5667 1071 5724 at
1086 5663 1156 5738 siat,
1172 5663 1226 5722 sed
1241 5666 1353 5723 tantam
1367 5665 1399 5722 at
1413 5663 1546 5723 ordinata
1561 5665 1630 5725 sint.
