3796 6022
64 260 97 326 29
463 262 520 327 DE
535 262 696 326 BESTIIS
712 261 765 325 ET
778 259 890 325 ALIIS
907 259 1047 326 REBUS
1063 261 1192 327 LIBER
1206 263 1381 330 PRIMUS.
1744 264 1784 331 30

61 482 126 521 roro
140 483 288 538 passeres
297 468 334 522 ad
343 468 475 538 quinque
486 482 596 521 sensus
606 466 740 536 corporis
753 465 893 520 referunt.
909 436 1030 519 Adicat
1044 468 1073 518 et
1087 466 1248 532 confundit,
1268 466 1371 521 dicens
1383 481 1388 524 :
1399 466 1472 521 Diri
1480 484 1486 537 ;
1497 466 1661 524 conitebor
1675 469 1784 525 adrer-

61 557 128 611 ltem
148 558 274 611 :tl'onnr
290 557 345 612 diro
352 561 725 628 passeresasse·vaeneunt,
736 561 766 609 et
778 570 898 610 urrusex
953 568 1016 607 sum
1031 570 1077 608 mo
1092 555 1268 627 injustitiam
1288 573 1381 610 meam
1396 556 1528 621 Domino,
1546 564 1575 611 et
1592 565 1622 611 tu
1638 560 1786 616 remisisti

60 648 119 702 illis
136 665 196 703 non
214 648 300 702 cadet
311 664 402 719 super·
417 655 529 701 terram
538 647 655 719 absquo·
663 647 758 701 Patre
777 645 899 701 restro?
950 642 1783 716 impletatempeceatimoi(Psatxxml.Supereostriduo

59 738 166 805 sibiet.)
185 739 270 793 lfmlc
285 739 485 809 Hieronymus
507 740 546 806 (l)
566 755 572 792 :
590 758 601 786 r
619 738 648 792 Si
666 755 770 808 parva,
787 739 895 808 inquit,

10 840 20 881 .·
58 828 123 893 alia,
140 833 170 883 ct
186 830 257 883 vilia
272 829 387 899 absque
410 829 471 882 Deo
486 834 585 883 actore
601 845 660 882 non
675 828 824 893 decidunt,
842 843 896 880 vos

10 902 12 921 ¹
57 919 107 988 qui
124 919 234 973 aelorni
250 919 335 986 estiS,
349 934 407 971 non
418 918 533 972 debetiS
546 919 648 972 timere
659 934 695 972 ne
707 917 821 987 absque
830 932 896 986 pro·

57 1008 189 1063 videntia
207 1008 324 1062 vivatis.
343 1030 354 1057 r
370 1007 553 1078 Notitoerpo
569 1009 676 1062 timere
692 1008 807 1079 eosqui
822 1007 897 1060 oeri-

56 1097 129 1151 dmrt
146 1114 264 1170 corpus,
287 1099 412 1152 animam
436 1103 532 1151 autem
548 1113 604 1151 non
616 1103 741 1168 possunt
760 1096 897 1151 cecidere

55 1187 164 1254 (ibid.)

16 1340 20 1347 .
55 1295 125 1350 Cir.
144 1295 274 1349 XXXII.
292 1295 335 1349 De
351 1295 464 1350 duobus
475 1295 655 1366 passeribus
669 1312 709 1350 ex
722 1295 897 1367 lopo-inuno

218 1386 318 1440 landis
330 1403 386 1458 pro
406 1387 595 1442 umndationo
615 1387 739 1459 alapra.
765 1386 787 1425 Γ
814 1403 824 1420 ⁰
872 1402 879 1419 ’

89 1494 156 1548 Lex
170 1494 269 1564 Moysi
282 1496 424 1564 praecopit
438 1496 515 1565 quod
531 1495 559 1549 si
575 1497 664 1567 quise
680 1494 764 1565 lepra
776 1494 896 1548 munda-

57 1589 103 1636 tns
125 1582 232 1647 fuerit,
251 1582 358 1638 ctIorat
377 1585 450 1639 duos
463 1600 607 1656 passeres
624 1586 724 1664 rirotfs
738 1584 779 1661 eit
791 1576 897 1660 qriihirs

10 1922 12 1933 Ι
56 1851 167 1914 uiolati,
185 1858 217 1905 et
232 1867 297 1905 omn
308 1850 436 1906 liberum
451 1853 481 1906 in
496 1869 599 1923 aprum
610 1852 731 1907 avolare
739 1853 894 1924 permittet

57 1941 170 2004 (terit.
181 1940 257 2008 xiv).
268 1941 331 1995 Duo
340 1945 672 2012 passeressuntcorpus
682 1945 708 1996 et
718 1943 823 1997 anima.
835 1942 895 1995 Vas

56 2030 146 2084 fictile
160 2029 310 2101 fragilitas
326 2032 426 2083 carnis
441 2031 635 2100 moribundae,
652 2047 737 2102 aquae
751 2033 828 2086 vivae
840 2033 896 2085 llu-

57 2121 134 2173 mina
149 2121 261 2174 divinae
275 2119 436 2189 Scripturas
453 2137 518 2191 quae
533 2120 620 2175 nobis
638 2124 782 2191 praestant
796 2125 897 2191 potum

56 2210 234 2278 spiritalem,
252 2209 479 2263 ctablutionom.
496 2210 576 2263 Duos
587 2226 729 2280 passeres
745 2209 897 2265 offerimus

58 2315 123 2353 oum
134 2315 248 2368 corpus
257 2302 284 2352 et
296 2301 424 2352 animam
433 2299 493 2353 Deo
503 2315 726 2353 consecramus
734 2299 817 2364 Quod
825 2316 897 2354 vero

57 2405 134 2441 nuris
149 2404 262 2457 passer
275 2388 491 2455 immolabatur,
507 2392 616 2443 retorto
633 2389 668 2442 ad
685 2389 829 2458 pennulas
846 2406 897 2443 ca-

57 2479 125 2546 pite,
141 2480 182 2532 ita
199 2481 232 2531 ut
243 2479 369 2550 sanguis
384 2476 593 2548 effunderetur,
606 2482 768 2532 beelamon
780 2482 865 2548 eaput
881 2496 897 2532 a

60 2568 133 2621 eollo
143 2568 389 2637 abrumperetur,
407 2569 543 2640 designat
559 2569 637 2639 quod
652 2569 691 2621 ita
712 2585 780 2622 earo
795 2570 896 2622 nostra

63 2657 226 2729 affligenda
240 2658 569 2728 estperabstinentiam,
585 2661 617 2712 ut
632 2674 690 2712 non
706 2659 835 2728 poenitus
850 2673 897 2711 ex-

60 2747 231 2817 stinguatur
247 2763 261 2800 a
276 2748 345 2802 vita.
361 2747 445 2812 Quod
463 2764 535 2803 vero
557 2748 630 2802 alter
645 2763 751 2818 passer
772 2748 848 2801 liber
866 2747 896 2800 in

60 2850 186 2904 panum
198 2837 510 2907 avolarepcrmittitur‚
518 2836 896 2908 moraliterdesignatquod

60 2925 154 2978 anima
171 2930 274 2979 nostro
290 2927 542 2996 concupiscentiis
559 2927 731 2987 carnalibus
745 2927 893 2994 edomitis,

950 730 1046 800 dehet,
1064 734 1132 803 quia
1143 734 1286 804 quidquid
1298 735 1485 805 cogitatione,
1502 736 1783 807 locutionaetopere

950 823 1024 875 male
1037 823 1196 891 gesserint,
1211 823 1351 893 lacrymis
1363 824 1461 878 delere
1476 825 1570 878 docet.
1583 825 1617 879 m
1628 825 1672 880 sic
1683 827 1781 896 pullos

949 926 1022 964 suos
1032 928 1174 980 aspersos
1184 913 1330 982 sanguine
1340 914 1479 984 viviticat,
1490 915 1559 968 dum
1569 916 1667 969 earnis
1679 919 1782 970 otsan·

948 1000 1048 1070 guinis
1058 1016 1146 1070 opera
1156 1001 1260 1055 minuit
1271 1018 1305 1055 ac
1317 1002 1402 1073 delet,
1415 1007 1443 1057 ot
1454 1008 1537 1057 aetus
1547 1004 1696 1073 spiritales
1704 1005 1781 1059 boue

948 1089 1075 1143 vivendo
1090 1094 1198 1144 servat.
1225 1090 1323 1162 Hujus
1339 1093 1425 1146 otiam
1449 1092 1580 1146 volucris
1597 1096 1699 1148 nutura
1713 1094 1781 1148 talis

949 1177 1056 1232 dicitur
1070 1195 1149 1247 osse,
1167 1181 1245 1250 quod
1260 1197 1379 1251 semper
1394 1182 1522 1236 afficitur
1537 1181 1623 1251 fame,
1644 1186 1673 1236 et
1693 1182 1779 1252 quid-

948 1267 1133 1343 qpidglptit,
1150 1270 1209 1349 Cim,
1219 1269 1344 1350 aligerjat,
1372 1271 1440 1341 quia
1456 1274 1560 1324 venter
1580 1270 1648 1341 ejus
1668 1271 1781 1325 nullum

948 1443 1039 1515 igitur
1054 1447 1140 1500 cibus
1151 1447 1199 1500 ille
1216 1463 1324 1517 corpus
1337 1449 1510 1521 impinguat,
1524 1449 1577 1503 scd
1591 1451 1702 1502 tantum
1718 1465 1784 1502 sus·

942 1533 1062 1609 tinetet
1078 1535 1329 1611 mafortamlu'rc,
1339 1538 1486 1617 sirpridem
1500 1539 1635 1609 pelicano
1652 1537 1780 1592 cremitae

57 1672 438 1728 nnmnimmolet'sacerdcs
449 1675 557 1729 inraso
567 1668 896 1746 totilisnpcthqlths'ii·
947 1625 1053 1708 maim
1069 1627 1185 1702 S’quhs'
1200 1644 1254 1698 qm
1264 1644 1361 1697 'pam
1381 1632 1522 1700 Pasonur'
1540 1644 1593 1681 neo
1609 1629 1716 1698 ΜΝ
1731 1641 1780 1680 re·

59 1778 118 1823 ras,
129 1760 341 1829 aiterum'rorc
353 1763 483 1834 intingat
493 1764 525 1817 in
539 1763 683 1835 sanguino
694 1764 894 1834 passorisim-
911 1755 936 1815 Β

949 1712 1106 1782 pletionem
1126 1717 1249 1786 ventriS,
1266 1718 1316 1789 qui
1340 1734 1398 1771 non
1420 1717 1493 1772 vivit
1518 1720 1548 1771 ut
1564 1716 1710 1782 comedat,
1729 1713 1783 1772 sed

951 1801 1077 1854 comedit
1092 1806 1123 1856 ut
1137 1804 1225 1860 vivat.

995 1927 1064 1982 Car.
1081 1929 1219 1984 XXXIV.
1236 1930 1488 2003 Dcnpcticoraeo,
1507 1931 1599 1985 idest
1614 1935 1727 1984 noctua.

984 2035 1093 2089 Faetus
1107 2053 1170 2089 sum
1191 2039 1267 2091 sieut
1288 2040 1464 2110 nycticorax
1482 2039 1513 2091 in
1527 2036 1676 2092 domicilio
1695 2032 1785 2106 (Psal

948 2125 998 2185 er).
1016 2125 1194 2193 Nyctieorax
1206 2130 1252 2180 est
1267 2129 1340 2196 arie,
1354 2132 1504 2198 quaeanmt
1520 2127 1658 2181 tenebras
1670 2126 1778 2178 noctis.

948 2211 980 2264 ln
1003 2213 1154 2281 pariotmis
1171 2216 1291 2285 habitat,
1309 2219 1376 2288 quia
1403 2219 1433 2271 in
1458 2218 1553 2271 ruinis
1575 2216 1778 2281 maceriarum,

947 2316 1014 2370 quae
1029 2306 1097 2355 sunt
1109 2305 1173 2358 sine
1188 2309 1276 2373 lecto,
1294 2307 1478 2361 domicilium
1490 2308 1598 2360 servat.
1615 2306 1725 2359 Lucem
1736 2319 1781 2358 re-

948 2388 1034 2459 fugit.
1053 2393 1084 2445 ln
1096 2395 1317 2449 noetevolitans
1330 2397 1414 2450 cibos
1425 2397 1540 2467 quaerit.
1553 2395 1677 2464 Mystico
1686 2394 1781 2464 nycti-

948 2494 1039 2534 corax
1052 2481 1202 2537 Christum
1211 2485 1370 2556 signifroat,
1388 2487 1438 2556 qui
1447 2488 1543 2539 noctis
1553 2484 1692 2539 tenebras
1703 2485 1780 2536 amat

947 2571 1015 2640 quia
1032 2589 1088 2625 nou
1100 2573 1159 2626 ruit
1170 2581 1294 2629 mortem
1298 2576 1477 2645 peccatoria,
1488 2575 1543 2629 scd
1550 2580 1578 2627 ut
1588 2589 1640 2627 eon
1646 2577 1783 2627 vertatur

948 2665 977 2711 et
993 2660 1200 2732 rirattiiroeh.
1218 2664 1313 2728 xuni).
1330 2664 1370 2716 ltu
1383 2665 1462 2718 enirn
1478 2664 1558 2717 Deus
1575 2663 1678 2717 dilexit
1693 2677 1780 2715 mun-

948 2748 1026 2819 dum,
1043 2754 1073 2805 ut
1089 2768 1142 2821 pro
1157 2753 1359 2822 redemptione
1375 2754 1475 2807 mundi
1490 2753 1577 2806 morti
1591 2751 1719 2805 traderet
1735 2749 1782 2804 Fi·

949 2838 1020 2894 lium
1035 2856 1122 2894 suum
1138 2841 1232 2911 (toan.
1251 2844 1303 2911 m).
1320 2843 1404 2908 Quod
1418 2842 1782 2912 autempeccatorestenc·

951 2929 1012 2983 brae
1019 2935 1171 2999 vocentur,
1181 2933 1342 3002 Apostolus
1350 2936 1482 3002 testatur,
1491 2927 1785 2987 diconstFuistisaIi-

60 3015 165 3082 pennis
178 3015 436 3084 contemplationis
451 3016 486 3069 ad
499 3017 631 3071 caelestia
645 3017 684 3070 sit
699 3016 892 3070 sublevanda.
915 3021 1216 3120 coirandotenehrar,
1226 3029 1403 3077 truncantem
1418 3023 1471 3076 lux
1483 3024 1514 3075 in
1528 3019 1782 3090 DominoOEphes.

184 3121 255 3176 Cir.
276 3122 415 3177 XXXIII.
433 3122 477 3176 De
494 3122 625 3194 pelicani
644 3131 758 3178 natiue.

94 3228 214 3283 Similis
228 3229 326 3284 factus
336 3246 399 3284 sum
407 3230 543 3301 pelicano
553 3230 726 3286 solitudinis
734 3232 829 3300 (Psoi.
844 3232 895 3302 ci).

61 3318 219 3374 Palicanus
231 3323 277 3373 est
293 3319 433 3391 AEgyptia
449 3320 524 3389 avie,
540 3320 676 3374 habitans
692 3322 722 3374 ln
738 3322 897 3376 solitudine

64 3407 121 3462 Nili
136 3407 280 3462 ffumlnis,
293 3408 365 3462 Haeo
380 3408 444 3462 avis
454 3409 656 3479 rostropullos
664 3426 737 3464 suos
745 3409 838 3464 fertur
849 3426 898 3464 oc-

61 3497 171 3566 cidere,
189 3502 218 3551 et
231 3513 286 3567 por
296 3502 357 3553 tres
371 3498 435 3552 dios
447 3513 566 3569 gemere
578 3515 670 3569 super
680 3514 743 3567 eos,
760 3502 828 3569 post
836 3503 897 3553 tres

62 3586 126 3640 dies
137 3587 273 3655 setpsam
284 3590 382 3642 rostro
394 3587 528 3657 percutit,
541 3591 569 3642 et
577 3604 632 3642 suo
641 3588 788 3658 sanguine
800 3589 897 3657 pullos

64 3677 205 3747 aspergit,
220 3677 308 3730 etsie
324 3692 401 3746 quos
417 3677 500 3746 prius
514 3677 671 3746 occiderat,
689 3692 814 3747 asperso
830 3693 898 3730 san-

64 3765 154 3833 gulae
162 3765 432 3819 vivificandolarat.
446 3765 570 3835 Mystico
584 3767 736 3835 pelicanus
748 3766 899 3837 significat

62 3852 230 3922 Christum3
241 3854 393 3927 AEgyptus
408 3854 558 3908 mundum.
579 3855 736 3909 Palicanus
752 3855 899 3909 habitatin

60 3943 235 4012 solitudine,
252 3944 322 4014 quia
333 3942 472 3998 Christus
486 3945 570 3999 solus
579 3944 615 3998 de
626 3944 749 4016 Virgine
761 3946 845 3998 nasei
857 3944 900 3998 di-

59 4038 170 4103 gnatus
183 4035 230 4086 est
239 4033 303 4086 sino
312 4033 393 4086 virili
404 4034 601 4102 copulatione.
618 4035 671 4089 Est
683 4035 762 4089 enirn
771 4034 899 4088 solitudo

58 4122 203 4191 pelicani,
221 4123 300 4192 quod
316 4123 456 4176 Immanis
472 4126 518 4177 est
536 4141 552 4177 a
566 4127 687 4195 peccato
702 4124 762 4177 vila
777 4122 899 4177 Christi.

62 4211 209 4266 Haecavis
217 4215 315 4266 rostro
324 4212 423 4282 pullos
432 4228 506 4267 suos
518 4213 636 4282 occidit,
645 4214 713 4284 quia
724 4211 901 4281 verboprae-

58 4301 220 4354 dieatIonis
236 4300 408 4356 incredulos
428 4303 582 4356 convertit.
600 4302 696 4372 Super
711 4301 808 4372 pullos
825 4317 898 4355 suos

954 3110 993 3179 v).
1015 3109 1132 3164 HabItat
1157 3112 1331 3181 ‘nycticorax
1360 3113 1390 3165 in
1418 3112 1512 3166 ruinis
1539 3110 1693 3180 parietum,
1716 3108 1785 3179 quia

953 3198 1090 3255 Christus
1111 3202 1193 3256 nasci
1208 3202 1301 3255 voluit
1325 3203 1360 3256 de
1381 3201 1489 3272 populo
1514 3201 1693 3255 ludaeorum.
1715 3198 1783 3253 Non

952 3305 1024 3355 sum,
1042 3291 1144 3361 inquit,
1162 3292 1272 3344 missus
1288 3292 1348 3345 nisi
1357 3292 1394 3346 ad
1405 3308 1475 3346 cros
1492 3307 1554 3363 pum
1567 3288 1784 3361 perieruotrio·

950 3396 1016 3433 mus
1031 3380 1131 3434 Israel
1142 3381 1260 3450 (illaleh.
1273 3385 1334 3452 xv).
1353 3381 1411 3435 Sed
1426 3380 1563 3435 Christus
1576 3380 1750 3450 opprimitur
1765 3393 1781 3431 a

951 3470 1055 3540 ruiniS,
1073 3471 1142 3541 quia
1154 3471 1298 3525 occiditur
1308 3489 1323 3524 a
1335 3472 1351 3525 I
1356 3471 1458 3525 udoeis
1468 3469 1703 3541 liueemrefugit,
1714 3467 1783 3539 quia

951 3576 1056 3615 vanam
1072 3562 1198 3632 gloriam
1214 3562 1376 3615 detestatur
1391 3561 1498 3615 etodit.
1510 3560 1583 3614 Cum
1595 3560 1672 3613 onim
1687 3559 1785 3628 lepro-

951 3667 1018 3706 sum
1034 3656 1159 3720 curaret,
1177 3655 1208 3705 ut
1222 3651 1309 3705 nobis
1319 3650 1486 3720 exemplum
1501 3649 1674 3703 humilitatis
1690 3647 1782 3716 daret,

951 3742 1024 3796 dixit
1039 3742 1157 3811 leproso
1175 3758 1181 3796 ε
1205 3741 1285 3803 Vide,
1306 3742 1425 3805 nemini,
1438 3741 1557 3795 dixeris
1571 3737 1690 3809 (tratri.
1707 3737 1780 3805 viu).

951 3832 992 3885 De
1008 3831 1062 3884 hac
1078 3832 1144 3885 luco
1166 3832 1272 3885 dicitur
1290 3847 1295 3885 :
1312 3830 1480 3884 Auferetur
1497 3829 1534 3883 ab
1551 3828 1651 3899 impiis
1666 3826 1718 3880 lux
1730 3840 1783 3880 sua

951 3919 1027 3990 (doh.
1045 3921 1180 3990 xxxvia),
1197 3921 1301 3988 idest,
1319 3919 1477 3990 praesentis
1492 3919 1560 3972 vitre
1576 3917 1693 3989 gaudia.
1716 3915 1783 3985 lpse

951 4014 1048 4063 autom
1060 4013 1105 4063 cst
1120 4010 1171 4063 lux
1187 4011 1419 4078 inaccessibilis,
1436 4025 1498 4081 qmc
1509 4007 1656 4061 illuminat
1671 4019 1783 4059 omnem

952 4099 1098 4154 honrmcm
1111 4100 1276 4152 venientem
1292 4100 1323 4152 in
1339 4099 1415 4152 irunc
1429 4096 1667 4166 mandauit-loen.
1677 4093 1707 4163 ι).
1720 4093 1785 4147 Lux

952 4190 1044 4261 igitur
1058 4189 1167 4260 refugit
1178 4189 1283 4255 lucem,
1295 4189 1325 4242 id
1336 4192 1381 4242 est
1392 4188 1502 4241 veritas
1512 4185 1622 4256 refugit
1632 4183 1784 4238 mendane

954 4279 1057 4349 gloriae
1078 4279 1245 4332 vanitatem.
1263 4278 1295 4331 ln
1312 4280 1397 4332 nocte
1418 4277 1544 4330 volitans
1564 4290 1651 4328 escas
1668 4272 1783 4344 quaerit,

58 4405 181 4459 gemere
190 4405 250 4443 non
260 4390 381 4458 desinit,
393 4391 462 4461 quia
470 4390 617 4459 Christus,
628 4408 695 4446 eum
704 4390 898 4445 resuscitaret
912 4375 939 4436 D
954 4368 1355 4438 (11118119003101951110011118
1365 4366 1508 4420 Effllfflffi
1519 4361 1708 4434 Ill'aedieltssd0
1719 4375 1791 4414 ⁰⁰¹¹*

60 4477 216 4545 lazarum,
229 4479 464 4534 misericorditer
474 4479 562 4534 flevit.
577 4479 612 4533 Et
626 4480 670 4534 sio
682 4483 749 4550 post
758 4483 819 4533 tres
831 4479 896 4533 dies

61 4567 207 4637 sanguine
224 4582 298 4621 suos
309 4567 407 4637 pullos
422 4568 546 4623 lavando
561 4568 699 4636 viviticat,
712 4568 781 4640 quia
791 4567 897 4622 Chris-

59 4658 109 4708 tus
123 4655 246 4725 proprio
269 4656 415 4727 sanguine
438 4673 494 4712 suo
510 4657 681 4712 redimendo
704 4656 791 4710 lavat.
816 4657 897 4711 Mors

57 4746 138 4799 enim
152 4746 296 4816 pelicani,
313 4746 415 4816 passio
439 4750 484 4801 ost
498 4745 618 4813 Christi,
636 4746 786 4799 moraliter
800 4750 898 4800 autem

57 4851 113 4903 por
122 4835 292 4905 pelicanum
308 4835 473 4907 intelligere
488 4852 651 4905 possumus
663 4850 722 4888 non
737 4835 898 4905 quemlibet

55 4922 184 4993 iustum,
200 4925 254 4977 sed
268 4940 283 4976 a
296 4924 405 4977 carnali
422 4926 568 4995 voluptate
577 4925 666 4996 longo
676 4928 830 4978 remotum.
843 4924 899 4977 Por

58 5013 228 5084 :Egpptum
239 5014 329 5066 vitam
344 5017 475 5067 nostram
486 5014 662 5085 ignorantiae
674 5012 806 5067 tenebris
815 5014 898 5066 invo-

57 5101 161 5155 lutam.
171 5101 898 5173 AEgyptusenimtenehrrcinterprctatur.Indig-

58 5194 129 5260 ppto
144 5190 236 5260 igilur
250 5192 440 5245 solitudinem
456 5191 592 5258 facimus,
610 5192 679 5245 dum
690 5207 706 5245 a
717 5191 832 5244 curiset
844 5206 897 5243 vo-

59 5278 228 5348 luptatibus
242 5280 345 5334 saeculi
361 5280 448 5349 longo
464 5295 579 5333 sumus
593 5279 642 5333 Sic
657 5280 794 5351 etjustus
811 5280 841 5331 in
857 5279 898 5332 ci-

57 5369 148 5422 vilare
166 5366 357 5422 solitudinem
368 5365 531 5436 facit,}dum
542 5384 576 5421 se
588 5368 756 5439 immunem,
768 5370 795 5421 in
806 5383 898 5439 quan-

57 5461 120 5511 tum
151 5457 278 5511 humana
302 5461 405 5509 natura
427 5458 544 5526 patitur,
570 5474 586 5510 a
615 5461 736 5526 peceato
757 5457 895 5510 custodit.

60 5547 173 5600 Itostro
185 5545 523 5616 pelicanuspullossuos
533 5546 650 5616 cecidit,
664 5544 839 5616 quiajustus
853 5561 899 5598 co-

58 5636 220 5708 gitationes
234 5638 262 5689 et
272 5651 360 5705 opera
372 5651 439 5707 quae
455 5634 530 5690 male
539 5635 645 5707 gessit,
659 5649 709 5690 ore
720 5634 839 5704 proprio
849 5634 898 5704 ,ju-

954 4459 1050 4512 vcrtit.
1068 4457 1218 4511 Moraliter
1230 4460 1327 4511 autom
1351 4456 1523 4526 nycticorax
1543 4469 1601 4507 non
1626 4447 1785 4523 quemlibet

950 4545 1065 4617 justum
1075 4547 1169 4600 innuit
1180 4546 1277 4614 nobis,
1294 4547 1347 4599 sod
1359 4561 1425 4599 eum
1436 4545 1496 4615 qui,
1509 4536 1785 4596 interhominesde-

952 4654 1039 4708 gene,
1055 4637 1092 4691 ab
1114 4637 1219 4690 iutuitu
1234 4635 1386 4689 hominum
1404 4650 1447 4701 se,
1464 4633 1651 4701 inquantum
1673 4630 1780 4698 potest,

953 4727 1118 4781 abscondit.
1131 4726 1240 4778 Lucem
1256 4723 1375 4793 refugit,
1388 4722 1456 4791 quin
1465 4720 1601 4774 humanae
1612 4717 1783 4790 laudisglo·

951 4819 1023 4869 riam
1040 4832 1097 4869 non
1113 4814 1252 4878 attondit,
1268 4811 1304 4865 dc
1319 4827 1375 4882 qua
1391 4811 1457 4864 luce
1472 4809 1579 4863 dicitur
1596 4808 1719 4863 :blance
1734 4805 1787 4862 lux

951 4904 1035 4974 impii
1041 4903 1241 4973 extinpuetur,
1252 4897 1603 4970 uersplendobittlanmm
1611 4898 1693 4969 ipuis
1701 4895 1787 4969 ejus?

950 4991 1026 5060 (dcl).
1045 4994 1139 5061 xrm.)
1157 4991 1265 5043 Lucem
1281 4989 1352 5042 dicit
1367 4989 1525 5059 praesentis
1544 4988 1611 5042 vitoe
1632 4986 1785 5057 prosperi-

950 5083 1048 5133 tatem.
1061 5080 1119 5132 Sed
1129 5079 1180 5133 lux
1195 5079 1276 5148 impii
1291 5079 1501 5151 exstinguitur,
1514 5079 1583 5148 quia
1594 5077 1700 5131 futurae
1716 5076 1785 5129 vitas

950 5169 1134 5238 prosperitas
1159 5185 1225 5221 oum
1247 5169 1312 5238 ipsa
1328 5169 1512 5222 terminatur.
1538 5167 1600 5220 Nec
1617 5165 1785 5235 splendebit

951 5260 1065 5313 flamma
1079 5259 1157 5329 igme
1168 5257 1245 5330 ejus¹
1258 5258 1359 5328 lgnom
1369 5257 1438 5310 dicit
1449 5256 1653 5325 temporalium
1669 5255 1786 5310 deside-

951 5351 1063 5402 riorum
1080 5348 1237 5402 fervorem.
1256 5347 1386 5401 Flamina
1402 5349 1447 5401 est
1466 5345 1566 5414 decor,
1584 5346 1631 5399 vel
1652 5348 1785 5416 potestas

952 5437 1091 5505 exterior,
1109 5454 1175 5507 quae
1192 5437 1226 5489 do
1244 5437 1359 5489 interno
1371 5435 1438 5506 ejus
1450 5436 1555 5488 ardore
1572 5435 1713 5504 procedit.
1727 5433 1784 5486 Sed

952 5541 1011 5578 non
1026 5525 1204 5596 sploudobIt,
1222 5526 1289 5595 quia
1312 5526 1341 5578 iu
1367 5525 1413 5578 die
1431 5525 1528 5579 exitus
1544 5524 1640 5577 omnis
1656 5521 1787 5575 exterior

953 5615 1052 5684 decor,
1065 5619 1093 5669 ct
1103 5615 1358 5685 potestaspcribit.
1372 5615 1405 5668 lu
1416 5617 1501 5668 nocta
1513 5613 1625 5684 vigilat,
1639 5611 1786 5682 dumpec-

92 5749 133 5823 (t)
148 5748 180 5807 S.
197 5748 310 5806 Hlarou
325 5748 488 5807 Commeat.
505 5748 536 5804 tn
552 5749 676 5820 Matth„
694 5764 758 5822 cap.
775 5765 804 5821 x,
821 5747 873 5806 lib.
893 5751 985 5807 itum.
1007 5747 1108 5806 XXXI
1121 5746 1317 5823 Patrotoglae.
