3796 6022
110 265 193 338 1111
552 264 773 331 APPENDIX
793 264 851 329 AD
874 262 1067 330 HUGONIS
1090 262 1234 330 OPERA
1254 263 1453 329 MYSTICA.
1773 261 1847 325 1112

115 475 261 529 terrarum
272 471 381 543 intima,
395 473 461 528 etin
474 471 620 542 hecpartc
632 470 745 540 ultima,
757 470 901 525 Dominus
912 469 948 523 ad
962 449 992 512 Α
1015 470 1111 525 manis
1126 470 1233 525 usibus
1253 474 1354 526 essent
1374 471 1555 542 neccssaria,
1571 471 1665 541 utilia,
1683 471 1844 541 commoda,

118 561 307 619 Ezechielem
326 563 505 618 mentionem
524 562 604 630 lacit,
625 562 676 616 ubi
699 561 734 616 dc
755 560 950 631 quarumdam
1015 563 1109 630 gruta,
1127 560 1190 613 sire
1203 559 1346 630 jucunda.
1362 560 1404 614 lbi
1422 561 1687 632 perpetuumacris
1702 565 1846 631 tempera-

116 653 286 723 principum
302 652 466 724 gentilium,
477 652 645 723 algentium
657 650 951 706 eorumdamnatioue
1015 652 1143 703 mentum
1158 649 1294 704 humanae
1314 652 1427 704 naturae
1438 651 1654 721 gratissimum,
1675 649 1845 722 lignumque

116 740 235 796 locutus
247 743 293 795 est
302 741 404 796 dicens
419 757 424 795 :
437 739 498 795 Fili
507 741 647 810 bominis,
660 755 732 795 canc
743 755 863 794 carmen
872 738 954 809 luqu-

116 829 174 886 hre
185 845 276 902 super
284 829 502 885 multitudinem
513 830 651 901 AEqypti,
661 835 690 884 et
702 829 827 884 detrahe
839 844 901 882 cam
914 827 955 898 ip-

121 916 955 992 sani,etliliasqentiumrobustarumadtcrranrultimam

122 1024 185 1064 cum
200 1008 250 1063 liis
264 1009 313 1081 qui
324 1008 547 1064 descendentia
558 1008 651 1062 lucum
668 1007 790 1076 (Erech.
803 1006 908 1076 xxxii).
921 1005 956 1059 Et

121 1098 278 1169 deinceps:
288 1097 441 1153 lhiAssur
453 1104 482 1152 et
494 1098 589 1153 omnis
597 1097 751 1151 unrltitudo
762 1096 826 1167 ejus
837 1116 845 1160 ,·
857 1096 887 1148 in
897 1095 956 1149 cir·

121 1188 202 1243 cuitu
213 1186 296 1242 illius
306 1187 443 1259 sepulcra
451 1185 835 1259 cjns;onrnesintersectum
846 1185 895 1257 qui
906 1200 956 1239 ce-

121 1276 260 1333 ciderunt
269 1276 504 1348 qladio,qucrum
511 1276 579 1330 data
587 1281 654 1329 sunt
666 1275 803 1347 scpulcra
815 1275 845 1328 in
857 1274 956 1328 novis·

121 1366 208 1421 simis
217 1364 285 1420 laci.
294 1365 335 1418 Et
345 1364 423 1419 lacta
435 1371 481 1420 est
491 1364 719 1436 multitudocjos
726 1381 783 1436 per
791 1380 897 1436 qyrum
906 1379 956 1417 se-

118 1454 219 1527 pulcri
228 1453 353 1526 ejusllri
360 1452 455 1521 Elam,
466 1452 830 1524 ctomnismultitudocjus
836 1468 894 1524 per
903 1468 956 1523 qq·-

119 1540 323 1613 rnmsepulcri
333 1540 425 1596 illius,
439 1540 548 1596 Omnes
560 1541 593 1596 lii
607 1540 764 1596 interlecti
780 1541 891 1613 qladic,
906 1541 955 1613 qui

122 1630 343 1686 descenderunt
357 1631 562 1684 incircumcisi
575 1631 613 1685 ad
628 1629 896 1694 tcr1·arnulti1nam,·
909 1631 957 1702 qui

121 1724 287 1792 posueruut
302 1718 510 1774 militudinem
522 1735 602 1774 suam
617 1720 647 1773 in
660 1725 743 1774 tarra
756 1721 917 1774 virentium
927 1725 955 1773 ct

1013 737 1082 792 vitae
1093 738 1128 791 ad
1145 739 1379 793 conservandam
1397 740 1486 793 vitam
1501 739 1660 795 humanam
1670 741 1844 810 incorrupti·

1012 826 1102 881 bilem
1125 830 1153 881 ct
1175 827 1368 882 immortalem
1392 845 1446 882 suo
1469 829 1575 883 virtute
1590 829 1838 899 potentissimum.

1013 914 1066 986 lbi,
1080 917 1106 970 si
1118 916 1205 971 bomo
1215 917 1366 987 injustitia
1375 918 1843 989 perstitisset,senapermulceret,

1013 1008 1042 1060 et
1061 1005 1221 1060 delectaret
1232 1007 1330 1061 visum
1346 1007 1533 1061 diversorum
1551 1006 1682 1061 varietas
1701 1006 1844 1074 colorum,

1013 1094 1143 1147 auditum
1160 1097 1263 1150 cantus
1274 1096 1383 1165 avium,
1395 1095 1534 1150 olfactum
1545 1096 1710 1150 redolentia
1730 1096 1841 1164 tiorum,

1013 1185 1134 1253 gustum
1146 1199 1236 1253 sapor
1249 1184 1408 1254 fructuum,
1419 1187 1527 1239 tactum
1542 1185 1676 1240 suavitas
1691 1185 1844 1257 quarumli-

1013 1272 1063 1326 bet
1072 1273 1402 1344 1·crum.'le1raquoque
1411 1274 1722 1344 planasustentatione
1730 1274 1841 1329 Domini

1013 1361 1241 1434 nonincongrue
1253 1362 1413 1417 diciturlric
1424 1363 1562 1418 mundus.
1570 1363 1841 1418 Inhocenimmun-

1013 1450 1051 1504 do
1069 1451 1271 1506 accedentium
1288 1452 1335 1506 vel
1355 1452 1556 1507 recedentium
1573 1452 1761 1523 planetarum
1777 1469 1841 1523 ope-

1013 1539 1136 1609 ratione,
1147 1542 1175 1593 ct
1190 1541 1298 1609 pluviae
1309 1545 1507 1613 temperauere
1525 1546 1553 1596 et
1567 1543 1709 1597 serotinae
1735 1557 1839 1612 coope-

1013 1631 1095 1682 rante
1111 1629 1227 1697 virtute,
1252 1630 1343 1685 rebus
1364 1631 1576 1702 generantibus
1595 1635 1625 1685 ct
1649 1631 1838 1702 germinanti·

1013 1716 1081 1785 bus,
1098 1717 1228 1787 plenarie
1243 1719 1388 1789 providet,
1413 1723 1441 1773 et
1462 1720 1648 1774 administrat
1673 1721 1767 1789 Deus,
1787 1722 1838 1776 nisi

120 1813 320 1881 portaverunt
331 1809 522 1880 ignominiam
537 1826 619 1863 suam
630 1809 750 1864 cumbis
766 1810 815 1882 qui
830 1809 955 1863 descen·
971 1814 997 1876 Β
1012 1807 1143 1876 peccatis
1158 1807 1315 1879 aliquando
1336 1809 1544 1880 praepediatur,
1568 1813 1676 1864 cuncta
1696 1826 1765 1881 quac
1780 1815 1840 1865 sunt

122 1897 232 1952 derunt
252 1897 283 1953 in
307 1897 402 1952 lacum
417 1897 530 1968 (lbra),
548 1902 576 1954 et
600 1903 706 1953 caetera
729 1898 866 1953 similiter
880 1897 956 1952 dicta
1012 1897 1184 1951 necessaria
1204 1897 1412 1953 sustentationi
1425 1898 1493 1953 vitae
1509 1899 1657 1953 humanae.
1676 1897 1711 1952 Et
1727 1900 1755 1954 si
1771 1915 1839 1954 non-

122 1985 158 2040 de
170 1985 347 2058 quibusdam
355 1987 421 2041 aliis
433 1987 557 2060 regibus
568 1991 596 2042 et
605 1988 754 2060 gentibus.
771 1988 843 2042 Hace
859 1987 956 2058 itaque
1013 2001 1164 2057 uunquam
1174 1986 1210 2041 ab
1226 1986 1274 2056 iis,
1287 1987 1337 2058 qui
1348 1988 1512 2042 secundum
1522 2003 1641 2043 carnem
1652 1989 1804 2044 ambulant
1817 1990 1841 2042 in

121 2076 373 2146 terravereplena
386 2080 433 2131 est
447 2076 547 2132 lurore
568 2077 692 2147 Domini,
705 2077 802 2148 inqua
818 2079 956 2131 moreest
1013 2074 1200 2131 delioiissive
1209 2076 1428 2132 divitiismundi
1437 2077 1538 2147 hujus,
1546 2077 1685 2147 voluptas
1694 2081 1838 2148 quaeratur

122 2165 188 2220 siue
204 2168 308 2235 morte,
326 2166 690 2235 cnissincnna‚‹1elecno
706 2166 770 2220 sine
781 2166 954 2220 ilieicctione.
1013 2165 1059 2218 vcl
1082 2165 1186 2220 haberi
1210 2166 1355 2235 credatur,
1382 2182 1531 2238 nunquam
1555 2167 1707 2222 tamenab
1732 2168 1781 2237 iis,
1797 2167 1840 2237 qui

123 2254 168 2311 lbi
179 2255 954 2329 vermissemperedens,ibitortorscmpercaedcns:
1014 2269 1118 2307 sanum
1134 2254 1243 2309 habeut
1256 2254 1435 2310 intellectum
1453 2271 1525 2311 veru
1542 2256 1680 2326 voluptas
1692 2272 1764 2311 esse
1780 2272 1840 2311 cre·

158 2343 215 2400 Hic
230 2346 313 2401 locus
327 2346 471 2417 indignis,
490 2363 544 2419 quo
566 2363 623 2401 nou
643 2346 846 2418 exstinquitur
864 2345 954 2416 iqnis.
1014 2343 1109 2397 denda
1118 2344 1201 2398 estin
1212 2343 1334 2415 iisque
1346 2345 1520 2400 secumdum
1532 2343 1710 2400 dominicam
1721 2349 1840 2402 senteu-

159 2434 225 2489 Nec
240 2436 290 2506 qui
305 2441 468 2507 torquetur,
486 2451 540 2490 nec
552 2436 601 2507 qui
617 2441 733 2508 torquet
746 2435 902 2491 morietur.
1014 2432 1083 2486 tiam
1097 2432 1192 2504 spinis
1210 2438 1425 2504 comparantur.

160 2522 196 2577 Et
209 2539 269 2578 non
286 2524 474 2596 negligenter
488 2525 697 2580 attendendum
713 2525 792 2596 quod
807 2524 956 2594 principes
1051 2520 1104 2576 Est
1114 2538 1232 2594 quoque
1242 2523 1497 2595 terra,quacplcna
1508 2523 1605 2578 cstira
1617 2523 1747 2595 Domini,
1760 2528 1789 2579 et
1804 2528 1846 2579 eet

122 2611 250 2666 damnati
266 2611 297 2666 in
312 2612 409 2667 medio
428 2627 550 2668 suorum
567 2628 728 2684 secumque
754 2613 957 2667 damnatorum
1014 2612 1102 2679 terra,
1113 2627 1200 2682 quana
1208 2613 1359 2667 scilicetin
1367 2613 1511 2683 principio
1521 2613 1672 2668 sermonis
1680 2615 1845 2685 posuimus,

122 2715 193 2756 esso
204 2698 381 2771 referuntur,
392 2701 583 2772 quiajustum
594 2705 639 2756 est
650 2704 680 2756 ut
695 2701 746 2772 qui
757 2702 804 2755 hic
816 2701 845 2755 ia
860 2702 956 2756 medio
1015 2715 1081 2771 quae
1096 2700 1182 2769 plena
1207 2705 1252 2756 cst
1274 2702 1480 2757 misericordia
1498 2702 1624 2757 Domini.
1636 2703 1731 2758 Terra
1747 2702 1844 2775 igitur,

122 2787 243 2845 luerunt
256 2788 337 2844 velut
352 2790 488 2846 columna
505 2794 533 2846 et
547 2791 763 2846 firmamentum
779 2792 809 2845 ia
823 2795 955 2861 peccato,
1015 2804 1081 2859 qurc
1096 2788 1182 2860 plena
1197 2795 1243 2844 est
1253 2791 1296 2844 ira
1313 2791 1439 2858 Domini,
1451 2791 1632 2846 universitas
1644 2793 1845 2861 peccantium

122 2877 311 2934 ibiinmcdio
322 2878 382 2934 sint
398 2880 593 2937 intormento.
604 2879 735 2945 Quorum
752 2881 881 2935 omnium
892 2879 956 2934 sin·
1014 2879 1092 2931 terra
1106 2882 1213 2949 autem,
1235 2896 1302 2951 quac
1320 2881 1406 2951 plena
1432 2884 1477 2935 est
1494 2879 1701 2935 misericordia
1720 2880 1845 2947 Domini,

122 2965 954 3042 gulasepulcrasingulariasingulorumsunttormenta.
1015 2968 1225 3024 convenienter
1254 2970 1398 3041 accipitur
1426 2970 1606 3024 universitas
1632 2970 1845 3041 poenitentium.

159 3055 250 3111 Terra
260 3073 332 3113 vero
341 3058 427 3129 plena
444 3061 629 3131 correptione
640 3060 687 3115 vel
703 3060 886 3114 correctione
896 3058 955 3112 Do·
1014 3055 1113 3121 Terra,
1131 3074 1198 3129 quac
1221 3059 1309 3128 plena
1330 3062 1377 3113 est
1401 3060 1443 3114 ira
1459 3059 1576 3114 Domini
1601 3061 1647 3113 est
1667 3059 1846 3115 universitas

122 3145 204 3216 mini,
216 3150 282 3216 apte
293 3148 352 3202 dici
367 3149 446 3203 valet
463 3148 542 3221 ignis
552 3149 754 3222 purgatorius.
772 3149 844 3203 Herc
859 3151 956 3202 autem
972 3126 997 3188 C
1013 3148 1208 3216 peccantium,
1225 3147 1293 3219 quia
1319 3164 1422 3203 rovere
1437 3147 1568 3219 plenarie
1584 3146 1732 3203 Dominus
1756 3148 1844 3203 iratus

123 3233 287 3291 differentia
303 3237 379 3308 inter
390 3239 606 3310 correptionem
617 3242 646 3293 ct
661 3239 874 3293 correctionem
886 3252 955 3292 esec
1013 3250 1082 3289 csse
1097 3237 1226 3291 creditur
1240 3239 1270 3291 in
1280 3253 1343 3305 eos,
1360 3253 1435 3308 quos
1447 3237 1612 3292 secundum
1623 3237 1776 3293 desideria
1785 3254 1846 3293 eor-

121 3324 249 3394 videtur,
266 3326 345 3398 quod
361 3330 508 3399 correptio
521 3332 576 3398 est,
592 3328 709 3399 quande
725 3329 793 3399 quis
808 3328 953 3399 arguitur,
1013 3324 1059 3378 dis
1075 3341 1176 3387 eorum
1203 3327 1246 3382 ire
1270 3327 1410 3397 permittit
1428 3327 1458 3380 in
1480 3325 1745 3383 adinventionibus
1774 3328 1844 3385 suis.

123 3413 180 3467 etsi
195 3429 255 3469 non
271 3416 462 3487 emendetur,
479 3418 623 3473 correctio
637 3432 717 3487 vero,
735 3417 852 3488 quando
868 3416 955 3471 etiam
1013 3412 1153 3485 Nunquid
1164 3416 1376 3471 enimillisnon
1387 3416 1561 3483 eratiratus,
1574 3431 1655 3488 quos,
1665 3417 1744 3471 utait
1756 3419 1846 3488 Apes·

122 3501 304 3558 emendatur.
330 3504 413 3576 Ignis
438 3507 536 3577 itaque
558 3507 750 3578 purgatorius
773 3508 852 3561 recte
877 3508 955 3559 terra
1012 3503 1843 3577 tolus,ctsupcriusinquodamscrmoneposuimus,aa·

122 3589 210 3659 plena
230 3593 416 3663 correptione
436 3598 465 3649 et
488 3595 672 3650 correctione
695 3595 811 3650 Domini
836 3594 952 3657 dicitur,
1013 3591 1090 3647 didit
1102 3594 1476 3664 inrep1·clnunscnsum,ut
1488 3593 1633 3661 tacerent,
1645 3611 1846 3667 quaenoncon

123 3678 233 3750 quiain
249 3681 451 3752 eoplenariam
463 3684 679 3754 correptionem
687 3683 953 3751 Dominisentiunt,
1017 3682 1145 3746 veniunt,
1162 3682 1294 3754 repletos
1317 3683 1396 3738 omni
1416 3683 1586 3756 iniquitate,
1607 3683 1735 3753 malitia,
1752 3684 1844 3739 sorni·

123 3770 152 3822 et
168 3770 384 3841 correptionem
394 3773 552 3844 accipiunt,
568 3775 618 3845 qui
634 3774 664 3827 in
680 3774 737 3828 hoc
753 3773 862 3827 mundo
878 3789 893 3825 a
902 3787 954 3842 pc·
1014 3771 1127 3826 catione
1136 3772 1592 3842 illuni.1),ctcaeterish01rendis
1602 3772 1843 3843 detestandisque

121 3858 213 3914 raetis
224 3860 356 3933 pcccatis
366 3862 551 3932 recedentes,
564 3863 694 3934 plenaria
707 3861 909 3917 satisfactione
922 3876 955 3915 se
1011 3860 1091 3914 vitiis
1101 3864 1129 3914 et
1144 3862 1285 3932 peccatis,
1299 3878 1366 3933 quac
1378 3861 1487 3916 ibidem
1496 3865 1717 3932 consequenter
1731 3861 1843 3918 descri-

122 3962 251 4021 purgare
266 3950 472 4022 neglexerunt,
484 3953 532 4008 vel
543 3956 622 4008 certe
634 3956 726 4008 morte
739 3951 879 4022 praeventi
896 3967 955 4005 non
1010 3947 1141 4003 buntur?
1158 3951 1189 4004 ln
1205 3967 1352 4005 cerumnus
1365 3950 1457 4022 hujus
1469 3954 1556 4005 tcrrae
1568 3951 1752 4005 miserabilis
1759 3966 1844 4022 popu-

121 4038 956 4114 potuerunttlujusvidelicetigniscruciatioomncsprm-
1011 4036 1071 4090 lum
1096 4038 1247 4109 antiquum
1277 4039 1477 4109 collapsurum
1503 4039 1695 4110 significavit,
1719 4039 1773 4094 ubi
1797 4053 1844 4109 per

122 4125 217 4180 sentis
227 4127 440 4184 satisfactionis
451 4130 569 4185 dolores
581 4131 791 4186 transcendere
808 4130 953 4184 credenda
1012 4126 1134 4196 llcyscn
1145 4128 1349 4182 comminando
1362 4128 1450 4183 dixit:
1463 4129 1531 4183 Mea
1544 4133 1589 4182 cst
1604 4127 1687 4198 ultio,
1699 4134 1729 4182 ct
1740 4143 1844 4200 cqorc·

122 4215 178 4268 est.
194 4212 229 4270 Id
240 4215 327 4282 enim,
341 4218 416 4290 quod
431 4220 616 4291 inpraesenti
627 4224 672 4274 cst
683 4224 915 4274 nroincntaneum
925 4223 956 4274 ct
1013 4215 1140 4269 tribuam
1150 4216 1232 4270 eisin
1244 4223 1383 4288 ternpore,
1393 4224 1422 4271 ut
1434 4216 1614 4288 labaturpes
1627 4233 1730 4272 corum
1746 4217 1840 4286 (Dent.

121 4300 190 4358 leve
207 4303 411 4362 tribulationis
430 4313 550 4374 nostroe,
567 4308 788 4380 supramodum
810 4309 841 4362 in
859 4307 954 4362 subli-
1011 4305 1318 4378 xxxii).Superhujus
1330 4310 1416 4361 terrae
1427 4306 1638 4362 inhabitatione
1647 4306 1741 4362 isaias
1751 4306 1841 4377 lacry-

120 4393 225 4449 mitate
239 4400 384 4450 arternum
399 4396 505 4469 qlcriae
525 4398 641 4469 pondus
662 4403 803 4470 operatur
822 4398 853 4451 iu
869 4397 955 4451 nobis
1011 4393 1148 4449 mobilem
1159 4396 1372 4466 querimoniam
1382 4394 1502 4466 protulit
1513 4395 1549 4448 ad
1560 4394 1841 4451 Dominumdiceas:

121 4480 158 4552 (ll
176 4481 247 4540 Cor.
261 4485 313 4556 ιν).
329 4485 392 4541 Illic
407 4489 505 4542 autem
518 4503 571 4558 pro
587 4487 777 4560 negligentia,
794 4487 842 4542 vel
862 4487 953 4558 longo
1010 4481 1091 4537 Ecce
1107 4489 1137 4537 tu
1158 4484 1255 4538 iratus
1275 4500 1317 4552 ca,
1335 4490 1364 4538 et
1383 4485 1574 4556 peccavimus
1597 4483 1670 4552 (lsai
1693 4487 1786 4555 cxiv).
1802 4483 1843 4538 Ab

122 4576 291 4645 contemptu
314 4577 463 4647 gravioris
492 4577 616 4632 dammae
642 4578 791 4632 eruciatus
815 4577 892 4631 sicut
917 4592 954 4629 ex
1010 4571 1066 4626 hac
1078 4572 1204 4644 denique
1220 4576 1297 4627 terra
1314 4572 1564 4644 psalmographus
1580 4587 1636 4626 nos
1651 4576 1782 4641 coercet,
1797 4571 1843 4627 ubi

120 4661 273 4736 plerisque
285 4669 455 4720 sanctorum
467 4666 707 4737 revelationibus,
725 4670 753 4722 ct
764 4667 839 4721 locis
855 4666 953 4736 Scrip-
1009 4661 1845 4733 dicitulpprchcnilitcdisciplinanuncquanrloirascatur

120 4752 254 4808 turarum
278 4754 495 4825 comprobatur,
520 4755 644 4811 debetur
669 4759 697 4810 et
718 4756 883 4810 adhibetur.
901 4753 954 4807 Est
1006 4749 1158 4811 Dominus.
1176 4757 1205 4806 et
1218 4751 1353 4822 pereatis
1369 4751 1406 4806 dc
1425 4751 1564 4821 riajusta
1579 4749 1675 4820 (l’sal.
1695 4749 1843 4819 11).Tcrra

122 4840 208 4894 etiam
223 4845 311 4913 terra,
324 4859 390 4914 quae
406 4843 493 4914 plena
509 4847 554 4899 cst
570 4844 717 4915 voluptate
730 4843 855 4915 Domini,
866 4846 894 4897 ct
908 4845 954 4896 est
1007 4856 1089 4910 vcro,
1102 4857 1167 4912 quae
1180 4840 1264 4911 plena
1276 4842 1322 4894 est
1333 4839 1537 4893 misericordia
1547 4838 1673 4907 Domini,
1684 4838 1841 4893 manifeste

121 4931 210 5002 terra,
227 4947 293 5002 quae
308 4932 461 5003 pleuresi
480 4935 693 4988 sustentatione
709 4932 834 4988 Domini.
851 4932 952 4999 Terra,
1007 4930 1241 4985 universitasest
1250 4945 1319 4984 vere
1327 4928 1541 4998 poenitentium,
1553 4943 1620 4981 eum
1628 4927 1693 4996 ipse
1702 4927 1843 4982 Dominus

121 5035 189 5092 quae
212 5020 298 5091 plena
322 5025 369 5078 est
391 5022 540 5093 voluptate
564 5022 690 5092 Domini,
708 5026 753 5077 est
774 5022 952 5092 paradisus3
1006 5034 1060 5089 per
1070 5020 1253 5074 Ezereliielem
1262 5019 1525 5089 prophetamdicit:
1540 5015 1621 5081 Quod
1630 5016 1844 5088 siimpiuseqc

120 5113 199 5166 terra
210 5125 292 5181 vero,
305 5128 371 5183 quac
381 5112 468 5183 plena
483 5113 528 5166 cst
539 5112 752 5167 sustentatione
765 5111 890 5179 Domini,
907 5114 953 5165 est
1007 5110 1048 5163 rit
1061 5109 1266 5180 paenitentiam
1278 5107 1315 5161 ah
1327 5107 1462 5162 cornibus
1470 5106 1604 5177 pcccatis
1615 5105 1689 5172 suia,
1706 5120 1843 5176 qumope·

120 5200 170 5256 hic
185 5201 323 5256 mundus.
340 5201 501 5257 Paradisus
517 5205 564 5257 est
575 5205 661 5272 tarra,
674 5218 740 5274 quac
750 5201 889 5270 cstplcna
901 5215 952 5253 vo·
1007 5204 1152 5261 ratuscsl,
1162 5193 1844 5264 etcustodicrituru'rcrsaprnucptamenotio·

119 5289 228 5361 luptate
245 5289 370 5361 Domini,
387 5308 446 5347 non
456 5307 489 5346 ea
504 5290 664 5360 voluntate,
677 5307 742 5362 quae
760 5290 823 5359 ipsc
839 5292 894 5356 cst,
906 5287 951 5342 rel
1007 5286 1230 5356 ceritjudiciunr
1242 5284 1436 5356 ctjustitiam,
1451 5285 1510 5337 rita
1523 5283 1613 5350 rivet,
1628 5289 1658 5336 ct
1669 5283 1844 5337 ncnmoric·

120 5396 186 5451 quae
202 5380 313 5451 inipso
329 5381 563 5435 substantialiter
577 5383 605 5435 et
629 5380 807 5434 aeternaliter
823 5382 878 5445 est,
896 5379 949 5431 scd
1008 5382 1064 5429 tur.
1076 5376 1207 5429 Ouinium
1214 5374 1403 5446 iniquitatum
1411 5373 1484 5444 ejice,
1495 5376 1714 5444 quasopcratus
1722 5377 1779 5434 cst,
1791 5388 1844 5425 nen

119 5484 153 5523 ca
170 5469 595 5541 quaeabipso,velpe1·ipsum
609 5469 779 5537 temporalis
795 5467 952 5522 etmutubi-
1006 5464 1196 5520 recordaber.
1223 5463 1257 5516 ln
1275 5462 1396 5533 justitia
1421 5477 1490 5526 sua,
1514 5476 1597 5532 quam
1622 5465 1765 5530 operatus
1786 5467 1841 5522 cst,

117 5556 156 5611 lis
173 5561 269 5612 creata
281 5560 336 5612 est.
355 5556 463 5610 Plenus
476 5558 522 5610 cst
532 5555 688 5625 paradisus
703 5556 861 5626 voluptate,
880 5556 947 5626 quia
1007 5555 1035 5608 ri
1042 5560 1087 5607 ret
1098 5553 1219 5624 (Erech.
1228 5553 1321 5620 xviri).
1330 5551 1399 5604 llaec
1411 5553 1455 5603 cst
1468 5548 1656 5619 terramque
1668 5548 1842 5604 solemniter

116 5645 148 5701 in
157 5647 223 5718 ipsc
241 5645 369 5704 abinitio
390 5644 466 5702 tacta
482 5644 651 5717 creduntur,
669 5660 735 5718 quae
751 5646 881 5716 plenarie
892 5646 947 5700 hu-
1003 5647 1031 5698 et
1042 5643 1234 5715 singulariter
1247 5641 1388 5713 quotidie,
1407 5640 1466 5694 imo
1481 5637 1842 5694 continuerantaturlaus
