3796 6022
1773 193 1852 262 1060

534 200 755 272 arcannm
774 199 831 269 An
853 160 1046 271 ausonis
1067 201 1212 269 ornan
1232 198 1431 267 uremur.

120 211 201 283 1059

126 404 827 484 nonnullos,quideberentesseprudentessicut
837 385 997 476 serpen·A
1012 404 1124 477 scripta
1133 402 1466 474 suntincmlis(Lne.x).
1480 403 1545 460 Nos
1555 404 1665 474 itaque,
1676 398 1850 455 charissimi

127 506 183 570 tes,
193 494 876 574 pravissuggestionibusaspiransperculpam
883 509 958 549 mor·
1013 495 1112 565 nobis,
1129 496 1230 549 contra
1245 492 1427 564 spiritualem
1442 492 1559 549 hostem
1573 489 1744 547 dimicaturi
1759 486 1848 559 spiti-

128 590 228 646 titlcat.
246 588 300 654 Qui
315 591 411 642 temen
426 602 443 639 a
458 584 593 640 mustelis
607 584 745 654 vincitur,
762 583 831 638 dum
846 583 882 637 ab
898 582 957 637 illis
1012 582 1142 638 tualibus
1158 582 1250 637 armis
1265 582 1431 651 induamur,
1445 581 1648 637 uthabeamus
1663 581 1786 634 scutum
1800 591 1849 647 per

130 679 181 753 qui
196 680 265 734 sunt
277 677 361 747 parvi
376 675 537 731 humilitate
550 674 658 740 cordis,
672 678 700 728 et
710 673 792 745 longi
802 673 848 727 vel
860 672 958 743 potius
1013 671 1111 741 tidem,
1130 672 1247 744 galeam
1259 686 1313 742 per
1327 687 1422 742 spem,
1446 671 1569 726 loricam
1586 658 1641 741 ρον
1656 667 1844 735 charitatem,

129 766 317 840 longamines
336 763 558 836 perseverantia
580 762 650 818 honi
673 763 782 833 operis,
799 762 959 832 prudentes
1013 760 1144 832 gladium
1155 761 1278 831 spiritus
1289 760 1367 832 quod
1378 764 1425 815 est
1437 759 1560 815 verbum
1571 759 1634 829 Dei,
1646 773 1703 829 per
1712 755 1849 828 praedicn-

130 855 264 912 acumine
273 854 474 924 discretinnis,
487 855 653 923 superatur.
664 850 734 922 Leo,
747 851 798 923 qui
809 849 923 927 sortiter
930 850 960 905 in
1014 849 1133 919 tionem,
1145 851 1173 904 et
1183 849 1314 904 lanceam
1323 849 1452 922 longam,
1465 865 1531 920 quae
1549 848 1586 903 ad
1598 848 1692 903 Deum
1708 844 1846 916 erigatur,

130 944 204 1001 alias
223 943 336 1000 bestias
356 943 437 1012 furit,
457 945 537 997 reete
557 957 610 1013 per
629 956 714 995 suam
733 939 913 995 ferocitatem
933 940 961 994 et
1015 941 1044 993 et
1061 939 1093 993 in
1112 938 1227 994 hostem
1243 939 1406 1011 dirigatur,
1422 954 1477 1009 ρον
1490 937 1625 993 devotam
1641 938 1671 991 et
1685 936 1849 1006 improeter·

132 1032 288 1104 saevitiam,
313 1047 425 1086 saevam
450 1029 559 1085 diaboli
585 1027 787 1085 crudelitatem
810 1026 959 1098 designat.
1015 1027 1138 1083 missam
1149 1020 1849 1098 orationem.Supernourumjnmentnmsetea·

130 1120 225 1177 Draco
241 1120 368 1192 denique
380 1136 440 1175 non
454 1119 485 1174 in
500 1117 649 1188 dentibus,
666 1116 720 1172 sed
734 1117 764 1171 in
775 1116 868 1171 cauda
876 1131 962 1170 suam
1014 1132 1092 1185 mus,
1105 1118 1136 1170 ut
1153 1115 1307 1171 lasciviam
1322 1118 1433 1172 nostrae
1449 1116 1549 1170 carnis
1564 1114 1785 1185 deprimamus,
1796 1109 1849 1166 ire·

132 1212 270 1267 virtutem
279 1209 378 1280 habet,
388 1211 417 1265 et
424 1207 520 1281 magis
528 1206 706 1275 insidiando,
715 1203 961 1274 etdelitescendo,
1015 1221 1086 1261 num
1095 1204 1295 1276 temperantiae
1309 1207 1338 1260 et
1347 1204 1537 1260 discretionis
1552 1203 1593 1258 illi
1604 1203 1806 1275 imponamus,
1821 1201 1849 1254 nt

133 1315 221 1373 quam
236 1302 337 1370 aperto
353 1297 505 1354 saeviendo
516 1299 618 1366 nocet3
629 1294 666 1349 ab
677 1310 711 1349 eo
722 1293 964 1364 necelephussni
1016 1294 1053 1348 ab
1069 1293 1180 1348 illicitis
1196 1293 1267 1348 iilud
1283 1293 1474 1349 cohibeamus
1491 1297 1518 1348 et
1533 1307 1587 1364 per
1603 1292 1683 1347 viam
1705 1289 1849 1362 aequitatis

135 1388 270 1460 corporis
280 1387 483 1460 magnitudine
494 1388 575 1440 tutus
586 1387 642 1440 est.
655 1384 729 1438 Nam
741 1383 819 1437 circa
830 1383 962 1453 semitas,
1017 1382 1191 1455 dirigamus.
1200 1382 1366 1456 Urgeamus
1374 1382 1446 1438 illud
1455 1381 1622 1437 calcaribus
1629 1379 1817 1453 jejuniorum
1825 1381 1851 1433 et

129 1493 184 1551 ρον
200 1493 275 1549 quas
286 1476 374 1532 solito
385 1473 751 1547 gradiuntnrdelitescens
763 1487 849 1527 crura
861 1486 963 1527 eorum
1017 1470 1201 1543 vigiliarum,
1223 1487 1260 1527 ne
1276 1472 1425 1542 torpescat
1437 1472 1469 1526 in
1485 1470 1699 1526 exercitatione
1714 1468 1848 1524 virtutum

132 1566 220 1622 nodis
234 1565 337 1637 illigat,
354 1580 389 1618 ac
409 1561 571 1619 suffocatos
586 1562 715 1633 perimit.
732 1561 813 1617 Sicut
828 1576 901 1633 ergo
917 1560 963 1615 leo
1018 1563 1047 1615 et
1062 1560 1243 1615 exhibitione
1264 1559 1411 1615 bonorum
1434 1575 1567 1631 operum.
1590 1559 1693 1614 Simus
1716 1556 1848 1613 sortesin

135 1653 322 1709 manifestam
337 1652 445 1708 diaboli
463 1651 663 1707 crudelitatem
674 1651 820 1722 exprimit,
830 1649 963 1705 itadraco
978 1701 1005 1762 Β
1018 1648 1518 1722 bello,etpugnemuscumantiquo
1528 1650 1678 1719 serpente,
1688 1649 1848 1719 utreguum

134 1737 964 1815 congruedesignatejusoccultamcalliditatem.Diabo-
1023 1741 1166 1794 aeternum
1189 1738 1398 1809 percipiamus.
1424 1738 1518 1792 Nemo
1541 1740 1677 1792 nostrum
1698 1735 1729 1790 in
1750 1734 1849 1790 castris

133 1831 181 1888 lus
200 1833 309 1903 itaque,
326 1831 404 1885 sieut
427 1845 518 1901 supra
532 1831 726 1884 monstratum
742 1829 797 1897 est,
820 1826 902 1897 aspis
918 1829 964 1881 est
1020 1829 1088 1882 vitae
1103 1826 1261 1898 praesentis
1273 1830 1374 1882 contra
1384 1827 1487 1882 hostes
1497 1826 1663 1881 dimicando
1678 1827 1804 1896 torpeat,
1816 1838 1848 1878 ne

133 1917 302 1976 insensibili
313 1919 483 1990 pertinacia,
495 1917 658 1974 basiliscus
669 1916 743 1972 elata
754 1916 904 1988 superbia,
916 1915 963 1970 leo
1020 1932 1146 1990 regnum
1161 1920 1304 1971 aeternum
1318 1918 1475 1987 superatus
1490 1915 1610 1971 amittat.
1630 1914 1700 1970 Non
1718 1914 1797 1969 enim
1806 1928 1848 1968 se·

133 2008 290 2066 manifesta
306 2008 431 2079 saevitia,
447 2009 537 2063 draco
549 2006 791 2063 occultamalitia.
803 2004 861 2061 Sed
877 2004 964 2060 miles
1020 2007 1136 2078 gniter,
1153 2005 1207 2061 sed
1223 2005 1347 2060 viriliter
1366 2009 1394 2060 et
1407 2005 1537 2078 legitime
1551 2003 1676 2059 certanti
1692 2002 1780 2076 regni
1794 2017 1849 2057 cm·

134 2097 244 2155 Christi
258 2096 402 2169 aspidem,
418 2096 603 2168 basiliscum,
621 2096 746 2166 leonem,
763 2097 791 2150 et
806 2095 964 2149 draconem
1019 2096 1105 2152 lestis
1130 2110 1239 2150 corona
1261 2096 1442 2151 reservatur.
1471 2094 1556 2150 Unde
1579 2092 1706 2164 pulchre
1736 2090 1850 2164 quidam

133 2187 263 2243 rineitet
274 2185 437 2255 conculcat,
450 2185 519 2240 dum
529 2185 700 2240 universam
710 2183 779 2256 ejus
793 2184 963 2256 nequitiam,
1020 2184 1208 2241 versificator
1220 2184 1260 2239 ait
1276 2200 1283 2240 ;

134 2293 201 2349 quaa
215 2292 269 2348 per
291 2275 355 2330 haec
369 2278 495 2346 quatuor
518 2274 672 2346 liguratur,
689 2273 849 2344 prudenter
871 2275 899 2328 et
913 2288 964 2344 po·
1057 2274 1175 2329 Excute
1192 2278 1350 2345 torporem,
1367 2273 1416 2346 qui
1430 2271 1496 2328 eecli
1511 2271 1621 2345 quaeris
1634 2271 1789 2327 bonorem.

136 2369 233 2421 tenter
246 2363 383 2420 debellat.
1054 2363 1121 2419 Non
1131 2361 1253 2418 dabitur
1263 2362 1349 2433 segni
1364 2361 1497 2417 caelestis
1505 2360 1601 2434 gloria
1613 2360 1713 2433 regni.

170 2453 216 2510 Ad
226 2451 397 2527 hujusvero
405 2450 670 2523 victoriaepalmnm
681 2451 868 2507 obtinendam
878 2450 965 2506 etiam
1056 2451 1141 2518 Quod
1163 2451 1251 2506 nobis
1276 2453 1418 2522 praestare
1438 2450 1576 2522 dignetur
1597 2449 1691 2504 lesus
1715 2447 1850 2505 Christus

134 2541 231 2616 ipsius
253 2538 416 2597 Salvatoris
440 2542 542 2597 verbis
558 2541 730 2611 animamur,
754 2540 805 2596 ubi
821 2538 980 2611 apostolis'
1022 2541 1164 2599 Dominus
1179 2542 1291 2611 noster,
1306 2540 1356 2612 qui
1372 2542 1418 2596 est
1432 2539 1512 2595 Deus
1526 2537 1703 2595 benedictus
1715 2539 1746 2593 in
1760 2553 1852 2593 smon-

136 2631 262 2705 loquens
277 2629 365 2686 dicit:
382 2630 462 2685 Ecce
471 2630 542 2686 dedi
555 2629 639 2684 robis
646 2635 823 2702 potestatem
832 2627 966 2684 calcandi
1021 2632 1059 2686 la.
1076 2634 1180 2685 Amen.

135 2717 968 2794 superserpentesetscorpinnes,etsupraomnemrirtu·
1336 2717 1465 2774 SERMO
1484 2717 1544 2772 LV.

136 2815 194 2865 tem
201 2808 326 2878 inimici,
337 2814 366 2862 et
375 2806 453 2862 nihil
460 2805 666 2862 vobisnocebit
674 2806 754 2875 (Luc.
765 2807 805 2875 x).
815 2805 967 2861 Nouenim
1262 2805 1293 2862 ln
1307 2806 1387 2863 testo
1400 2806 1622 2863 beataeMariae.

135 2897 233 2954 solum
248 2895 402 2968 apostolis,
418 2910 524 2950 verum
538 2897 566 2950 et
581 2895 732 2950 universis
748 2894 885 2950 fidelibus
902 2895 967 2950 suis
1061 2895 1151 2962 Quasi
1159 2902 1273 2966 storax,
1285 2902 1314 2952 ot
1325 2895 1480 2970 galbanus,
1493 2902 1522 2952 et
1530 2895 1651 2969 ungula,
1671 2902 1701 2951 et
1718 2900 1813 2968 gutta,
1826 2898 1852 2949 et

136 2987 216 3043 dedit
229 2988 402 3057 potestatem
418 2983 606 3039 adversarias
617 2987 779 3055 potestates
795 2984 965 3055 superandi,
985 2987 1108 3061 cqnasi
1122 2986 1255 3042 Libanus
1273 3002 1329 3040 non
1348 2986 1462 3041 incisus
1486 2986 1628 3057 vaporavi
1641 2984 1853 3040 habitationem

137 3075 188 3148 qui
199 3091 258 3131 non
269 3073 457 3143 tnntnmitlis,
477 3073 570 3128 sedet
585 3073 722 3129 omnibus
733 3073 764 3127 in
775 3088 807 3127 se
819 3073 967 3127 credenti·
1024 3091 1127 3146 meam,
1145 3080 1174 3130 et
1190 3075 1274 3147 quasi
1287 3073 1449 3130 balsamum
1467 3090 1523 3129 non
1536 3075 1655 3129 mistum
1673 3074 1748 3129 odor
1763 3087 1851 3128 meus.

135 3165 194 3220 bus
209 3164 279 3218 dare
295 3162 434 3235 dignatus
450 3165 496 3216 est
510 3161 677 3232 exemplum
692 3165 794 3216 contra
814 3177 865 3216 eas
880 3161 967 3216 dimi·
1024 3164 1065 3219 Et
1080 3165 1164 3237 quasi
1182 3163 1382 3219 Terebinthns
1394 3164 1518 3219 extendi
1527 3179 1626 3218 ramos
1634 3178 1726 3231 meos,
1739 3168 1770 3218 et
1779 3160 1852 3216 rami

136 3252 232 3308 candi.
243 3252 319 3307 Hinc
329 3254 375 3307 est
385 3251 472 3306 etiam
483 3251 561 3321 quod
578 3249 820 3305 recumbentibus
832 3249 969 3305 undecim
1023 3254 1083 3308 mei
1097 3253 1220 3309 honoris
1234 3259 1264 3307 et
1280 3253 1397 3324 gratiae.
1414 3252 1480 3325 Ego
1495 3253 1579 3325 quasi
1592 3252 1664 3308 vitis
1675 3248 1852 3307 fructificari

132 3340 276 3413 apostolis
286 3341 339 3395 ait:
352 3339 446 3411 Signa
458 3344 554 3394 autem
570 3353 621 3393 eos
636 3338 685 3411 qui
700 3339 889 3393 crediderint
904 3339 968 3394 baec
1023 3342 1201 3397 suavitatem
1217 3342 1329 3409 odoris,
1346 3346 1376 3396 et
1389 3341 1482 3397 tiores
1494 3339 1680 3396 mcitrnetns
1691 3339 1850 3395 honoriset

134 3431 297 3501 sequentur
308 3427 355 3482 :In
363 3428 553 3482 nornincmeo
568 3426 709 3481 daemonia
726 3426 849 3499 ejicient
859 3428 967 3499 (attare.
1024 3431 1192 3486 honestatis
1216 3429 1312 3500 (Eceli
1335 3431 1428 3502 xxiv).
1446 3429 1723 3485 Haecsaerosancta
1743 3427 1849 3494 verba,

136 3518 209 3585 xvi).
223 3515 259 3570 Et
267 3517 372 3569 iterum
387 3517 455 3584 post
468 3529 576 3585 pauca:
594 3513 760 3586 Serpentes
771 3514 884 3587 tollent,
897 3521 926 3571 et
941 3516 970 3571 si
1025 3519 1204 3590 charissimi,
1217 3535 1283 3591 quae
1293 3536 1346 3591 per
1357 3520 1471 3589 iesum,
1483 3518 1576 3573 filiurn
1584 3517 1701 3587 Sirach,
1713 3518 1743 3572 in
1759 3514 1852 3571 Eccle-

135 3602 324 3660 mortiternm
332 3602 903 3675 quidbiberint,noneisnocebittibid.).
911 3604 970 3660 Sed
1024 3609 1145 3664 siastico
1157 3609 1193 3663 de
1204 3609 1356 3679 sapientiae
1364 3607 1503 3663 laudibus
1513 3606 1738 3679 elegantissime
1749 3604 1854 3662 descri-

137 3691 281 3764 nunquid,
294 3690 412 3761 iratres,
429 3691 497 3763 quia
508 3691 764 3762 istacorpornliter
774 3694 802 3748 et
811 3693 969 3748 visibiliter
1023 3693 1850 3768 huntur,beataeetintemerataevirginisllarioepraeconis

136 3781 341 3850 noniaeimus,
354 3781 420 3836 ideo
431 3780 550 3835 minime
562 3780 730 3836 credimus?
746 3780 845 3837 Absit!
863 3781 970 3837 Sancta
1023 3785 1249 3858 magnificisque
1260 3786 1418 3840 virtutibus
1431 3784 1853 3840 convenienterattribuuntnr.

138 3871 276 3928 nimirum
283 3868 429 3940 Ecclesia,
441 3869 969 3943 sicutdicitbeatustlregorinsmunc
1023 3873 1090 3944 lpse
1101 3874 1239 3930 nimirum
1248 3873 1362 3929 coelesti
1377 3873 1531 3944 sapientiae
1541 3889 1602 3944 prae
1621 3872 1741 3928 caeteris
1752 3874 1854 3928 morta·

135 3959 266 4032 quotidie
282 3958 453 4029 spiritaliter
466 3958 547 4029 lacit,
565 3960 643 4030 quod
659 3962 729 4014 tunc
744 3974 798 4030 por
816 3959 968 4030 apostolos
1022 3962 1101 4017 libus
1116 3962 1355 4033 plenissimcsibi
1370 3962 1476 4017 donata
1491 3977 1544 4033 per
1558 3962 1687 4017 virtutes
1701 3961 1794 4017 rebus
1810 3959 1854 4014 hie

135 4048 328 4119 corporaliter
348 4047 486 4102 iaciebat.
509 4046 584 4101 Nam
604 4048 777 4103 sacerdotes
797 4047 880 4120 ejus,
902 4065 969 4103 cum
1023 4050 1180 4123 descriptis
1191 4050 1333 4123 figuratas
1343 4050 1709 4118 vioitmalitiam,obtinnit
1719 4050 1852 4122 palmam,

138 4133 298 4192 exorcismi
308 4134 431 4207 gratiam
443 4152 560 4191 manum
570 4136 760 4192 credentibus
769 4137 969 4208 imponunt,et
1022 4139 1111 4194 habet
1125 4155 1274 4196 coronam.
1286 4138 1380 4211 Cujus
1396 4155 1500 4195 revera
1510 4138 1650 4195 tortitudo
1663 4142 1693 4194 et
1716 4139 1784 4194 laus
1798 4137 1854 4191 Do·

137 4222 271 4280 habitare
281 4222 429 4295 malignos
440 4223 563 4295 spiritus
579 4223 610 4278 in
625 4239 727 4280 eorum
742 4229 838 4281 mente
850 4227 968 4281 contre·
1024 4229 1132 4299 minus,
1150 4228 1283 4283 attactus
1299 4231 1344 4284 est
1359 4230 1387 4282 ei
1401 4229 1432 4282 in
1448 4228 1584 4298 salutem,
1603 4227 1747 4283 fortitudo
1762 4227 1856 4298 inpa-

135 4313 247 4383 dicunt,
273 4311 343 4383 quid
369 4311 446 4367 aliud
474 4309 586 4367 iaciunt
611 4330 698 4386 quam
720 4315 799 4386 quod
822 4315 967 4370 demonia
981 4309 1008 4371 D
1025 4334 1093 4391 gna,
1109 4318 1174 4372 laus
1190 4318 1220 4372 in
1231 4319 1364 4388 victoria,
1380 4317 1464 4373 selus
1479 4317 1510 4373 in
1525 4317 1631 4390 gloria.
1648 4316 1737 4373 Unde
1751 4315 1856 4372 rectis·

134 4401 277 4476 ejiciunt?
288 4401 421 4473 Dumque
436 4398 524 4456 bonis
538 4398 603 4457 suis
619 4403 873 4459 exhortationibus
882 4404 967 4458 mali-

135 4493 206 4547 tiam
218 4491 253 4547 de
270 4489 376 4546 alienis
401 4489 542 4546 cordibus
569 4490 715 4562 auserunt,
741 4496 896 4563 serpentes
910 4493 967 4548 tol-

135 4581 208 4638 lunt.
216 4579 253 4635 Et
261 4581 329 4636 dum
335 4577 496 4651 pestiferas
503 4581 662 4635 suasiones
669 4579 801 4650 audiunt,
812 4581 864 4636 sed
871 4584 967 4636 tamen

135 4669 172 4724 ad
183 4670 383 4740 operationem
394 4684 515 4739 pravam
525 4668 644 4723 minime
656 4669 874 4740 pertrahuntur,
887 4686 967 4725 mor-

137 4757 257 4814 titerum
273 4758 391 4830 quidem
402 4759 448 4812 est
459 4757 538 4829 quod
548 4755 664 4826 bibunt,
674 4756 727 4811 sed
743 4773 801 4812 nan
813 4756 857 4812 eis
871 4761 967 4814 nocet.

138 4844 192 4901 liis
202 4846 340 4902 omnibus
352 4843 521 4916 edocemur,
532 4845 651 4917 fratrea,
667 4861 727 4900 non
735 4849 793 4900 tam
805 4845 970 4917 corporalia

138 4933 236 5006 signa,
249 4946 315 5006 quoe
325 4946 391 4989 cum
402 4934 539 5007 reprobis
550 4932 967 5006 possunthabericommunia,

135 5035 224 5095 quam
239 5022 419 5095 spiritualia,
446 5039 512 5097 quae
529 5022 658 5080 diximus
674 5039 787 5095 amare,
809 5038 875 5096 quae
889 5028 968 5080 tanto

135 5113 375 5185 securiorasnnt,
387 5117 496 5185 quanto
508 5113 679 5185 occultiora,
692 5117 720 5170 et
728 5111 763 5169 de
773 5112 882 5186 quihus
892 5113 970 5184 apud

134 5202 227 5258 Deum
239 5217 274 5257 eo
286 5201 555 5275 majorretribntio,
569 5219 626 5275 quo
638 5203 715 5274 apud
727 5203 864 5258 homines
873 5202 970 5257 minor

134 5294 181 5349 est
194 5291 300 5363 gloria.
322 5291 399 5346 Hinc
419 5295 464 5346 est
480 5308 597 5364 quoque
613 5291 692 5365 quod
708 5287 864 5364 discipulis
880 5291 915 5346 de
932 5306 967 5347 eo

132 5378 212 5454 quod
223 5380 267 5436 eis
280 5379 423 5435 immundi
432 5379 557 5451 spiritus
569 5379 808 5452 subjiciebantur
817 5378 969 5453 gaudenti·

131 5469 191 5528 bus
197 5468 339 5526 Dominus
349 5469 402 5524 ait:
415 5466 518 5524 Nolite
524 5468 730 5542 gandereqnia
741 5468 970 5543 spiritassubji·

135 5557 255 5624 ciuntur
270 5557 365 5619 robis.
383 5555 516 5617 Gaudete
531 5559 627 5617 antem
643 5557 719 5639 quod
733 5557 850 5620 aomina
868 5565 969 5622 restra

1025 4406 1099 4462 sime
1113 4406 1198 4462 beatu
1220 4408 1306 4478 virgo
1322 4406 1413 4461 Maria
1428 4422 1482 4478 per
1505 4406 1636 4461 omnium
1658 4420 1713 4461 ora
1728 4403 1858 4461 lideliunt

1023 4495 1161 4551 laudibus
1177 4495 1328 4566 sapientiae
1344 4511 1416 4550 suas
1426 4498 1524 4566 potest
1537 4495 1661 4550 virtutes
1677 4493 1825 4563 attollere,
1833 4494 1860 4548 et

1024 4601 1087 4639 suae
1103 4583 1254 4656 dignitatis
1276 4584 1401 4656 gloriam
1423 4600 1477 4655 per
1499 4584 1673 4639 universam
1692 4582 1858 4639 Ecclesiam

1025 4672 1240 4728 commendare.
1252 4673 1334 4727 Dicat
1342 4688 1424 4745 ergo,
1435 4673 1521 4742 dicut,
1533 4673 1664 4742 inquam,
1674 4671 1859 4742 praecunctis

1024 4761 1197 4816 mortalibus
1214 4762 1422 4833 singulariter,
1439 4761 1516 4816 dicat
1539 4760 1721 4816 excellenter
1739 4776 1746 4816 ε
1772 4758 1859 4827 Quasi

1024 4856 1178 4921 storax,et
1187 4849 1341 4923 galbanus,
1359 4853 1511 4923 etungnla,
1524 4856 1554 4907 et
1562 4854 1644 4922 gutta
1659 4849 1808 4922 :etquasi
1818 4847 1862 4905 Li·

1025 4939 1120 4994 banus
1136 4940 1315 4994 nonincisus
1329 4939 1470 5011 vaporari
1480 4939 1695 4995 habitationem
1705 4953 1814 4994 meam.
1823 4935 1861 4992 at

1027 5027 1110 5101 qnasi
1115 5027 1276 5083 balsamum
1286 5028 1465 5084 normistum
1476 5027 1651 5098 odormens,
1667 5029 1725 5082 etc.
1737 5026 1860 5095 Stoma,

1025 5119 1057 5172 ut
1067 5116 1259 5188 physicorum
1275 5116 1345 5171 libri
1359 5119 1488 5186 narrant,
1504 5118 1620 5187 inpetu
1634 5118 1776 5187 sumptus
1793 5131 1861 5170 rau·

1027 5207 1143 5260 citatem
1155 5204 1259 5276 anteit,
1272 5220 1376 5260 vocem
1388 5204 1539 5260 clarificat.
1552 5204 1638 5261 Unde
1650 5218 1861 5277 congruegra·

1026 5292 1095 5349 tiam
1106 5291 1213 5349 divinae
1224 5293 1401 5349 laudationis
1412 5293 1530 5367 ligarat.
1539 5292 1768 5365 Quamgratiam
1776 5292 1860 5349 beata

1027 5382 1118 5438 bieria
1135 5382 1299 5439 luculenter
1309 5382 1420 5453 habuit,
1439 5383 1508 5454 quia
1522 5398 1576 5454 per
1586 5381 1741 5437 Elisabeth
1751 5382 1790 5438 de
1809 5397 1862 5437 sua

1028 5471 1198 5528 credulitate
1214 5469 1380 5528 beatificata
1402 5472 1506 5528 laudes
1532 5471 1594 5527 Deo
1610 5471 1777 5528 decantans
1799 5470 1860 5529 ait:

1027 5559 1201 5641 Magnificat
1210 5562 1307 5623 anima
1317 5576 1382 5622 caea
1394 5560 1548 5622 Dominum
1558 5560 1682 5637 (Luem).
1695 5559 1791 5633 Quasi
1804 5565 1861 5623 eta·
