3796 6022
1789 224 1850 291 936

116 245 177 313 935

561 233 781 302 APPENDIX
801 234 831 297 A
853 224 1045 339 HUGQNIS
1068 226 1212 295 OPERA
1232 224 1431 293 MYSTICA.

122 446 205 522 quasi
215 444 305 519 ipris,
319 442 403 516 quasi
421 456 473 497 ras
484 439 551 495 auri
560 437 696 494 solidum.
709 436 799 492 Stella
808 440 854 492 est
867 435 956 493 lumi·
969 416 998 480 Ᾱ
1015 434 1158 492 crificium
1183 450 1273 489 causa
1301 436 1347 490 est
1368 434 1498 490 omnium
1522 432 1754 505 sacrificiorum,
1781 433 1848 505 quia

122 551 194 593 nere
209 533 239 590 in
254 533 340 602 coelo,
358 535 386 586 et
400 531 496 585 minor
511 529 588 598 aliis,
601 527 665 582 sole
677 526 828 582 scilicetet
838 525 916 596 luna,
930 527 958 580 et
1016 524 1446 595 caetoraomniaprnpteristud
1458 522 1624 579 factasunt.
1636 522 1732 579 Etiam
1746 524 1848 595 passio

124 619 631 697 signillcatinchoationembonam:
649 615 876 687 inchoationem,
891 614 959 686 qnia
1014 614 1124 669 Christi
1140 629 1230 669 causa
1239 613 1293 667 fuit
1303 613 1427 668 aliorum
1436 614 1651 669 sacrificiorum
1662 613 1760 684 ipsam
1776 629 1850 683 prae·

125 714 263 782 minima,
279 711 398 781 bonnm,
415 710 484 781 quia
498 707 652 761 luminare.
668 706 762 775 Luna,
775 705 843 777 quia
860 705 897 759 ab
912 705 959 758 in·
1015 704 1190 758 cedentium.
1216 703 1299 757 lstud
1326 705 1453 773 primum
1469 701 1639 773 offeramus
1655 703 1725 774 quia
1741 705 1850 757 caetera

126 801 281 858 choatione
298 799 346 853 sui
361 814 415 870 per
430 799 587 866 momenta,
600 796 701 866 horaS,
713 796 788 865 dies,
800 794 959 849 hebdomo·
1015 792 1080 848 sinc
1095 792 1153 848 isto
1164 790 1236 846 nihil
1246 794 1380 861 prosunt,
1392 794 1527 863 quamvis
1539 793 1639 863 etipsa
1649 806 1759 864 magna
1769 793 1848 846 sunt.

127 890 180 946 das
196 890 232 944 ad
242 887 455 960 perfectionem
465 885 600 956 profecit,
613 885 825 955 perfectionem
836 882 959 938 debono
1014 880 1099 946 Quod
1113 897 1169 937 nos
1185 880 1448 952 implerapcrtlciat
1463 881 1515 953 qui
1529 882 1602 937 vivit
1616 883 1645 936 et
1658 882 1777 953 regnat,
1794 884 1848 935 etc.

127 979 163 1035 ad
177 977 295 1048 melius,
312 977 348 1032 de
364 975 552 1030 inchoatione
568 974 604 1028 ad
619 972 831 1044 perfectionem
841 971 958 1043 figurat.
1326 1005 1455 1063 SERMO
1470 1007 1539 1063 xx·

127 1068 177 1124 Sol
192 1070 300 1137 autem,
317 1066 385 1137 quia
400 1063 551 1135 perfectus
566 1064 657 1118 estin
681 1061 841 1133 quantitate
864 1062 962 1115 suaet
1362 1131 1367 1141 .
1506 1133 1511 1144 ,
1571 1133 1576 1144 Ι

126 1158 158 1214 ih
173 1156 285 1213 circulo
298 1156 417 1226 plenus,
434 1168 489 1209 nec
506 1152 663 1224 aliquando
674 1151 792 1221 crescit,
807 1152 962 1220 recteper·
1232 1131 1276 1187 00
1288 1131 1509 1204 fflfltbt'ffidt'lt
1525 1149 1632 1189 flmm-

127 1246 285 1302 factionem
300 1244 447 1315 designat.
466 1241 531 1311 lris,
542 1241 626 1296 idest
638 1240 769 1296 coelestis
783 1253 882 1308 arcuS,
893 1238 962 1310 quia
1052 1239 1165 1296 Brevis
1175 1240 1206 1294 in
1221 1238 1392 1295 volatilibus
1402 1241 1476 1312 apis,
1489 1247 1519 1296 et
1530 1241 1647 1296 initium
1658 1240 1795 1298 dulcoris
1804 1241 1850 1298 ba·

127 1335 284 1407 pluviosus
296 1336 350 1403 est,
368 1334 397 1386 et
411 1347 503 1403 aquas
531 1333 597 1385 ante
612 1345 646 1385 se
662 1328 751 1397 ducit,
777 1327 963 1398 praedicatio-
1016 1330 1067 1386 bct
1083 1331 1200 1384 fructus
1216 1329 1281 1401 rjus
1300 1328 1407 1397 (Eccli.
1423 1330 1476 1400 xi).
1498 1330 1581 1386 Sicut
1594 1331 1686 1386 multa
1701 1335 1731 1387 et
1744 1347 1850 1405 magna

129 1440 197 1481 nam
208 1421 354 1493 exprimit,
371 1436 437 1491 quaa
452 1435 518 1489 nos,
535 1418 586 1490 qui
608 1419 674 1473 sine
694 1418 768 1488 ipsa,
795 1420 873 1472 terra
897 1416 962 1472 sino
1016 1419 1104 1476 nobis
1121 1419 1195 1474 satis
1212 1417 1388 1473 documenta
1403 1422 1547 1488 praestant
1567 1419 1709 1491 quaelibet
1732 1421 1849 1476 minima

130 1505 962 1585 aquosumus,irrigat,utsterilesinveniensfructuosos
1019 1512 1103 1582 gesta
1123 1510 1295 1563 sanctorum
1326 1508 1357 1561 in
1384 1507 1557 1579 ScripturiS,
1570 1510 1618 1564 -ita
1640 1526 1850 1582 nonnunquam

130 1601 227 1658 faciat.
239 1599 352 1655 Cedrus
368 1596 458 1652 arbor
473 1600 518 1651 ost
535 1595 638 1650 Libani
648 1595 766 1651 montis.
779 1595 911 1650 Libanus
923 1595 964 1648 in·
1017 1597 1171 1668 praecipue
1185 1597 1304 1651 virtutis
1324 1597 1458 1667 exempla
1483 1596 1571 1653 nobis
1586 1598 1723 1669 praebent
1736 1614 1772 1654 ea
1788 1615 1849 1672 qne

129 1691 307 1760 terpretatur
314 1686 473 1755 dealbatio,
482 1685 623 1757 etfrgurat
631 1683 713 1739 illum
721 1683 961 1755 quiesthpssopo
1017 1687 1137 1741 minima
1152 1686 1290 1740 videntur
1298 1685 1328 1739 in
1344 1686 1499 1741 creaturis.
1509 1687 1583 1758 Apis
1594 1689 1705 1743 etenim
1717 1690 1849 1760 quamvis

130 1778 233 1852 gratiae
248 1792 391 1847 aspersus
406 1777 435 1829 et
449 1790 540 1845 super
554 1774 652 1829 nivem
667 1773 831 1828 dealbatus.
847 1772 960 1828 Codrus
976 1731 1003 1797 B
1020 1776 1050 1831 in
1060 1774 1231 1831 volatilibus
1244 1775 1346 1831 brevis
1361 1775 1410 1844 sit,
1423 1791 1529 1847 magna
1544 1777 1742 1834 nobistamen
1752 1778 1850 1833 horta·

131 1871 228 1922 autem
243 1865 332 1921 arbor
347 1863 461 1934 Libani,
478 1880 544 1935 quae
560 1864 694 1918 inultum
709 1879 742 1918 se
760 1863 866 1935 surgit,
884 1865 912 1917 et
926 1861 963 1916 ad
1020 1868 1118 1920 menta
1131 1863 1255 1937 justitiae
1270 1868 1373 1919 notura
1389 1867 1416 1918 ct
1427 1865 1541 1920 actione
1556 1881 1610 1920 sua
1620 1868 1771 1938 proponit.
1781 1869 1849 1939 Apis

132 1956 271 2013 sublimia
285 1970 318 2010 sa
334 1952 455 2024 extollit,
472 1968 556 2024 spem
571 1952 708 2025 designat
725 1951 810 2024 justi,
827 1940 877 2024 qui
899 1966 932 2006 εο
949 1964 966 2005 a
1021 1968 1147 2025 namque
1162 1953 1240 2025 quod
1257 1956 1285 2007 et
1300 1969 1436 2023 praesens
1447 1953 1535 2008 nobis
1546 1953 1699 2025 Scriptura
1714 1961 1811 2027 sonat,
1821 1958 1849 2012 in

132 2043 259 2101 terrenis
274 2043 312 2098 ad
327 2042 459 2097 coelestia
476 2043 623 2113 speranda
642 2041 808 2096 sublimiter
823 2039 964 2097 extendit.
1021 2043 1191 2099 volatilibus
1207 2042 1308 2097 brevis
1318 2045 1373 2112 est,
1388 2042 1418 2097 id
1429 2046 1583 2114 estparva.
1600 2043 1694 2099 Alfert
1709 2060 1804 2117 aquas
1819 2046 1852 2100 ad

133 2135 301 2206 Cypressus
317 2134 363 2187 est
376 2132 466 2187 arbor
480 2130 639 2202 odorifera,
655 2134 683 2186 at
705 2131 843 2201 exprimit
858 2130 966 2186 bonam
1023 2134 1123 2205 operis
1133 2133 1181 2188 sui
1197 2131 1451 2202 compositionem.
1468 2132 1563 2187 Habet
1579 2133 1753 2189 naturaliter
1771 2135 1851 2190 iram.

134 2223 312 2295 opinionem,
328 2237 394 2292 quae
409 2236 528 2276 rumore
537 2220 609 2275 boni
619 2220 721 2275 odoris
736 2221 966 2290 circumquaque
1024 2222 1121 2277 Habet
1135 2223 1281 2292 aculeum,
1298 2237 1449 2292 perquem
1465 2224 1585 2284 exercet
1598 2221 1777 2295 vindictam,
1792 2225 1853 2279 sine

134 2328 193 2370 uon
209 2312 307 2368 solum
320 2326 373 2382 ρον
388 2310 495 2381 vicina,
512 2307 566 2365 sed
581 2309 667 2365 etiam
679 2325 732 2380 per
742 2311 853 2365 remota
868 2308 967 2364 suavi-

134 2399 370 2460 tersedillundit.
384 2398 968 2470 Rosa,proptersuumruborem,figurat

135 2490 316 2562 martyrium.
333 2488 504 2559 Martyrium
519 2488 597 2542 eliud
614 2488 702 2557 intus,
722 2487 800 2542 aliud
816 2487 900 2542 foris.
918 2487 967 2540 ln·

135 2585 184 2637 tus
192 2578 409 2650 compassione,
417 2576 648 2647 forispassiono.
661 2576 745 2647 Lilia,
756 2575 968 2647 proptermira·

135 2665 799 2735 bilemsuicandorem,castitatemcarnisapte
810 2665 969 2736 designant

135 2757 228 2828 Thus,
245 2757 312 2829 quin
329 2770 395 2810 cum
407 2753 537 2808 oratione
546 2754 685 2808 sacrificii
698 2752 798 2808 offerri
808 2753 893 2820 solet,
907 2769 969 2808 ora-

136 2849 246 2904 tionem
272 2845 310 2899 ad
338 2844 454 2898 divinas
478 2858 566 2897 aures
591 2843 801 2898 ascendentem
826 2841 968 2897 insinuat.

138 2936 220 3011 Ignis
236 2934 407 2990 charitatem
422 2931 580 3004 significat,
598 2931 633 2987 de
648 2948 707 3003 quo
731 2932 800 3004 igne
825 2932 969 3003 scriptum

1026 2311 1105 2367 coitu
1121 2314 1176 2380 est,
1193 2313 1331 2381 operatur
1342 2325 1450 2380 ceram,
1467 2311 1682 2380 operaturmel.
1699 2313 1797 2368 Habet
1811 2327 1855 2385 pe

1025 2401 1089 2471 des,
1101 2399 1190 2454 hebet
1200 2414 1324 2470 pennas,
1337 2399 1444 2468 promit
1458 2414 1625 2455 susurrum.
1636 2400 1748 2457 Ducem
1764 2403 1856 2458 imita·

1024 2494 1082 2559 tur,
1099 2491 1127 2543 et
1152 2489 1182 2543 in
1198 2504 1253 2544 suo
1268 2488 1368 2542 volatu
1385 2487 1473 2543 velox
1492 2489 1649 2545 iuvenitur.
1667 2490 1741 2546 Haec
1760 2495 1855 2547 antem

1026 2578 1132 2647 omnia,
1149 2593 1217 2649 quae
1232 2577 1268 2632 de
1284 2592 1337 2649 ape
1353 2577 1493 2648 diximus,
1510 2578 1703 2648 spiritualiter
1717 2581 1754 2636 de
1770 2581 1858 2653 quali·

1025 2667 1075 2722 bet
1099 2665 1179 2721 fideli
1204 2666 1300 2720 anima
1323 2666 1535 2721 convenienter
1557 2666 1765 2740 intelligimus.
1791 2670 1857 2740 lpse

1026 2770 1152 2827 namque
1162 2755 1264 2810 brevis
1273 2755 1338 2810 sive
1347 2771 1437 2826 parva
1446 2758 1492 2810 est
1505 2771 1558 2826 per
1573 2756 1778 2830 humilitatem,
1791 2759 1858 2814 dum

1026 2860 1085 2899 non
1099 2843 1162 2898 vult
1176 2843 1266 2898 altum
1286 2859 1402 2915 sapere,
1424 2844 1477 2899 sed
1495 2845 1616 2915 timere;
1640 2849 1669 2901 et
1690 2850 1801 2918 quanto
1825 2863 1858 2905 se

1027 2933 1116 2988 sentit
1131 2930 1335 3003 perjustitiam
1345 2931 1559 3002 sumeiorem,
1571 2937 1651 2989 tanto
1662 2936 1760 3009 magis
1768 2952 1802 2993 se
1813 2953 1858 2992 sa·

137 3028 201 3082 est:
215 3023 315 3097 anem
330 3022 397 3077 voni
412 3022 534 3076 mittere
542 3021 573 3075 in
581 3027 704 3091 terram,
716 3021 823 3093 etquid
835 3020 898 3077 volo
909 3021 969 3076 nisi
983 3043 1008 3105 c
1026 3023 1100 3095 tagit
1110 3021 1275 3076 humiliare.
1286 3020 1504 3093 Sumitquoque
1516 3024 1545 3077 in
1556 3039 1632 3094 opus
1643 3040 1734 3081 suum
1741 3042 1857 3098 aquam,

140 3121 169 3170 ut
185 3113 290 3170 ardeat
300 3112 314 3166 t
325 3111 407 3182 (Luc.
420 3112 484 3180 xu).
500 3110 559 3166 Iste
576 3112 621 3166 est
635 3111 714 3182 ignis
730 3113 899 3181 perpetuus,
917 3111 968 3182 qui
1028 3113 1097 3167 dum
1112 3111 1320 3183 compungitur
1335 3111 1399 3166 sive
1414 3127 1467 3182 pro
1481 3115 1603 3182 peceato
1623 3129 1690 3180 suo,
1708 3115 1774 3170 sire
1789 3131 1858 3186 pro·

137 3203 169 3259 in
184 3203 283 3258 Veteri
298 3201 486 3256 Testamento
507 3200 538 3254 in
563 3199 647 3253 altari
667 3197 774 3270 jussus
796 3201 843 3254 est
863 3199 968 3256 ardere
1026 3201 1148 3273 praemio
1163 3199 1272 3254 futuro.
1290 3200 1385 3255 Habet
1400 3200 1483 3271 iram,
1499 3201 1567 3255 dum
1583 3217 1654 3274 argu
1669 3203 1766 3259 malos
1779 3203 1856 3275 jusu

139 3292 249 3365 (Lavit.
268 3292 319 3362 vr).
343 3288 467 3360 Semper
489 3289 567 3343 enim
590 3288 719 3343 charitas
739 3289 769 3343 in
790 3304 840 3343 ara
870 3290 969 3344 cordis
1026 3290 1175 3345 irascitur.
1193 3288 1289 3343 Habet
1299 3288 1434 3344 aculeum
1443 3305 1501 3360 quo
1511 3291 1626 3362 pungit,
1636 3291 1707 3347 dum
1717 3292 1856 3349 malanon

139 3380 226 3437 dohet
238 3393 441 3451 perseverare,
453 3377 522 3449 qnia
532 3376 597 3432 sine
607 3376 673 3448 ejus
685 3378 982 3449 flammanonpotest·
1027 3379 1165 3435 salumin
1177 3394 1221 3450 se,
1233 3394 1337 3434 verum
1358 3382 1386 3432 ct
1403 3377 1434 3432 in
1453 3379 1530 3448 aliis,
1547 3379 1575 3435 in
1590 3384 1733 3451 quantum
1752 3385 1853 3454 potest,

140 3468 319 3524 sacrificium
346 3466 465 3536 aliquod
494 3467 692 3538 cogitationis,
723 3466 892 3536 locutionis,
922 3469 972 3521 aut
1028 3469 1120 3539 punit.
1138 3468 1301 3523 Sinecoitu
1324 3469 1380 3536 est,
1404 3467 1473 3522 dum
1499 3468 1690 3539 semetipsam
1707 3471 1744 3526 ab
1761 3471 1854 3527 illicita

139 3555 319 3627 operationis
349 3555 535 3627 consecrari,
566 3557 615 3610 aut
642 3555 823 3626 acceptabile
853 3555 917 3610 fleri
940 3555 971 3610 in
1028 3557 1177 3629 voluptate
1193 3557 1525 3612 cohibet.Ceramvcro
1543 3561 1691 3630 operatur,
1709 3559 1853 3616 dumellis

139 3646 301 3715 conspectu
317 3643 443 3698 Domini.
469 3642 559 3708 Quasi
585 3660 637 3698 vas
656 3645 723 3699 auri
740 3644 875 3714 solidum,
892 3643 971 3716 quod
1026 3663 1080 3719 per
1095 3663 1179 3701 suam
1205 3645 1390 3700 sanctitatem
1403 3645 1528 3717 justitiae
1545 3648 1650 3704 modos
1666 3649 1851 3705 demonstrat

138 3732 424 3806 dicitvassignilleat
434 3748 613 3803 mensuram,
626 3734 704 3804 quod
713 3733 783 3788 dicit
798 3733 864 3788 auri
876 3733 970 3805 signi·
1028 3736 1084 3792 hlei
1101 3736 1188 3790 etiam
1204 3738 1377 3808 congregat,
1389 3735 1458 3789 dum
1470 3735 1656 3791 dulcedinem
1666 3737 1818 3794 charitatis
1827 3738 1851 3792 in

137 3825 206 3880 flcat
221 3821 405 3894 sapientiam,
418 3821 497 3893 quod
508 3822 577 3876 dicit
589 3821 718 3877 solidum
728 3822 877 3895 significat
887 3838 973 3878 cons·
1025 3824 1227 3896 penetralibus
1235 3823 1334 3879 cordis
1345 3823 1519 3879 occumulat.
1530 3824 1625 3881 Habet
1632 3826 1737 3899 pedes,
1746 3828 1813 3883 dum
1821 3827 1850 3881 de

136 3913 267 3969 tantiam.
284 3912 350 3967 Fuit
360 3913 468 3983 itaque,
490 3910 597 3965 tratres
622 3911 802 3982 charissimi,
828 3912 970 3967 sacerdos
1024 3915 1132 3969 virtuto
1148 3913 1178 3968 in
1192 3913 1329 3967 virtutem
1345 3912 1381 3967 de
1391 3912 1469 3967 hona
1481 3913 1595 3969 actione
1610 3914 1849 3971 inbonamectio·

136 4000 204 4070 iste,
222 4001 310 4071 cujus
326 3999 413 4056 hodie
428 4000 574 4055 solemnia
582 3999 778 4071 celebramus
792 4000 875 4073 quasi
883 4001 970 4056 stelle
1026 4018 1094 4058 nem
1109 4003 1205 4057 intrat.
1219 4002 1314 4056 Habet
1329 4017 1454 4072 pennas,
1470 4002 1539 4058 dum
1555 4003 1591 4057 ab
1608 4002 1676 4059 imis
1691 4004 1729 4060 ad
1745 4018 1848 4060 summe

136 4089 278 4144 matutina
292 4104 346 4158 per
360 4087 468 4142 honam
482 4087 709 4158 inchoationem,
736 4090 821 4161 qnasi
836 4088 904 4144 luno
918 4105 972 4160 per
1026 4108 1081 4164 ρον
1091 4090 1368 4161 contemplationem
1384 4090 1472 4146 volat.
1484 4090 1647 4147 Susurrum
1659 4095 1777 4166 promit,
1788 4093 1848 4149 dun

136 4177 289 4232 meliorem
305 4174 525 4246 perlectionem,
543 4177 628 4248 quasi
638 4175 685 4230 sol
691 4192 745 4247 per
755 4177 892 4247 optimam
900 4194 971 4250 per·
1028 4182 1058 4236 in
1073 4180 1210 4237 omnibus
1222 4178 1353 4235 Creatori
1369 4180 1481 4252 gratias
1496 4181 1566 4252 egit.
1584 4181 1697 4237 Ducam
1712 4183 1846 4255 sequitur,

136 4265 305 4335 factionem,
322 4263 408 4336 quasi
423 4264 476 4319 iris
492 4264 804 4336 per-praedicationem,
822 4267 906 4339 qnasi
919 4284 969 4323 cc·
1026 4271 1096 4325 dum
1109 4269 1253 4344 mojorem
1268 4268 1430 4340 quamlibet
1444 4268 1593 4324 humiliter
1606 4270 1747 4326 imitatur.
1765 4270 1849 4326 Velox

137 4353 211 4411 drus
224 4370 278 4426 per
289 4368 382 4424 spem,
400 4353 484 4426 quasi
495 4369 656 4426 cypressos
669 4370 723 4425 por
736 4354 846 4410 honam
856 4357 970 4427 opinio·
984 4353 1011 4415 Ι)
1028 4358 1155 4429 deniquo
1171 4360 1226 4428 est,
1243 4358 1309 4429 quia
1325 4357 1356 4411 in
1371 4357 1450 4412 omui
1472 4358 1683 4414 exercitatione
1699 4360 1815 4415 virtutis
1828 4360 1849 4413 et

136 4458 214 4513 nem,
227 4442 795 4517 quasirosapercompassionem,quasi
804 4443 969 4517 lilinmper·
1027 4446 1210 4504 exhibitione
1226 4447 1295 4501 boni
1310 4447 1410 4518 operis
1426 4447 1562 4517 expedita
1578 4449 1633 4503 est.
1651 4448 1749 4505 Habet
1763 4449 1851 4520 itaque

136 4533 311 4602 castitatem,
321 4530 406 4604 quasi
415 4531 483 4586 thus
492 4541 547 4602 ρον
557 4531 728 4602 orationem,
739 4533 971 4606 quasiipnisper
1027 4536 1124 4592 fidelis
1138 4536 1245 4605 anima,
1261 4535 1421 4607 sicutapis,
1439 4535 1623 4606 brevitatem,
1633 4536 1719 4593 idest
1728 4538 1851 4609 parvita-

136 4621 318 4691 charitatem,
327 4623 410 4693 quasi
419 4635 471 4675 vas
484 4620 551 4674 auri
565 4619 700 4688 solidum,
721 4636 835 4692 vesper
848 4637 970 4678 mensu·
1025 4627 1084 4681 tem
1107 4640 1162 4697 per
1183 4624 1385 4695 humilitatem,
1410 4640 1516 4696 aquam
1540 4624 1660 4697 inopus
1690 4640 1780 4683 suum
1805 4641 1852 4699 ρον

136 4726 210 4780 ram,
222 4709 289 4766 auri
299 4724 352 4781 ρον
362 4704 547 4779 sapientiam,
559 4709 694 4780 solidum,
702 4725 756 4780 ρον
764 4711 969 4768 constantiam.
1026 4713 1291 4785 compunctionem,
1312 4713 1386 4768 iram
1400 4729 1453 4784 per
1469 4713 1626 4784 justitiam,
1650 4715 1790 4771 eculeum
1802 4730 1850 4787 per

136 4796 246 4870 Simus,
258 4802 287 4854 et
296 4798 656 4868 nosfratressacerdotcs,
665 4802 799 4855 sunctum
813 4801 903 4856 istum
915 4817 970 4872 pro
1025 4803 1202 4872 vindictam3
1220 4805 1299 4857 caret
1314 4803 1393 4858 coitu
1402 4817 1456 4873 per
1471 4803 1691 4874 continentiam;
1704 4804 1794 4861 habet
1809 4819 1854 4860 oe·

136 4885 255 4941 modulo
271 4888 373 4940 nostro
397 4885 563 4957 imitentes,
583 4887 742 4944 virtutibus
763 4890 969 4960 superioribus
1024 4909 1097 4962 ram,
1115 4907 1168 4961 per
1186 4891 1256 4946 boni
1280 4891 1380 4961 operis
1403 4892 1695 4963 demonstrationem,
1721 4893 1780 4949 mel
1807 4908 1855 4965 ρον

136 4974 279 5044 adornati,
297 4973 406 5029 divinis
422 4974 531 5030 officiis
547 4976 696 5047 implicati,
713 4981 744 5032 ut
759 4981 787 5033 et
801 4978 888 5033 nobis
903 4994 971 5049 pos·

136 5062 176 5118 sit
189 5061 248 5117 dici
258 5062 337 5134 quod
348 5064 491 5135 scriptum
503 5065 565 5121 est:
579 5080 630 5120 vos
641 5067 717 5120 estis
726 5082 821 5138 penus
832 5066 967 5138 electum,

134 5150 239 5225 repete
250 5152 459 5223 sacerdotium,
468 5160 654 5225 penssancte
665 5154 781 5221 (IPetr.
794 5157 836 5226 ¹¹t3
849 5159 877 5211 et
888 5157 967 5212 item:

136 5240 318 5297 Sacerdotes
325 5240 444 5296 Domini
461 5241 648 5312 vocabimini,
659 5242 795 5298 ministri
804 5244 862 5298 Dei
872 5245 969 5299 nostri

137 5327 206 5400 (lsa.
218 5329 299 5402 nxu).
316 5328 500 5386 Sacrificium
514 5332 649 5385 nostrum
674 5332 770 5387 anima
794 5335 896 5388 nostra
910 5337 966 5405 est,

137 5433 224 5491 quam
234 5418 378 5490 debemus
389 5433 508 5490 semper
518 5418 547 5472 in
559 5418 696 5473 manibus
710 5419 820 5477 habere
831 5424 859 5477 et
871 5423 969 5477 imma·

137 5507 263 5563 oulatam
276 5509 338 5564 Deo
355 5504 471 5576 offerre,
501 5505 579 5560 sicut
603 5506 761 5565 Psalmista
781 5511 820 5566 ait
837 5525 843 5566 ε
859 5510 967 5567 Anima

136 5608 201 5669 mee
215 5595 390 5659 teneriore
399 5594 600 5675 meissompcr
610 5594 705 5673 (Psoi,
717 5599 817 5679 cxvn).
829 5599 911 5661 Istud
920 5616 968 5662 se*

1025 4979 1207 5049 charitatem,
1223 4979 1316 5049 pedes
1325 4995 1377 5050 per
1387 4979 1496 5035 bonam
1506 4981 1662 5050 actionem,
1674 4997 1791 5053 pennas
1805 4998 1856 5083 per

1026 5068 1311 5139 contemplationem,
1335 5084 1493 5123 susurrum
1513 5084 1567 5139 per
1586 5069 1749 5141 gratiarum
1765 5073 1855 5127 acho·

1025 5173 1108 5228 nem3
1125 5158 1260 5229 sequItur
1274 5158 1379 5211 ducem
1391 5173 1444 5228 ρον
1452 5157 1575 5229 an'oris
1585 5159 1791 5231 imitationam;
1806 5176 1857 5216 ve·

1024 5245 1477 5318 loxestpercujuslibatvirtutis
1486 5248 1619 5318 etoperis
1627 5249 1857 5320 expeditionem.

1025 5335 1184 5404 Imitemur,
1202 5333 1321 5404 fratrea,
1337 5351 1432 5406 apem,
1444 5339 1476 5390 ut
1491 5351 1659 5392 mereamur
1673 5338 1787 5394 habore
1802 5339 1858 5394 ini·

1023 5424 1096 5478 tium
1105 5423 1237 5478 dulcoris
1252 5438 1306 5493 per
1316 5423 1473 5478 medullam
1483 5424 1644 5496 charitatis,
1658 5428 1686 5481 et
1695 5442 1752 5498 per
1761 5427 1859 5485 dulce·

1024 5512 1124 5568 dinem
1146 5527 1285 5582 supernae
1306 5511 1507 5589 beatitudinis,
1533 5512 1600 5587 ipso
1622 5519 1787 5593 praestante
1810 5516 1858 5599 qut

1023 5601 1097 5662 vivit
1111 5603 1262 5683 etregnat,
1282 5602 1339 5671 etv,
