3796 6022
112 215 172 313 aaa

497 242 718 313 APPENDIX
738 245 796 310 AD
820 242 1012 312 HUGONIS
1035 240 1180 312 OPERA
1200 243 1472 318 DOGMATICAe

1781 246 1840 316 196

110 449 190 505 tione
206 447 282 519 data,
299 452 327 504 ει
341 447 576 505 substantialiter
588 450 687 521 insita,
703 448 802 522 imago
818 448 882 519 Dei,
898 448 943 503 si·
956 458 988 520 Α
1001 448 1139 505 niendam
1152 448 1301 520 virtutem,
1312 451 1431 505 inventa
1446 454 1492 505 est
1503 451 1647 522 practica3
1665 454 1786 523 propter
1798 453 1841 507 in-

112 539 244 594 militudo
261 539 323 608 Dei,
337 539 539 593 immortalitas
550 540 695 610 corporis
712 540 738 594 si
749 552 944 611 perseverare
1002 537 1178 593 veniendum
1206 540 1425 608 necessitatem,
1451 539 1568 594 inventa
1584 544 1630 594 est
1655 541 1838 597 mechanica.

111 627 257 683 voluisset
273 628 303 682 in
317 627 463 699 obsequio
479 627 628 683 Crantoris
644 628 693 698 (6).

201 716 271 772 Car.
288 716 337 771 ΙΙΙ.
353 717 397 772 De
415 716 513 772 trihus
527 717 615 772 malis
625 716 854 789 principalibus.

148 804 222 861 Sunt
240 808 337 860 autem
356 806 411 859 tria
426 806 502 860 mala
520 806 703 877 principalia,
722 822 789 878 quae
811 822 946 862 corrum-

112 894 947 967 panttriahonapraecedentia:Ignorantia,c0ncupiscen·

112 984 162 1053 tie,
171 982 335 1038 infirmitas.
344 984 599 1056 Ignorantiaboni,
613 986 854 1056 concupiscentia
866 984 946 1054 mali,

113 1071 269 1127 infirmitas
298 1058 432 1142 corporis
458 1072 588 1128 humani.
613 1072 669 1128 Per
692 1073 820 1145 primum
839 1073 948 1127 malum

113 1165 285 1231 corruptum
299 1164 345 1216 εει
354 1161 480 1232 primum
496 1161 622 1232 bonum3
638 1178 691 1233 per
707 1162 881 1231 secundum,
900 1177 947 1217 se-

113 1250 262 1320 cundum3
284 1265 339 1319 per
365 1250 494 1321 tertium,
514 1251 643 1306 tertium.
671 1251 727 1306 Per
750 1251 948 1324 ignorantiam

113 1352 241 1411 namque
263 1341 400 1409 corrupta
422 1340 518 1394 estin
540 1339 627 1394 nohis
650 1339 749 1394 divina
767 1342 876 1414 imago.
893 1339 951 1396 Per

115 1426 387 1499 concupiscentiam
409 1428 508 1482 divina
528 1428 701 1485 similitudo.
719 1428 776 1485 Per
795 1430 950 1485 inllrmita-

113 1518 173 1573 tem
196 1516 400 1573 immortalitas
424 1518 570 1588 corporis.
600 1517 690 1573 Facta
708 1524 753 1573 cst
782 1519 880 1590 itaque
893 1519 950 1591 {via

115 1606 245 1662 hominis
253 1605 584 1676 tenehrmetluhricum,
593 1613 622 1661 et
634 1606 953 1680 angelusllomiuiper·

115 1710 243 1769 sequens
259 1711 323 1749 earn
339 1694 432 1765 (Psal.
450 1696 564 1767 xxxiv).
581 1697 725 1751 Tenebrae
741 1712 794 1767 ρετ
808 1697 951 1768 ignoran-

1004 627 1148 681 Theorica
1162 628 1361 699 ignorantiam
1375 628 1529 698 expellens
1546 629 1721 699 sapientiam
1737 630 1841 685 illumi-

1005 718 1063 769 nat.
1086 715 1219 770 Praeticn
1244 716 1346 771 vitium
1364 715 1527 770 excludens
1549 718 1687 772 virtutem
1708 719 1838 774 roborat.

1005 803 1179 860 Machanica
1193 805 1348 875 penuriam
1369 820 1478 860 cavens
1499 805 1567 859 vitae
1583 808 1741 876 praesentis
1757 808 1840 863 deic-

1006 895 1085 947 ctum
1105 896 1256 962 temperat.
1274 893 1418 947 Theorica
1437 894 1563 948 inomni
1580 895 1762 966 quodestet
1782 913 1842 952 non

1006 984 1063 1053 εει,
1078 997 1182 1037 verum
1193 983 1321 1038 scrutari
1335 982 1436 1055 eligit!
1445 982 1578 1039 Praclica
1593 984 1712 1039 modum
1722 986 1842 1041 vivendi

1007 1071 1845 1142 rectaeetdisciplinaelormamsecuudumvir-tutaminsti-

1007 1160 1149 1215 tutionem
1165 1160 1304 1231 disponit.
1317 1160 1500 1230 Mochadion,
1511 1177 1561 1216 res
1577 1162 1742 1218 defluentes
1758 1164 1846 1218 admi-

1008 1248 1150 1319 nistrare,
1159 1249 1286 1305 humano
1295 1249 1413 1320 corpori
1425 1250 1595 1304 necessaria
1606 1252 1763 1320 providere
1772 1256 1847 1307 sata·

1008 1337 1060 1410 git.
1078 1336 1214 1392 Omnium
1238 1338 1317 1392 enirn
1331 1338 1526 1394 humanarum
1544 1339 1693 1394 actionum
1707 1355 1762 1395 seu
1784 1345 1845 1396 stu-

1008 1425 1139 1497 diorum,
1157 1442 1223 1498 quae
1247 1427 1321 1482 ratio
1336 1427 1515 1499 moderatur,
1533 1427 1603 1482 hnis
1625 1431 1654 1482 et
1668 1429 1790 1484 intentio
1805 1431 1840 1484 nd

1009 1514 1067 1570 hoc
1080 1519 1216 1586 spectare
1232 1517 1328 1587 debet,
1343 1518 1375 1570 ut
1389 1518 1437 1571 vel
1448 1521 1561 1572 naturae
1572 1520 1683 1573 nostrae
1694 1522 1847 1589 reparetur

1009 1604 1175 1676 integritas,
1191 1605 1238 1659 vel
1251 1604 1429 1676 defectuum,
1440 1605 1549 1677 quibus
1560 1622 1695 1676 praesens
1711 1606 1847 1679 subjacet

1008 1695 1078 1762 vita,
1096 1696 1275 1763 temperetur
1285 1695 1462 1749 necessitas.
1481 1696 1645 1765 Reparatur
1660 1699 1847 1751 autemnatu·

115 1785 195 1856 tiam,
221 1784 368 1839 lubricum
386 1800 439 1855 per
461 1785 742 1856 concupiscentiam,
772 1789 801 1840 et
825 1785 951 1858 angelus
967 1779 994 1841 B
1010 1798 1051 1838 raa
1077 1786 1189 1837 nostem
1211 1783 1365 1855 integritas
1389 1784 1543 1856 sapientia,
1563 1785 1600 1839 ad
1619 1800 1707 1857 quam
1722 1785 1849 1856 pertinet

116 1874 245 1944 Domini,
261 1873 291 1928 id
307 1877 362 1944 est,
380 1873 535 1928 infirmitas
551 1874 685 1945 corporis
701 1874 820 1945 corpori
834 1874 871 1930 ad
883 1875 952 1928 vin-

117 1962 225 2017 dictam
239 1961 384 2032 immissa,
396 1976 582 2034 persequens
591 1977 658 2017 eum
669 1977 723 2033 ρετ
734 1963 951 2033 mortalitatem,

118 2051 213 2106 donec
228 2051 259 2106 in
274 2054 382 2105 terram
390 2053 556 2106 revertatur
564 2051 600 2106 de
615 2066 673 2124 qua
684 2054 821 2123 sumptus
832 2055 888 2107 est.
901 2051 954 2107 So·

118 2140 159 2196 let
173 2144 281 2211 autem,
297 2141 462 2195 secundum
477 2140 632 2212 quosdam,
640 2141 697 2196 hoc
705 2141 839 2212 quodhic
847 2156 956 2196 concu-

118 2229 294 2303 piscantium
315 2229 514 2299 nominamus,
538 2228 707 2300 specialiter
720 2229 824 2285 vitium
839 2229 907 2299 dici,
925 2232 956 2284 ut

119 2318 257 2374 dicantur
269 2319 324 2372 tria
339 2318 414 2372 mala
429 2318 474 2372 sio
492 2333 497 2371 :
515 2318 692 2388 ignorantia,
707 2318 821 2387 vitium,
834 2317 956 2372 inhrmi·

120 2411 183 2477 tes,
213 2423 267 2478 ρετ
290 2422 357 2478 quae
383 2407 438 2462 tria
464 2407 663 2477 praecedentia
691 2406 769 2462 bona
797 2410 867 2461 sunt
888 2422 955 2462 cor-

120 2496 230 2568 rupta(
250 2496 270 2567 ).

121 2585 191 2642 Car.
202 2585 251 2640 lV.
264 2584 308 2640 De
325 2584 578 2640 trihaerenrediis
592 2591 695 2639 contra
706 2584 785 2640 dicta
798 2585 857 2640 tria
868 2584 929 2640 mal
948 2626 954 2640 .

158 2675 226 2731 Tria
234 2676 304 2730 sunt
319 2675 448 2730 remedia
462 2673 636 2745 principalia
645 2674 957 2745 contratriapraedicta

121 2765 208 2836 mala,
233 2766 264 2819 ut
290 2778 346 2834 per
357 2764 414 2818 tria
437 2763 569 2819 remedia
591 2764 653 2817 trin·
669 2763 745 2818 mala
765 2764 956 2836 repellantur,

121 2855 178 2911 tria
192 2855 270 2909 bona
284 2852 492 2908 reformentur.
505 2852 579 2907 Sunt
587 2855 684 2907 autern
700 2853 784 2908 haec:
802 2853 957 2924 sapientia,

121 2944 217 2999 virtus
234 2946 336 2998 contra
349 2943 462 3014 vitium,
475 2943 641 2997 necessitas
651 2946 752 2997 eontra
763 2942 960 2998 infirmitatem

123 3035 228 3105 virtus,
254 3032 431 3089 necessitas.
457 3033 607 3103 Sapientia
630 3034 732 3087 contra
761 3032 1004 3125 ignorantiamc

123 3122 273 3195 Sapientia
296 3125 343 3176 est
367 3121 595 3192 comprehensio
619 3136 736 3193 rerum,
765 3124 852 3192 prout
876 3123 956 3177 sunt.

124 3213 226 3269 Virtus
242 3215 289 3268 est
302 3210 421 3267 habitus
440 3212 530 3266 animi
551 3211 583 3265 in
598 3210 717 3266 modum
733 3212 836 3265 natura
851 3211 958 3266 rationi

125 3305 354 3359 consentaneus.
373 3300 427 3354 Est
440 3303 538 3354 autem
553 3299 672 3354 habitus
692 3299 818 3372 qualitas
833 3301 958 3355 veniens

124 3407 179 3463 per
192 3389 437 3461 appplicationem
454 3388 584 3460 subjecti
599 3388 720 3443 diltlcile
736 3389 864 3459 mobilis,
882 3390 960 3445 sicat

125 3479 282 3550 dispositio
306 3480 352 3532 est
373 3477 500 3548 qualitas
524 3476 649 3531 veniens
664 3492 718 3548 per
733 3478 960 3548 applicationem

125 3566 349 3640 subjectiiacile
361 3566 490 3620 mobilis.
503 3565 810 3636 Subiectumdicinrus
818 3569 960 3639 animum,

126 3657 177 3733 qui
199 3655 344 3727 adipsum
360 3654 582 3725 suscipiendam
597 3654 766 3725 qualitatem
787 3657 960 3726 applicatur.

125 3747 301 3805 Necessitas
316 3747 363 3800 εει
378 3745 516 3815 sineque
531 3743 631 3798 vivere
648 3759 707 3798 non
717 3759 890 3815 possumus,
907 3746 961 3800 sed

123 3837 243 3893 felicius
264 3835 445 3890 viveremus.
459 3834 535 3889 Sunt
549 3833 647 3904 itaque
667 3833 724 3888 ista
750 3834 804 3888 tria
818 3835 959 3904 remedia,

125 3927 280 3998 sapientia,
295 3926 401 3994 virtus,
418 3924 596 3992 necessitas,
610 3926 711 3977 contra
722 3925 776 3977 tria
792 3923 962 3995 supradicta

125 4014 211 4086 mala,
226 4014 434 4089 ignorantiam,
450 4013 564 4082 vitium,
581 4012 779 4067 infirmitatem
789 4013 839 4085 (8).

317 4102 387 4157 Car.
406 4102 440 4156 V.
457 4100 501 4156 De
513 4100 613 4155 trihus
626 4102 775 4157 scientiis.

161 4193 286 4266 Propter
297 4195 395 4247 autern
409 4191 465 4244 ista
476 4190 531 4243 tria
539 4190 669 4244 remedia
680 4190 797 4245 inventa
809 4194 855 4246 est
866 4195 963 4250 omnis

126 4298 186 4354 ars,
200 4286 228 4337 et
239 4281 335 4338 omnis
351 4278 518 4350 disciplina.
531 4278 656 4350 Propter
664 4279 872 4336 inveniendam
882 4298 963 4338 nam·

1010 1870 1153 1943 theorica,
1169 1874 1197 1926 ει
1218 1872 1336 1944 virtute,
1354 1872 1390 1927 ad
1414 1887 1502 1944 quam
1516 1874 1642 1945 pertinet
1660 1876 1801 1945 practica,
1822 1878 1850 1928 ει

1010 1964 1191 2032 temperatur
1201 1960 1368 2016 necessitas
1380 1961 1635 2018 administratione
1644 1963 1849 2033 temporalium

1011 2051 1049 2105 ad
1077 2065 1165 2123 quam
1192 2050 1319 2121 pertinet
1347 2050 1529 2106 mechanica.
1560 2051 1733 2107 Novissima
1753 2055 1850 2106 autem

1014 2140 1145 2194 omnium
1160 2139 1278 2194 inventa
1294 2142 1340 2194 est
1351 2140 1448 2212 logica
1459 2155 1551 2195 causa
1566 2140 1754 2213 eloquentiae,
1766 2144 1798 2195 ut
1807 2156 1851 2195 sa-

1013 2229 1139 2303 pientes,
1164 2229 1215 2301 qni
1229 2228 1388 2299 praedictas
1410 2228 1590 2299 principales
1615 2228 1789 2300 disciplinas
1805 2229 1851 2283 in-

1014 2316 1200 2390 vestigarent
1213 2320 1242 2372 ει
1257 2318 1383 2386 unirent,
1400 2319 1522 2388 rectius,
1534 2319 1682 2387 veracius,
1696 2318 1851 2374 honestius

1016 2407 1083 2462 illas
1097 2410 1233 2477 tractare,
1250 2410 1279 2460 ει
1298 2406 1448 2461 disserere
1465 2407 1500 2461 de
1516 2407 1574 2461 illis
1590 2408 1702 2462 scirent
1717 2423 1722 2462 :
1740 2409 1852 2462 rectius

1016 2511 1071 2567 per
1084 2496 1315 2568 grammaticam,
1325 2496 1463 2551 veracius
1478 2497 1731 2567 perdialecticam,
1745 2497 1852 2552 hones-

1015 2587 1076 2640 tius
1092 2600 1146 2656 per
1155 2584 1342 2639 rhetoricam.
1354 2584 1465 2656 Logicn
1475 2601 1602 2657 namque
1611 2585 1756 2641 facundiae
1768 2587 1853 2641 recti-

1016 2673 1289 2743 tudineveritatem,
1303 2678 1488 2728 venustatem
1504 2675 1698 2730 administrat.
1709 2675 1854 2731 Theoi-ica

1017 2765 1226 2834 interpretatur
1246 2763 1489 2834 contemplativa;
1509 2765 1635 2835 pratica,
1657 2766 1764 2830 activa,
1791 2780 1853 2819 me-

1019 2854 1151 2923 chanica,
1169 2851 1353 2918 adulterina,·
1369 2854 1477 2925 logica,
1494 2853 1702 2909 sermocinalis
1715 2853 1765 2925 (9).

1094 2979 1164 3034 Car.
1183 2978 1231 3032 Vl.
1248 2979 1293 3033 De
1304 2977 1491 3050 philosophia
1503 2983 1532 3033 ct
1543 2979 1684 3052 partibus
1700 2979 1774 3052 ejus.

1054 3105 1185 3171 Quatuor
1195 3103 1287 3176 igitur
1297 3106 1366 3157 sunt
1377 3103 1522 3174 scientiae,
1532 3103 1563 3158 iu
1570 3120 1645 3176 quas
1654 3104 1752 3159 omnis
1763 3104 1856 3176 philo·

1019 3195 1125 3265 sophia
1146 3193 1287 3248 dividitur
1304 3208 1310 3247 :
1326 3193 1473 3263 theorica,
1497 3196 1643 3264 practica,
1674 3194 1855 3263 mechanica,

1018 3282 1126 3355 logica.
1136 3280 1328 3352 Philosophia
1339 3283 1644 3353 astamorsapientiae,
1657 3298 1734 3353 quae,
1748 3283 1857 3338 nullius

1018 3373 1169 3445 indigens,
1186 3372 1274 3424 vivax
1285 3386 1380 3438 menn,
1397 3375 1425 3425 ει
1440 3370 1504 3425 sola
1521 3372 1662 3442 primaeva
1673 3387 1773 3426 rerum
1785 3372 1857 3426 ratio

1017 3465 1073 3517 est.
1092 3461 1283 3531 Philosophia
1294 3464 1341 3514 est
1355 3475 1438 3514 amor
1453 3461 1617 3530 sapientiae,
1635 3460 1692 3515 hcc
1708 3462 1807 3532 magis
1822 3462 1857 3515 ad

1018 3550 1227 3622 etymologiam
1242 3549 1371 3604 nonrinis
1387 3549 1523 3619 pertinet.
1535 3549 1619 3614 Quod
1632 3552 1731 3604 autem
1742 3551 1858 3604 additur

1018 3640 1129 3695 nullius
1150 3638 1299 3710 indigenS,
1321 3639 1410 3692 vivax
1425 3654 1520 3709 mens,
1543 3639 1599 3695 hoc
1614 3639 1765 3710 significat
1781 3639 1858 3711 quod

1019 3730 1119 3784 divina
1133 3729 1277 3798 sapientia
1292 3727 1366 3782 nihil
1382 3728 1479 3783 miuus
1496 3728 1635 3798 continet,
1653 3729 1707 3784 sed
1723 3729 1816 3784 semel
1832 3732 1858 3782 et

1020 3819 1108 3874 simul
1125 3819 1223 3873 omnia
1242 3818 1538 3887 intueturpraetcrita,
1550 3820 1710 3889 praesentia
1721 3822 1750 3873 et
1760 3817 1858 3872 lutura

1021 3909 1116 3962 Vivnx
1126 3922 1221 3976 mens,
1238 3907 1394 3978 quiaquod
1409 3906 1501 3961 semel
1515 3909 1546 3961 ln
1558 3906 1657 3961 divino
1672 3906 1761 3962 luerit
1776 3907 1859 3961 ratio·

1019 4013 1056 4052 ne
1072 3996 1152 4052 nulla
1173 4012 1303 4067 unquam
1317 3997 1466 4051 oblivione
1481 3995 1625 4052 aboletur.
1643 3997 1790 4051 Primaeva
1810 4012 1859 4050 re-

1020 4103 1086 4143 rum
1109 4086 1183 4141 ratio
1199 4090 1245 4140 est
1260 4087 1329 4156 quia
1347 4085 1384 4139 ad
1403 4085 1494 4157 huJus
1515 4086 1740 4141 similitudinem
1755 4090 1860 4141 cuncta

1020 4174 1861 4246 ierrnatasant.ltemphilosophiaestdisciplinaomnium

1020 4282 1121 4321 rerum
1139 4264 1333 4319 humanarum
1357 4267 1444 4335 atque
1459 4263 1626 4320 divinarum
1644 4265 1776 4322 rationes
1791 4279 1862 4336 pro-

126 4389 184 4448 que
199 4370 384 4443 sapientiam,
395 4369 513 4424 inventa
528 4371 575 4423 est
585 4369 732 4440 theorica3
748 4374 869 4440 propter
878 4371 963 4428 inve·
979 4379 1006 4441 Ι)
1021 4354 1160 4411 habilites
1174 4353 1362 4426 investigans
1379 4353 1447 4425 (10)-

163 4516 203 4589 (6)
217 4515 260 4571 Da
278 4509 495 4569 immortalitate
511 4507 646 4582 corporis
665 4510 754 4584 longe
770 4511 855 4567 aliter
874 4515 965 4570 sentit

127 4588 235 4645 Scotus
250 4602 318 4641 cum
332 4585 398 4640 suis
413 4581 552 4653 asseclis,
562 4587 661 4654 utpote
676 4588 726 4655 qui
743 4585 963 4654 opinanturho-

125 4661 235 4715 minem
246 4658 333 4713 morti
344 4655 440 4711 luisse
451 4654 623 4725 obnoxium,
634 4653 742 4709 licetin
751 4656 889 4727 originali
897 4674 964 4729 per·

127 4730 290 4785 mansisset
303 4728 482 4798 innocentia,
499 4725 537 4781 cb
547 4724 680 4783 mortalis
688 4730 802 4781 naturae
817 4729 963 4784 conditio-

128 4817 205 4856 nem.
224 4800 414 4855 Hanctamen
430 4814 489 4853 non
499 4798 645 4868 poenalem
656 4801 790 4867 mortem,
807 4799 862 4853 sed
876 4802 964 4871 spiri·

126 4875 176 4928 tus
192 4870 419 4926 dissolutionem
434 4869 654 4940 suavissimam,
666 4868 758 4925 veluti
768 4869 856 4924 llntus
866 4872 963 4928 abore

128 4941 275 5010 exeuntis,
288 4944 467 5010 nuncupant.

164 5014 203 5085 (l)
215 5009 508 5081 lntellectaipulchre
520 5010 659 5082 objicitur
669 5009 777 5067 malum
788 5011 964 5085 ignorantiae

127 5085 197 5140 vitae
208 5082 355 5138 sanctitati
365 5087 393 5136 ει
408 5081 527 5151 puritati
542 5083 793 5154 concupiscentia,
808 5085 965 5139 infirmitas

130 5156 266 5226 corporis
277 5154 496 5222 immortalitati,
514 5154 545 5207 ut
560 5157 639 5208 totus
656 5154 744 5209 homo
756 5170 794 5210 cx
809 5155 881 5210 hdae
892 5171 964 5227 pec-

130 5231 195 5282 cato
211 5226 396 5281 vulneratum
411 5239 444 5278 se
460 5228 613 5295 agnoscat,
631 5227 681 5294 qui
698 5227 775 5280 enirn
787 5228 870 5296 prius
887 5231 965 5282 lctus

129 5297 288 5354 incolumis
313 5297 442 5350 existere
467 5298 589 5365 poterat,
616 5295 673 5349 nisi
698 5302 863 5367 peccasset,
885 5301 966 5354 totus

130 5370 267 5425 iulhnnus
282 5367 432 5438 peccando
449 5366 553 5421 evasit.

167 5442 207 5511 (8)
227 5439 349 5495 lnhictis
366 5437 541 5493 vulneribus
557 5437 701 5508 sapientia
717 5439 861 5512 medetur,
878 5440 967 5496 intel-

131 5513 240 5571 lectum
250 5510 443 5580 consulendo,
458 5511 551 5564 virtus
568 5511 839 5580 concupiscentiam
849 5512 967 5567 henan·

132 5585 181 5644 do.
199 5583 373 5641 Necessitas
388 5581 585 5637 infirmitatem
602 5581 793 5638 cohortando.
807 5582 966 5641 Piissimus

133 5657 213 5719 enim
227 5655 370 5714 Dominus
381 5653 432 5710 illa
441 5652 571 5712 remedia
584 5653 781 5730 languoribus
789 5656 903 5711 nostris
914 5656 967 5714 eb·

1022 4499 1097 4568 tulit,
1115 4514 1182 4569 qaae
1193 4513 1257 4552 suae
1272 4496 1456 4552 miserationi
1470 4499 1498 4552 et
1514 4499 1625 4553 nostran
1640 4496 1802 4554 infirmitati
1816 4511 1863 4567 ap

1022 4572 1119 4643 posita
1135 4572 1247 4624 essent.

1058 4644 1097 4713 (9)
1112 4641 1148 4696 Ut
1162 4640 1347 4695 inveniretur
1357 4639 1501 4711 sapientia
1510 4639 1862 4696 intellectumconsulens

1023 4716 1052 4769 et
1066 4713 1263 4784 ignorantiam
1277 4711 1451 4781 excludens,
1470 4715 1499 4767 ει
1509 4714 1662 4767 veritatem
1677 4726 1777 4766 rerum
1791 4726 1862 4782 pro-

1021 4785 1140 4857 pinans,
1158 4783 1321 4838 theoricam
1328 4782 1515 4854 disciplinam
1527 4783 1645 4839 edocuit
1653 4798 1709 4837 nos
1726 4783 1863 4852 Deus3ut

1021 4856 1204 4911 inveniretur
1211 4857 1307 4909 virtus
1318 4856 1589 4926 concupiscentiam
1600 4854 1753 4925 expellens
1762 4855 1810 4909 vel
1819 4869 1864 4909 re-

1021 4928 1154 4995 frenans,
1178 4926 1339 4995 practicam
1355 4928 1549 4997 monstravit,
1565 4930 1595 4982 ut
1610 4925 1795 4981 inveniretur
1810 4941 1863 4979 ne-

1022 5000 1150 5054 cessitas
1165 4997 1365 5051 inhrmitatem
1374 4998 1545 5069 cohortans,
1557 5002 1587 5053 ει
1596 4998 1756 5069 adjuvans,
1768 5002 1865 5052 osten·

1023 5071 1064 5125 dit
1087 5069 1299 5138 mechanicam,
1323 5060 1478 5138 penuriam
1501 5072 1654 5124 caventem
1679 5072 1707 5123 et
1725 5069 1865 5123 miserius

1023 5143 1088 5197 sive
1104 5139 1196 5211 hujus
1213 5141 1281 5194 vitae
1297 5139 1432 5196 delectus
1455 5144 1678 5212 temperantem.
1700 5140 1733 5194 ln
1754 5140 1865 5212 quibus

1024 5213 1162 5269 omnibus
1179 5211 1317 5266 altissimi
1332 5212 1386 5266 llei
1402 5214 1532 5267 charitas
1553 5213 1584 5266 in
1599 5228 1654 5267 nos
1670 5211 1811 5267 eluceret.

1059 5285 1117 5355 (10)
1133 5280 1324 5352 Philosophia
1336 5285 1449 5339 nullum
1460 5285 1582 5353 bonum,
1592 5298 1647 5338 nec
1662 5283 1864 5355 praestantiae,

1023 5373 1079 5412 noc
1094 5357 1253 5428 optabilius
1271 5357 1541 5426 hominibusadiis,
1553 5372 1608 5410 nec
1617 5356 1727 5425 datum,
1738 5371 1794 5409 nec
1803 5355 1865 5409 dari

1024 5445 1126 5501 posse,
1152 5429 1247 5500 inquit
1267 5429 1441 5482 harmonius
1458 5430 1487 5484 iu
1505 5428 1709 5499 Porphyrium.
1729 5427 1763 5481 dt
1788 5428 1867 5481 'lhe-

1024 5503 1143 5558 rnistins
1158 5503 1189 5556 in
1204 5502 1299 5571 primo
1316 5501 1528 5572 Physic.c.t:«
1544 5500 1736 5570 Philosophia
1754 5499 1868 5555 estant·

1024 5589 1081 5631 maa
1098 5575 1252 5646 perfectio,
1269 5577 1301 5628 ut
1318 5573 1464 5629 medicina
1480 5573 1625 5645 corporis.
1644 5592 1655 5622 r
1675 5572 1868 5644 Philosophia

1024 5649 1112 5708 aliter
1121 5648 1224 5707 mortis
1238 5647 1444 5705 commentatio
1460 5644 1628 5704 delinitura
1649 5647 1781 5704 Platone.
1800 5646 1867 5704 Phi·
