3796 6022
128 310 209 381 1083
539 312 760 378 APPENDIX
780 312 839 381 ab
859 310 1053 383 HUGONIS
1075 310 1222 379 OPERA
1243 312 1442 379 MYSTICA.
1780 308 1880 381 Μ·

133 521 190 572 tem
200 517 410 590 quemnemoia
420 515 500 583 emto,
511 518 640 590 aepaeiu
649 521 742 585 terra,
752 532 844 589 aeque
855 496 1002 571 sobtosA
1018 514 1082 570 sive
1095 515 1212 570 caeteris
1221 515 1310 570 eaesis
1321 515 1473 585 membris,
1484 515 1689 587 spectaculum
1705 516 1855 571 contume-

133 611 254 666 terram.
266 605 314 678 qui
323 606 501 678 vitaperire,
510 606 709 661 aisisolosteo
727 606 764 661 de
781 606 861 660 tribu
873 605 956 671 duda,
1018 605 1065 659 liae
1078 605 1233 675 inpoputis
1244 604 1852 675 nudipropternomenDomineportantes,

132 695 181 770 qui
195 696 275 762 vicit,
292 695 757 767 quiesitarrqaamapaosoeeisas
767 695 958 751 babeascor·
1018 693 1075 748 Sed
1087 694 1410 764 potestviderimirum,
1423 694 1571 766 quomodo
1583 695 1761 767 martyrium
1777 710 1855 763 pam·

130 785 186 837 nun
204 788 325 855 septem,
340 784 477 839 elocutos
492 790 614 856 septem,
633 786 682 856 qrri
697 790 766 838 sicat
781 784 891 854 spiritu
904 784 961 838 ltei
1019 783 1084 837 diso
1101 788 1305 853 comparetur,
1322 800 1389 838 cum
1412 784 1584 854 martyrium
1606 783 1849 849 amaritudinem,

130 872 217 926 arissi
230 872 259 925 ia
271 889 383 927 orantem
396 879 507 927 terrani
520 873 623 944 (Apoc.
635 874 675 943 v).
693 872 776 926 l'ade
792 872 859 942 quia
876 872 960 926 sotus
1019 873 1176 943 paradisus
1192 876 1287 927 autem
1298 873 1402 927 babeat
1411 872 1636 943 jucunditatem.
1654 872 1713 927 Sed
1726 873 1756 927 si
1767 871 1856 927 subti-

130 963 228 1030 potest
247 959 356 1015 iontem
369 960 446 1015 huuc
463 962 526 1016 sire
538 961 644 1015 librum
654 962 778 1032 aperire,
786 960 853 1030 jaro
868 961 961 1030 potuit
1018 961 1076 1016 lius
1088 978 1149 1016 rem
1159 962 1411 1032 perpenderimus,
1424 977 1482 1015 aon
1497 962 1645 1015 videbitur
1657 961 1778 1029 mirum,
1791 961 1854 1032 quia

132 1049 288 1122 discipulis
299 1051 363 1105 suis
375 1051 482 1105 dicere:
493 1051 582 1104 Vobis
593 1053 743 1104 datomest
755 1066 842 1105 nosse
851 1056 961 1122 aryste·
1019 1053 1131 1106 sanctis
1145 1051 1327 1123 martyribus
1342 1051 1439 1105 omnio
1449 1053 1663 1121 tormentorum
1678 1066 1793 1122 genera
1806 1049 1853 1120 ju·

41 1169 47 1185 ,
131 1139 209 1194 rium
226 1140 316 1211 regni
330 1140 387 1195 Dei
397 1139 516 1207 (tlattb.
529 1140 602 1209 xiii).
619 1139 694 1192 ltine
711 1138 781 1192 alibi
796 1139 831 1193 de
849 1140 915 1209 ipso
934 1143 962 1193 et
1020 1140 1115 1194 cunda
1131 1139 1263 1209 inerunt3
1284 1143 1311 1194 et
1328 1142 1418 1194 totum
1434 1139 1478 1193 eis
1494 1140 1589 1206 dulce,
1602 1138 1661 1194 imo
1676 1155 1784 1208 parum
1803 1138 1852 1192 iuit

132 1229 168 1283 do
183 1227 258 1299 ipsis
270 1229 425 1299 discipulis
441 1229 582 1298 scriptam
597 1231 643 1282 est
660 1244 666 1282 ς
684 1227 761 1282 Tuae
772 1229 888 1298 aperuit
899 1227 962 1282 illis
1020 1228 1162 1299 quidquid
1178 1230 1222 1283 cis
1238 1228 1504 1298 potestasadversa
1519 1244 1572 1298 pro
1584 1227 1704 1282 nomine
1715 1226 1852 1282 Christia-

132 1333 261 1387 sensam,
271 1318 514 1388 utiatetliporcut
522 1318 694 1389 Scripturas
703 1317 884 1385 (tiricxxrr).
894 1317 962 1370 Nul—
1020 1319 1118 1372 nitatis
1129 1318 1239 1372 inferre
1248 1318 1350 1388 potuit.
1369 1317 1453 1371 Unde
1465 1320 1492 1371 et
1508 1317 1544 1371 de
1556 1317 1702 1387 apostolis
1711 1316 1851 1386 scriptum

130 1406 177 1461 lus
188 1407 380 1478 igiturpatest
391 1405 481 1476 hujus
493 1406 582 1463 fontis
595 1407 752 1460 salutarem
765 1409 885 1475 gastum
894 1406 963 1459 haa·
1020 1411 1065 1462 cst
1083 1423 1088 1461 :
1106 1408 1188 1461 tbaat
1203 1406 1327 1479 apostoli
1342 1406 1507 1478 parideutcs
1521 1422 1537 1458 a
1550 1410 1710 1476 conspeetu
1723 1404 1848 1467 concilii,

130 1495 200 1565 rire,
218 1495 275 1551 nisi
292 1495 338 1548 cui
355 1494 498 1563 Salvator,
516 1496 565 1566 qui
586 1494 669 1549 solus
688 1497 822 1565 aperitet
842 1494 959 1563 claudit,
1021 1497 1153 1568 quartiarr
1163 1496 1248 1567 digai
1257 1495 1355 1550 babiti
1363 1501 1430 1548 suat
1440 1510 1495 1566 pro
1504 1494 1699 1550 aorniaedesu
1710 1501 1850 1548 contame

132 1582 319 1655 signaculum
335 1583 402 1654 ejus
427 1583 565 1656 dignatur
580 1584 704 1653 aperire.
722 1584 779 1638 Sed
795 1587 824 1638 ot
839 1599 961 1655 germen
1019 1585 1088 1639 tiara
1097 1586 1162 1657 pati
1171 1585 1249 1656 (Act.
1261 1584 1313 1654 ιιι).
1327 1584 1362 1638 Et
1376 1584 1529 1654 apostolus
1541 1583 1664 1652 Paulae,
1681 1599 1737 1653 pro
1749 1598 1850 1654 magno

130 1672 222 1743 tardus
238 1671 313 1727 horti
330 1672 440 1726 hahere
451 1672 570 1726 minime
583 1673 660 1726 valet
673 1672 719 1727 oui
733 1672 799 1727 tans
814 1673 869 1727 iste
880 1672 961 1727 salu·
1019 1679 1160 1745 reputans
1171 1674 1248 1728 dono
1259 1673 1377 1744 patipro
1386 1673 1513 1741 Christo,
1527 1672 1774 1742 Philippensibus
1783 1671 1849 1726 seri·

127 1761 199 1815 toris
208 1761 410 1833 irrigationem
421 1778 480 1816 non
490 1761 611 1831 praebet.
629 1760 711 1826 Quod
723 1766 819 1815 atatem
828 1760 962 1816 Salvator
1020 1765 1105 1831 beas,
1117 1765 1157 1817 ait
1169 1779 1174 1817 :
1191 1761 1280 1817 Vobis
1291 1762 1427 1816 donatam
1438 1777 1494 1833 pro
1506 1761 1638 1829 Cbristo,
1653 1759 1849 1816 consciuerat

131 1849 221 1907 fontis
243 1849 334 1920 hujus
357 1851 485 1904 rivulum
505 1851 572 1904 aliis
594 1851 725 1921 aperiat,
748 1851 813 1904 aliis
830 1850 959 1918 claudat,
977 1809 1004 1871 B
1020 1854 1051 1907 in
1067 1869 1130 1907 euru
1146 1851 1288 1921 credatis
1306 1851 1360 1905 sed
1382 1856 1411 1904 ut
1427 1851 1515 1905 etiam
1528 1866 1585 1921 pro
1610 1851 1677 1921 ipso
1697 1850 1850 1921 patiamini

130 1937 749 2009 domonstratiose,ubidiscipalissuisait:
767 1939 854 1994 Vobis
863 1940 961 1994 datam
1020 1942 1152 2012 (Pbilipp
1167 1949 1186 2005 1)

131 2035 177 2084 est
186 2045 274 2084 nosse
284 2029 459 2101 mysterium
471 2029 560 2101 regui
569 2029 634 2091 Dei,
649 2029 872 2083 cauerisantcm
881 2029 963 2100 inpa-
1058 2032 1127 2084 Cum
1138 2046 1287 2101 potatorum
1297 2028 1457 2083 burctibus.
1471 2028 1586 2082 Habent
1600 2027 1698 2082 saneti
1709 2030 1849 2097 martyres

129 2117 437 2189 raboIiS,rrtriderites
448 2134 504 2172 noa
520 2117 647 2185 rideant,
658 2118 965 2171 ctaiidiaatesaoaiu-
1019 2120 1133 2174 fructas
1149 2121 1179 2172 iu
1195 2119 1314 2186 mundo,
1331 2116 1447 2172 fructus
1463 2118 1492 2172 ia
1507 2117 1592 2170 emto.
1619 2117 1652 2170 lu
1667 2116 1780 2171 mundo
1795 2116 1850 2170 iru-

131 2206 267 2279 teltipaat
290 2207 408 2276 attattb.
431 2214 503 2275 xia).
528 2207 562 2260 Et
584 2207 654 2259 aum
677 2207 712 2260 ad
729 2207 846 2259 Patrcu
868 2206 961 2260 dicit:
1019 2207 1227 2279 ctasjustitiae,
1239 2207 1352 2261 incaelo
1364 2206 1477 2261 fructus
1490 2206 1594 2278 glorian
1613 2205 1644 2258 ln
1662 2204 1774 2259 mundo
1790 2203 1849 2258 iru-

132 2296 282 2351 Coabteor
294 2295 669 2361 tibi,Patertlaruiaoccrli
680 2301 819 2355 etterraec,
834 2296 883 2366 pai
893 2295 964 2348 abs-
1020 2301 1085 2352 ctus
1101 2298 1206 2364 meriti,
1231 2296 1260 2350 in
1283 2297 1357 2350 coelo
1374 2296 1488 2350 tructus
1511 2295 1636 2365 praemii.
1660 2294 1776 2366 Cyperi
1791 2310 1850 2347 com

130 2385 349 2441 condistibreca
359 2386 580 2456 sapientibasrt
589 2384 822 2455 prralcatibusct
831 2383 964 2437 reretast
1019 2388 1122 2455 riardo,
1133 2386 1414 2440 aaratascamoroco.
1422 2384 1554 2455 lippet-us
1562 2383 1671 2439 dieitur
1679 2399 1751 2438 esso
1761 2383 1848 2436 herba

131 2473 434 2545 eaporrulist'tlattb.
443 2477 496 2527 xit.
506 2473 616 2527 Hortus
626 2474 721 2544 itaque
733 2475 777 2526 est
790 2472 962 2539 conclusus,
1019 2477 1176 2530 aromatica
1187 2476 1216 2529 in
1225 2475 1356 2546 AEgppto
1365 2475 1478 2527 semine
1490 2472 1615 2528 candido
1627 2470 1853 2543 etodoro,quod
1883 2518 1887 2523 .

130 2565 159 2616 et
174 2563 241 2616 tons
252 2562 398 2632 signatas.
411 2562 520 2615 ttortus
534 2561 694 2615 conclusus
707 2565 753 2614 est
766 2577 818 2630 per
832 2561 964 2630 discipti-
1020 2567 1156 2636 nequitur
1171 2565 1200 2618 in
1217 2565 1300 2633 otoo,
1323 2567 1351 2617 et
1376 2562 1559 2632 exprimitur.
1582 2561 1653 2616 Inde
1669 2564 1853 2634 unguentum

130 2667 208 2720 nam,
219 2650 432 2720 ionssigaatus
447 2651 646 2721 perfiguram.
663 2650 774 2703 ttortus
791 2650 962 2719 conclusae,
1018 2638 1153 2724 paratur,
1164 2652 1243 2724 quod
1258 2652 1358 2723 regale
1374 2652 1490 2705 dieitur.
1508 2653 1641 2722 tstpperus
1657 2666 1731 2723 ergo
1747 2650 1854 2705 donum

130 2754 167 2793 ne
178 2738 383 2793 fraudulentus
396 2738 491 2793 bostis
509 2739 648 2808 irrumpat
661 2755 667 2807 ς
681 2738 747 2793 sons
764 2740 911 2811 signatus,
927 2755 963 2793 ue
1019 2742 1184 2814 regiminio,
1202 2742 1228 2795 id
1246 2744 1290 2795 est
1307 2741 1525 2807 discretionem,
1548 2740 1595 2794 vet
1608 2744 1688 2796 certe
1707 2740 1794 2810 ipsos
1809 2755 1855 2793 ro-

130 2827 245 2882 alienus
261 2828 297 2881 dc
313 2827 362 2880 itto
376 2827 466 2882 bibat.
485 2828 596 2881 Hortus
613 2832 659 2881 est
680 2826 805 2899 justitio,
824 2827 891 2882 tons
916 2845 963 2882 sa·
1019 2835 1117 2887 oteres
1139 2831 1302 2884 animarum
1325 2831 1535 2884 convenienter
1555 2814 1716 2900 signitica't.
1735 2829 1851 2882 Nardus

129 2917 248 2988 pientia.
275 2917 404 2971 Primum
428 2921 523 2971 autom
549 2917 664 2971 hortum
686 2917 918 2988 germinantem,
936 2920 963 2972 et
1019 2920 1306 2975 her-bahumitisest.
1319 2918 1403 2972 Unde
1415 2923 1442 2972 et
1454 2919 1581 2973 humiles
1593 2917 1752 2988 subiectos
1764 2917 1854 2990 signi·
1884 2948 1887 2953 ·

129 3005 240 3061 iontem
256 3006 426 3076 irrigantem
443 3022 573 3076 sponsus
589 3007 679 3076 pouit.
703 3006 812 3060 Deinde
835 3007 962 3061 truc-tum
1020 3010 1096 3064 fical.
1108 3008 1221 3064 Crocus
1234 3008 1370 3063 cstaarei
1382 3007 1503 3076 eoloris,
1514 3007 1852 3077 otproptereadoctores

128 3095 353 3170 germinationis
379 3098 407 3149 ct
423 3095 603 3168 irrigationis
625 3096 712 3150 lartius
736 3096 889 3166 exprimit,
916 3096 962 3150 di·
978 3135 1003 3196 C
1021 3097 1133 3153 eoelesti
1154 3098 1297 3168 sapientia
1319 3097 1416 3151 claros
1432 3099 1511 3152 recte
1526 3095 1674 3167 designat.
1691 3096 1809 3167 lippari,
1825 3096 1854 3148 ut

128 3201 210 3241 cens.
1020 3187 1163 3256 arbitror,
1187 3190 1342 3257 propterea
1367 3185 1472 3256 plurali
1499 3200 1622 3239 numero
1647 3184 1850 3255 proteruntur,

141 3274 961 3347 Emissioaestaoeparadisasmalorumparricot·um,cum
1021 3292 1089 3331 eum
1117 3279 1224 3330 coetera
1253 3292 1320 3346 qum
1354 3279 1519 3346 sequuntur
1552 3273 1748 3346 singulariter
1781 3271 1851 3328 scii·
1877 3288 1883 3295 ·

126 3365 844 3437 pomorumtractibusetellmissioucssanotre
859 3364 961 3419 matris
1019 3365 1143 3436 bantur,
1172 3369 1203 3419 ut
1231 3380 1284 3435 pcr
1313 3365 1370 3418 boc
1402 3364 1553 3418 valeamus
1581 3379 1751 3436 agnoscere
1779 3360 1850 3435 quod

129 3453 273 3507 Ecclesiae
285 3458 353 3507 sunt
364 3457 464 3523 partus
474 3454 541 3524 ejus
553 3454 713 3523 spiritaleS,
725 3453 892 3524 praesertim
905 3454 962 3508 hoc
1020 3456 1146 3526 quisque
1157 3455 1296 3524 praetatus
1307 3470 1366 3523 praa
1379 3454 1496 3507 caeteris
1505 3452 1643 3507 omuibus
1655 3453 1817 3508 rii-tutibus
1826 3454 1850 3504 et

127 3540 158 3595 in
173 3541 237 3596 loco
255 3545 409 3611 martyres,
430 3543 479 3613 qui
495 3543 638 3596 malorum
654 3542 829 3611 punicorum
843 3542 961 3596 nomine
1018 3544 1106 3599 bouis
1116 3543 1256 3613 operibus
1268 3543 1372 3597 debeat
1381 3542 1541 3596 abundare.
1558 3540 1849 3611 itinccstquodbca·

129 3629 333 3702 designantur,
344 3646 420 3701 quos
428 3633 529 3684 saneta
537 3630 671 3684 Ecclesia
680 3631 714 3684 de
727 3631 835 3685 mundo
847 3631 960 3700 emittit,
1018 3635 1066 3687 tus
1077 3633 1262 3704 Augustinus
1274 3632 1309 3685 de
1321 3631 1442 3702 praelato
1456 3630 1599 3701 praecipit,
1612 3630 1719 3684 diceus
1729 3646 1735 3685 :
1746 3651 1758 3681 a
1771 3628 1849 3684 Circa

128 3721 157 3774 et
179 3719 253 3775 eoelo
269 3719 405 3790 immittit,
423 3734 477 3773 nee
503 3723 598 3773 tamen
614 3720 726 3782 amittit,
751 3735 827 3790 quos
842 3718 961 3773 Christo
1019 3737 1122 3777 omnes
1144 3722 1276 3791 seipsum
1296 3721 1442 3775 bonorum
1458 3735 1580 3790 opernm
1605 3719 1740 3790 praebeat
1754 3732 1849 3774 exem·

128 3809 214 3864 mittit
228 3812 256 3864 et
272 3809 433 3864 committit.
452 3807 526 3863 litata
547 3809 654 3878 punica
674 3811 744 3862 suut
764 3808 843 3862 intus
868 3823 961 3862 succo
1018 3810 1427 3881 ptum,eorripiatinquietoS,
1447 3808 1619 3864 consoletur
1633 3808 1849 3878 pusillanimes

127 3898 226 3968 aeria,
243 3900 345 3970 granis
362 3898 513 3966 rubentia,
532 3901 559 3951 et
576 3913 629 3968 per
643 3897 701 3951 hoe
722 3900 866 3968 martyres
883 3896 961 3968 figu-

126 3989 201 4052 rant,
219 3988 268 4057 qui
285 4004 342 4041 aon
358 3987 452 4042 sotem
476 3988 622 4055 exterius,
648 3987 702 4042 sed
725 3987 812 4040 etiam
836 3986 960 4040 interius

126 4075 234 4128 rubere
265 4075 322 4129 dici
350 4079 431 4129 recto
460 4079 604 4144 possunt,
633 4076 701 4146 quia
730 4091 796 4130 cum
819 4075 878 4129 sint
902 4075 961 4128 duo

89 4197 92 4206 ·
127 4162 257 4234 martyrii
274 4178 399 4234 genera,
416 4179 506 4217 unum
522 4164 656 4231 intortae,
673 4164 797 4218 alterum
812 4163 959 4233 exterius,

128 4266 219 4306 unum
237 4252 268 4306 in
278 4251 377 4320 eorde,
396 4251 520 4306 atterum
536 4253 565 4305 in
580 4268 678 4322 carne,
692 4253 732 4306 uit
743 4252 821 4306 valet
837 4253 866 4306 id
881 4252 960 4323 qnod

128 4343 175 4396 est
186 4341 327 4412 exterius,
340 4341 367 4395 si
376 4341 462 4411 desit,
480 4340 559 4412 quod
568 4357 637 4396 esse
649 4340 879 4410 debetiuterius,
892 4341 959 4413 quia

1019 3899 1162 3969 suscipiat
1176 3899 1318 3963 infirmos,
1333 3897 1849 3968 paticassitadomnes3diseiptiuam

1017 3987 1114 4042 libens
1126 3987 1242 4055 habeat,
1254 3988 1330 4041 hane
1339 3987 1513 4042 metuendus
1522 3989 1660 4056 imponat.
1671 3986 1705 4040 Et
1716 3984 1846 4056 quamvis

1017 4078 1173 4147 utrumque
1185 4077 1224 4130 sit
1234 4076 1451 4137 necessarium,
1465 4079 1561 4129 tamea
1573 4075 1639 4144 plus
1654 4077 1749 4129 amari
1762 4089 1846 4144 appe-

1017 4169 1070 4230 tat,
1088 4181 1175 4236 quam
1190 4165 1295 4219 timori.
1317 4189 1322 4212 ›
1344 4164 1466 4219 Talibus
1483 4165 1583 4218 vertas
1599 4164 1678 4219 beati
1695 4161 1849 4236 augustini

1017 4255 1152 4323 edoctus,
1174 4254 1300 4325 quisque
1311 4255 1450 4323 praelatas
1469 4254 1547 4307 oraui
1558 4253 1688 4307 bonitate
1700 4254 1759 4308 sibi
1771 4268 1848 4308 com·

1016 4344 1128 4398 missos
1153 4342 1364 4396 transceudere
1390 4357 1516 4396 neccsse
1541 4345 1586 4396 est
1607 4344 1725 4413 satagat
1749 4345 1781 4396 ut
1802 4340 1846 4396 tiis

127 4430 316 4501 uuuprodest
328 4431 426 4485 carnis
442 4431 543 4501 passio
560 4431 607 4485 cui
618 4431 701 4486 deest
713 4431 958 4500 cordiscompns-
973 4451 1001 4514 D
1018 4432 1130 4504 gravis,
1155 4431 1202 4485 his
1225 4431 1356 4499 tractas,
1373 4447 1494 4484 suarum
1510 4429 1692 4501 plenitudine
1718 4430 1852 4486 virtutum

126 4520 182 4576 sio.
193 4519 295 4575 Omnis
304 4519 430 4592 denique
440 4518 612 4592 ptorinbtiae
623 4519 716 4591 repis,
728 4520 805 4573 sicut
816 4520 959 4590 seriptum

126 4614 182 4680 est,
202 4609 239 4665 ab
256 4610 338 4663 iulus
353 4609 447 4680 (l’sal.
468 4614 558 4676 xxiv).
577 4608 763 4695 Emisxsiones
780 4613 876 4662 autom
893 4609 958 4662 istra

126 4697 960 4770 malorumpunicorumparadisocompa1·antur‚quia,sie-

126 4790 157 4840 ut
168 4788 324 4856 paradisus
334 4789 462 4842 diversis
473 4789 641 4856 arboribus,
655 4787 698 4841 sie
710 4789 812 4842 sarieta
824 4786 959 4841 Ecclesia

127 4876 262 4946 stipatur,
286 4877 436 4948 densatur,
453 4880 616 4933 sternatur
636 4877 799 4931 innumeris
823 4875 958 4945 martyri-

126 4963 195 5018 bus.
207 4963 279 5030 Quis
291 4966 368 5019 enim
385 4965 594 5021 calculatorum
605 4966 805 5037 peritissimus
818 4965 881 5019 sota
897 4963 958 5018 sat-

126 5057 186 5126 ¹tem
202 5055 367 5108 centenaria
391 5056 439 5110 vet
465 5056 626 5110 millenaria
653 5060 810 5126 martyrum
836 5068 958 5108 numero

127 5143 959 5216 queatcompiebeadero‘?Quorumatii,utquaedamSeri-

126 5233 522 5303 pturaotamatttlrbr.x1.t,
539 5234 618 5288 terro
637 5234 790 5304 perempti,
811 5233 859 5286 atii
875 5232 958 5286 ttam-

127 5323 183 5376 mis
200 5323 307 5391 exusti,
323 5323 472 5394 alitlagris
489 5323 645 5390 verberati,
659 5323 707 5376 atii
721 5322 819 5395 pelagi
830 5322 958 5376 demersi

125 5411 268 5482 periculo,
287 5411 335 5464 atii
352 5411 411 5464 vivi
427 5411 578 5475 decoriati,
599 5409 646 5463 alii
664 5411 787 5465 naribus
804 5410 956 5481 perforati,

126 5499 175 5552 alii
192 5500 313 5553 cruciati
330 5499 479 5570 patibulo,
498 5498 547 5551 atii
571 5498 697 5552 vinculis
716 5500 888 5570 mancipati,
909 5500 959 5554 atii

125 5586 236 5658 tinguis
248 5588 362 5658 privati,
375 5588 424 5641 atii
435 5586 582 5657 lapidibus
593 5587 699 5655 obruti,
719 5587 769 5641 alii
787 5588 897 5660 frigore
914 5588 959 5642 at-

126 5674 207 5744 aiau,
219 5675 269 5729 alii
278 5675 353 5733 tama
365 5676 514 5749 macerati,
526 5676 576 5738 alii
586 5691 657 5732 voro
668 5676 813 5732 truncatis
822 5677 959 5734 manibus

1018 4520 1156 4574 omnibus
1180 4519 1276 4573 oruata
1299 4519 1394 4573 iaetus
1420 4535 1522 4573 omnes
1544 4518 1720 4573 lucrifaciat.
1749 4517 1850 4591 Cypcu'

1018 4612 1115 4663 autem
1135 4625 1200 4662 curn
1213 4608 1303 4662 nardo
1317 4612 1395 4677 suut,
1408 4610 1476 4662 dam
1494 4609 1605 4678 prielnti
1623 4624 1691 4662 eum
1708 4607 1770 4663 sibi
1786 4607 1851 4663 sub·

1015 4698 1105 4770 jectis
1122 4697 1231 4751 divinis
1247 4713 1279 4751 se
1293 4698 1451 4767 praeceptis
1463 4697 1611 4751 humiliter
1622 4696 1768 4752 subdunt.
1780 4697 1850 4752 Hinc

1018 4786 1126 4840 etenim
1150 4786 1291 4856 scriptum
1318 4789 1381 4840 est:
1396 4787 1552 4840 Iteetoroui
1570 4791 1599 4839 te
1617 4788 1851 4853 constituerant,

1019 4875 1079 4930 noti
1088 4875 1208 4930 extolli:
1223 4881 1287 4929 esto
1303 4876 1333 4928 ia
1350 4875 1412 4929 iltis
1424 4877 1507 4944 quami
1516 4892 1590 4929 trucis
1609 4891 1647 4928 rx
1657 4875 1737 4946 ipsis
1748 4874 1851 4943 (Eccli.

1018 4968 1121 5034 xxva).
1134 4965 1205 5019 Cum
1215 4964 1394 5017 enimsancti
1404 4968 1536 5018 rectores
1548 4966 1638 5031 recta,
1648 4963 1850 5027 sicutdebent,

1018 5053 1131 5121 dieunt,
1144 5056 1171 5107 et
1183 5068 1248 5123 quaa
1267 5053 1367 5106 dicuat
1381 5069 1447 5106 cum
1459 5053 1516 5107 sibi
1536 5051 1684 5121 subpar-tis
1706 5052 1854 5107 humiliter

1018 5141 1138 5211 iaciunt,
1155 5157 1224 5195 vere
1245 5142 1345 5212 epponi
1366 5141 1535 5196 cunirardo
1552 5144 1631 5195 sunt.
1651 5141 1774 5197 Nardus
1791 5154 1853 5196 eom

1019 5246 1107 5286 croco
1123 5233 1178 5299 est,
1189 5231 1257 5283 dum
1269 5229 1474 5300 subiectorum
1484 5230 1640 5284 immitium
1650 5230 1851 5285 multitudines

1019 5323 1188 5374 sanctorum
1209 5319 1372 5387 doctorum,
1395 5319 1526 5373 claritate
1541 5318 1675 5373 cantastis
1698 5318 1850 5389 sapientire

1019 5409 1192 5481 fulgentium
1208 5409 1334 5478 pedibas
1351 5408 1612 5478 appropiammtcs,
1631 5406 1851 5462 doctrinamen-

1018 5499 1142 5553 lutarom
1151 5497 1187 5551 ab
1203 5499 1279 5568 tpsis
1293 5498 1417 5551 libenter
1435 5497 1567 5565 audiunt,
1586 5500 1614 5551 ct
1632 5512 1737 5551 eorum
1755 5496 1850 5551 vorbis

1020 5587 1167 5642 eredendo
1176 5591 1203 5641 et
1216 5586 1364 5657 operando
1377 5585 1502 5640 fideliter
1512 5585 1719 5656 acquiescunt,
1733 5585 1851 5655 impleu-

1019 5678 1254 5748 tesproeceptum
1271 5675 1385 5746 lacatii,
1396 5691 1453 5749 quo
1469 5673 1591 5730 dicitur:
1606 5672 1655 5729 Sit
1667 5673 1851 5733 emnisbomo
