3796 6022
451 297 670 362 APPENDIX
691 298 752 365 AD.
772 298 963 367 HUGONIS
986 299 1130 372 OPERA
1152 301 1420 366 DOGMATICA.

80 295 137 366 351
1746 304 1807 367 352

8 508 13 512 '
81 503 156 556 seat.
174 500 239 556 Non
251 501 318 556 licet
333 502 539 556 sacerdotibus
551 502 672 556 calicem
684 503 798 557 Domini
810 503 912 558 tollere
927 483 956 548 Α
971 503 1101 573 qtratidie
1117 504 1288 574 spiritaliter
1306 506 1377 576 agit.
1396 505 1479 559 Unde
1499 505 1527 558 in
1547 504 1719 577 Evangelio,
1742 506 1807 576 Epo

81 590 139 644 nisi
154 591 284 645 tradatur
298 592 343 644 eis
358 607 373 643 a
389 591 522 644 diacono.
540 591 612 646 Cum
628 597 724 646 autem
740 593 912 647 ordinantur
971 609 1034 646 sura
1045 594 1160 658 ostium,
1174 594 1245 647 dicit
1257 594 1399 649 Dominus
1409 594 1504 658 taloan.
1517 597 1558 653 xl
1570 594 1723 649 lectorem
1735 611 1806 649 vero

80 678 177 734 levitas
193 680 282 750 (quod
303 680 381 735 licita
407 682 469 734 ficri
494 684 592 752 potest
616 699 632 735 a
656 682 760 753 viginti
783 683 869 735 annis
886 686 913 735 et
971 697 1004 735 se
1020 681 1148 735 ostendit
1165 700 1230 736 cam
1252 683 1280 736 in
1303 684 1399 737 medio
1422 684 1573 737 seniorum
1597 684 1703 737 librum
1721 684 1805 737 isaiae

82 769 911 841 supraiaccipiantorariamsupersinistrumhumerum:
970 771 1107 839 aperiens
1128 772 1265 825 distincte
1287 772 1357 841 legit
1376 772 1412 825 ad
1433 773 1666 843 intelligendum.
1686 772 1806 825 lixorei-

80 857 112 909 ut
126 856 290 927 intelligant
305 874 337 912 se
355 860 509 928 accepisse
522 861 571 913 liei
585 860 691 931 jugum
707 877 765 932 quo
782 865 913 931 premant
971 863 1046 912 stam
1062 876 1095 912 se
1112 860 1266 927 indicavit,
1284 861 1409 930 ejiciens
1433 861 1599 928 daemonia,
1621 861 1804 930 acolythum,

18 1002 21 1011 ,
82 944 179 999 omnia
195 960 260 1016 quae
275 948 310 999 ad
327 948 466 1002 muudum
485 949 640 1019 pertinent,
658 967 723 1020 quac
740 950 914 1020 signitican-
971 949 1091 1003 dicens:
1109 950 1175 1020 Epo
1189 966 1252 1004 sum
1264 951 1316 1004 lar
1330 951 1432 1003 mnndi
1448 951 1542 1009 aluam
1560 952 1631 1007 arrii.
1649 951 1808 1005 Subdiaeo·

81 1036 129 1089 tur
143 1049 196 1103 per
211 1035 364 1090 sinistrum
385 1038 548 1092 humerum.
571 1039 726 1108 Accipiunt
747 1041 833 1093 etiam
854 1043 915 1092 tex·
972 1055 1050 1105 uum,
1069 1039 1185 1109 quondo
1202 1039 1271 1092 lavit
1285 1041 1377 1109 pedes
1389 1040 1622 1108 discipuleru1113
1639 1040 1805 1105 diaconum,

81 1124 143 1177 tum
158 1123 396 1196 Evangeliorum,
411 1135 439 1179 ut
452 1127 615 1198 intelligant
626 1144 658 1182 sc
675 1144 744 1182 csse
759 1143 914 1198 praecones
972 1128 1089 1197 quando
1099 1132 1242 1198 eorpusct
1252 1130 1427 1199 sanguinem
1437 1145 1523 1183 suum
1533 1129 1661 1198 propriis
1669 1129 1808 1182 manibus

81 1211 245 1284 Evangelii.
972 1216 1155 1287 dispensavit
1179 1217 1350 1287 discipulis,
1376 1221 1404 1271 et
1427 1219 1533 1271 iterum
1557 1218 1675 1288 quando
1699 1232 1752 1271 eos
1772 1217 1808 1270 ad

118 1301 258 1373 Sequitur
272 1305 343 1359 ordo
359 1306 616 1375 presbyterorum,
634 1309 682 1377 qui
700 1323 715 1360 a
732 1308 801 1361 liliis
819 1309 917 1360 daron
973 1306 1116 1360 orandum
1140 1307 1274 1361 hortatus
1299 1309 1359 1373 est,
1387 1307 1508 1360 dicens:
1535 1307 1660 1376 l'lpr'late
1680 1295 1809 1359 clarata·

82 1392 209 1460 sumpsit
225 1393 388 1448 exordium.
407 1396 480 1449 llum
496 1395 542 1449 isti
560 1397 705 1466 atrigiuta
721 1397 807 1450 annis
824 1399 851 1450 et
867 1412 917 1449 sa·
972 1394 1091 1464 (llatth.
1119 1396 1210 1458 xxrr').
1235 1396 1343 1449 Verum
1368 1396 1553 1449 sacerdotem
1576 1411 1609 1448 se
1634 1396 1809 1448 monstravit

82 1495 135 1551 pra
155 1481 328 1536 o:·dinautur
347 1485 499 1554 (episcopo
519 1501 571 1539 eos
592 1486 793 1553 benedicente,
811 1489 839 1539 et
854 1502 917 1538 ma·
973 1483 1089 1553 quando
1104 1499 1208 1553 panem
1229 1488 1257 1538 et
1280 1485 1381 1538 vinum
1403 1485 1432 1537 in
1456 1501 1565 1554 corpas
1588 1489 1616 1537 et
1632 1484 1808 1553 sanguinem

83 1585 140 1624 aas
152 1587 243 1640 super
252 1573 345 1642 capita
358 1589 459 1627 eorum
475 1578 603 1642 tenente)
615 1591 718 1629 oraues
734 1574 915 1645 presbyteri,
973 1588 1060 1626 suum
1072 1573 1271 1640 eommutavit,
1284 1578 1312 1628 et
1322 1577 1353 1627 ut
1363 1574 1393 1626 in
1403 1575 1572 1627 rrrernoriam
1583 1590 1646 1626 sum
1657 1573 1808 1643 passionis

84 1659 134 1729 qui
146 1667 333 1715 cumeosunl
346 1667 520 1732 praesentas,
531 1664 918 1734 manumcumepiscopole·
973 1662 1049 1716 idem
1072 1662 1202 1717 lacerent
1217 1663 1373 1732 discipulis
1390 1664 1530 1734 injunxit.
1548 1664 1582 1716 m
1597 1665 1701 1716 iterum
1718 1662 1808 1714 inani-

81 1751 186 1803 vantes
202 1765 293 1819 super
308 1767 360 1804 cos
375 1752 514 1822 Spiritum
530 1756 664 1807 sanctum
681 1754 826 1807 invocant.
848 1753 917 1806 Post
974 1750 1079 1804 sestius
1092 1752 1147 1805 hoc
1159 1751 1289 1820 implevit
1306 1752 1435 1805 osticium
1451 1753 1568 1822 qrraado
1584 1752 1649 1820 ipse
1665 1751 1742 1804 idem
1758 1767 1808 1802 sa-

79 1836 808 1913 invocatouomaccipiuntstolamsuperatrumque
817 1843 916 1896 hume·
933 1808 962 1868 ᾖ
973 1841 1079 1914 cer-dos
1090 1843 1118 1894 et
1131 1841 1224 1894 hostia
1238 1842 1371 1911 scipsum
1383 1843 1410 1894 in
1422 1859 1471 1894 ara
1488 1841 1585 1894 crucis
1602 1840 1705 1894 obtulit
1719 1839 1805 1892 l‘atri.

83 1943 158 1994 rum,
172 1929 202 1980 ut
213 1927 376 2000 intelligant
390 1946 423 1984 se
434 1931 542 1985 alchero
553 1948 621 1986 esse
633 1933 761 1986 munitos
773 1948 826 2002 per
836 1948 914 1985 arma

80 2013 205 2086 justitiae
221 2033 237 2070 a
253 2018 365 2073 ‹lexlris
382 2023 409 2074 et
424 2038 441 2073 a
457 2021 598 2088 sinisti-ie,
612 2024 642 2075 ut
653 2038 707 2075 nee
722 2037 775 2076 cos
791 2022 915 2075 adversa

84 2104 230 2177 frangunt,
248 2123 303 2160 nec
318 2125 460 2179 prospera
478 2111 627 2165 extollant.
644 2112 836 2180 accipiuntet
848 2111 916 2164 cali·

85 2210 149 2248 cem
164 2211 231 2249 cum
246 2198 315 2250 vino
331 2198 366 2251 de
383 2215 468 2252 manu
486 2200 634 2269 episcopi,
656 2203 684 2254 et
699 2205 833 2269 patenam
850 2216 916 2252 cnm

24 2284 36 2357 ζ
83 2282 194 2338 hostia:
208 2290 238 2338 ut
250 2286 413 2357 intelligant
424 2303 457 2340 se
470 2287 578 2342 habere
590 2291 764 2357 potestatem
775 2288 917 2342 offerendi

84 2371 145 2426 Deo
156 2374 450 2445 hostiasplucahiles,
469 2377 698 2447 corpusscilicet
708 2378 917 2446 etsangainem

85 2461 204 2515 libristi.
219 2463 323 2533 Magna
335 2464 473 2535 dignitas,
488 2467 558 2518 mira
571 2469 712 2536 potestas,
726 2467 878 2520 excelsum
891 2470 918 2519 et

37 2610 40 2615 ¹
85 2550 920 2619 expavendumoltieium!llocordinenoueslaliusexcel·

85 2638 148 2691 sior
157 2639 185 2691 in
195 2638 338 2694 Ecclesia.
351 2642 507 2712 Episcopis
518 2648 612 2698 tauma
623 2646 810 2713 superaddita
822 2649 867 2699 est
876 2661 920 2698 or·

85 2726 193 2782 dinatio
206 2729 390 2799 clericorum,
404 2731 604 2786 basillicarum
614 2733 768 2803 dedicatio,
780 2734 921 2787 clmisma-

84 2817 123 2871 tls
136 2819 330 2885 consecratio,
339 2823 728 2891 porruamusimpositioaem
737 2823 919 2877 conliramtio

975 1929 1113 1983 Etadhuc
1123 1930 1403 2000 gloriosiusimplel,
1414 1929 1804 1983 dumsedensaddexteram

973 2019 1078 2086 Patris,
1092 2019 1256 2089 interpellat
1267 2036 1319 2089 pro
1334 2020 1431 2074 nohis,
1449 2019 1482 2072 tlt
1497 2020 1618 2089 sicquae
1634 2020 1663 2071 in
1679 2018 1764 2071 ecelis
1779 2020 1807 2069 el

974 2109 1002 2160 in
1018 2109 1105 2161 terris
1122 2112 1190 2161 sant
1202 2110 1371 2177 parilicans,
1385 2109 1440 2162 soli
1458 2109 1575 2179 polique
1587 2108 1708 2179 patriam
1721 2122 1806 2161 uirum

974 2196 1043 2251 lacit
1057 2198 1279 2267 rempublicam.

1118 2342 1186 2394 ltu».
1211 2341 1258 2393 t'l.
1284 2341 1326 2394 lle
1352 2341 1538 2395 vestimentis
1558 2341 1664 2395 sacris.

1012 2466 1082 2518 l‘ost
1098 2466 1163 2518 hmo
1178 2466 1213 2519 de
1229 2467 1413 2520 vcstiuientis
1430 2467 1665 2520 sacerdotalibus
1681 2464 1810 2519 breviter

976 2555 1109 2607 dicamus
1129 2559 1158 2608 et
1178 2555 1303 2624 priimam
1329 2556 1584 2609 corruoemoramla
1608 2558 1676 2608 sarit
1694 2553 1809 2607 holeris

977 2630 1156 2697 Testamenti
1175 2660 1241 2714 quai
1264 2644 1400 2698 luerunt:
1424 2645 1490 2698 duae
1513 2645 1635 2711 tunicae,
1652 2643 1768 2696 bissina
1783 2646 1811 2695 et

977 2731 1175 2801 hyacinthina,
1188 2748 1270 2800 nona,
1283 2733 1442 2800 seminalia,
1456 2733 1708 2802 superhumerale,
1727 2732 1810 2784 mitra

976 2822 1055 2892 (quac
1070 2820 1127 2874 alio
1144 2820 1261 2874 nomine
1278 2822 1385 2874 eiciaris
1398 2821 1444 2875 vel
1454 2822 1526 2875 tiara
1538 2821 1666 2889 dicitur),
1683 2824 1711 2873 et
1726 2820 1809 2873 lami-

87 2911 115 2962 et
127 2909 275 2979 generalis
291 2926 382 2979 super
397 2911 537 2980 populum
552 2911 718 2966 benedictio
734 2929 770 2965 ne
781 2913 807 2966 si
818 2912 920 2966 eadem
978 2927 1014 2964 na
1029 2926 1127 2980 atrrea,
1139 2927 1204 2980 qum
1216 2927 1306 2980 supra
1318 2911 1431 2964 mitram
1440 2915 1506 2964 ante
1518 2910 1621 2964 inanem
1634 2909 1809 2979 ponebatur.

85 3000 218 3068 potestas
228 3000 408 3054 auctoritatis
420 3001 448 3054 in
458 3001 595 3056 omnibus
605 3006 631 3055 el
641 3002 677 3055 ab
687 3003 825 3057 omnibus
835 3002 921 3056 habe·
978 3000 1055 3054 Zona
1070 3001 1165 3053 autem
1186 3003 1214 3053 et
1236 2999 1492 3068 superhumerale,
1514 3001 1623 3053 variata
1640 3001 1722 3051 erant
1738 3013 1811 3067 qua-

86 3089 605 3155 retur,obedientiamdissolveretet
616 3093 788 3146 scandalum
799 3107 920 3163 genera-
939 3094 1045 3169 etum·
1061 3088 1226 3152 coloribus,
1243 3089 1347 3158 bysso,
1366 3105 1509 3158 purpura,
1527 3087 1694 3157 hyacintho,
1712 3102 1810 3151 croco,

84 3182 138 3233 ret.
156 3178 211 3243 Qui
222 3184 317 3234 autem
330 3184 443 3250 septem
456 3181 610 3235 ordinibus
623 3182 788 3235 exaltantur
799 3182 919 3251 spirita-

85 3266 161 3337 liter,
171 3269 235 3338 ipsa
244 3269 341 3325 olhcia
353 3271 473 3339 implere
483 3271 598 3324 debeat.
607 3270 661 3334 Qui
674 3271 763 3341 igilur
773 3270 920 3324 infidelem

87 3358 240 3421 convertit,
254 3359 300 3412 vel
312 3358 399 3412 lldem
410 3359 495 3413 docel
508 3360 692 3425 catholicam,
705 3364 733 3413 et
744 3360 788 3413 sic
798 3359 918 3429 spirita-

85 3445 151 3500 liter
162 3446 192 3498 in
203 3447 360 3500 ecclesiam
371 3448 588 3513 introducitis]
599 3448 679 3518 juste
691 3464 743 3519 per
751 3464 920 3502 excolamu-

85 3534 263 3589 nieationem
272 3536 400 3604 expellit,
412 3537 600 3590 ostiariorum
611 3538 709 3606 implet
718 3537 858 3592 osticium.
866 3536 919 3600 Oui

85 3627 182 3678 autem
193 3624 268 3677 nrale
279 3624 413 3678 viventes
424 3625 454 3677 in
464 3625 597 3678 Ecclesia
607 3626 740 3680 docendo
751 3627 882 3696 corrigit,
894 3629 921 3679 et

86 3713 217 3768 minores
227 3713 435 3782 iustruitjuata
444 3713 612 3782 Scripturas
622 3715 816 3779 authenticae,
829 3716 922 3767 lector

85 3805 132 3856 est
142 3803 322 3873 spiritaliter.
338 3802 393 3867 Qiri
409 3819 479 3857 vero
491 3802 674 3856 orationibus
686 3803 751 3856 suis
761 3803 888 3873 aliquem
905 3818 920 3855 o

86 3892 278 3946 vitiisliherat
287 3892 453 3958 diabolicis,
467 3892 596 3945 osticium
609 3893 767 3945 exorcistas
780 3892 919 3944 celebrat.

85 3979 139 4045 Qui
155 3981 251 4034 lacem
267 3981 338 4034 honi
358 3981 457 4048 operis
478 3980 544 4034 aliis
567 3980 728 4045 ministrat,
752 3979 923 4050 spiritaliter

85 4068 241 4138 acolythus
250 4073 305 4123 est.
318 4070 372 4133 Qui
383 4072 470 4123 tantm
481 4069 631 4123 munditiae
642 4074 688 4124 est
699 4070 777 4140 quod
786 4068 921 4137 exemplo

86 4157 154 4228 ejus
163 4161 191 4211 et
202 4158 336 4225 consilio,
348 4159 447 4213 caeteri
460 4159 599 4213 sordibus
612 4159 919 4225 criminumlaaantur,

86 4247 217 4301 officium
229 4247 403 4302 subdiaconi
414 4248 513 4317 implet
521 4252 547 4301 ct
560 4248 703 4316 possidet.
713 4248 766 4311 Qui
778 4249 921 4317 corpuset

86 4335 921 4408 sanguinemtlhristidiscretedispensat(ligneaecipien

978 3195 1031 3248 per
1046 3194 1122 3248 quos
1139 3182 1264 3248 quatuor
1278 3179 1421 3231 clementa
1433 3179 1647 3248 significantur.
1667 3177 1697 3228 ln
1713 3191 1813 3244 super·

978 3267 1122 3322 humerali
1139 3271 1235 3320 aulem
1255 3270 1338 3319 erant
1358 3266 1504 3334 insculpta
1523 3267 1640 3319 arornina
1658 3263 1812 3317 duodecim

978 3356 1220 3427 patriarcharum,
1232 3355 1259 3407 ia
1270 3356 1386 3408 duobus
1399 3355 1538 3424 pretiosis
1549 3354 1706 3423 lapidibus,
1720 3368 1774 3406 sex
1784 3353 1812 3405 in

978 3463 1046 3513 arno,
1060 3450 1088 3499 et
1102 3461 1156 3499 sex
1173 3445 1201 3497 in
1217 3445 1318 3498 altero.
1333 3445 1364 3497 ln
1380 3444 1513 3497 rationali
1529 3449 1625 3497 aulem
1641 3445 1723 3518 erant
1738 3442 1813 3495 duo-

978 3536 1072 3590 decim
1096 3534 1224 3604 lapidee,
1249 3533 1404 3586 duodeeim
1427 3532 1657 3602 patriarclmrum
1678 3530 1814 3583 similiter

978 3625 1095 3679 nomina
1112 3624 1142 3676 in
1158 3638 1191 3675 se
1206 3623 1320 3691 sculpta
1333 3622 1487 3676 hahentes
1505 3621 1537 3673 la
1549 3621 1654 3673 lucrina
1668 3635 1757 3673 altrea
1774 3620 1814 3671 in-

979 3714 1125 3782 sculptum
1142 3714 1203 3764 erat
1225 3726 1330 3787 nomen
1354 3710 1420 3777 Ilei,
1445 3709 1522 3781 qarod
1545 3712 1651 3762 vocant
1666 3707 1810 3775 dlehrmi,

978 3801 1136 3856 inellahile.
1153 3800 1330 3853 Sacerdotes
1346 3804 1442 3853 atatem
1463 3799 1538 3852 Novi
1559 3797 1737 3851 'l'cstamenti
1754 3813 1812 3850 non

978 3895 1098 3945 utuntur
1114 3888 1160 3942 his
1178 3888 1315 3941 omnilms
1327 3888 1518 3953 curamentis,
1532 3887 1600 3957 quia
1616 3901 1674 3939 non
1691 3889 1812 3939 alteratur

979 3979 1036 4033 nisi
1053 3994 1109 4032 una
1130 3977 1227 4030 lunico
1249 3979 1357 4046 prater
1378 3978 1554 4046 pontillees:
1573 3976 1711 4029 auniotum
1726 3975 1812 4029 etiam

979 4068 1088 4122 habeat
1103 4067 1131 4120 ln
1147 4066 1212 4119 luco
1233 4065 1486 4134 superhumeralis
1510 4068 1538 4120 ct
1560 4065 1727 4131 rationalia,
1745 4064 1812 4134 quia

979 4161 1007 4210 et
1022 4172 1099 4209 nuno
1120 4155 1362 4224 superlmmerale
1384 4155 1523 4224 appellari
1546 4153 1631 4207 solet.
1656 4153 1736 4206 Nulli
1759 4169 1812 4206 au·

979 4249 1038 4298 tem
1052 4243 1160 4297 lamina
1174 4258 1262 4297 aurea
1280 4247 1400 4296 utuntur
1421 4243 1521 4311 modo,
1548 4243 1617 4312 quia
1640 4242 1717 4312 quod
1744 4241 1813 4294 olim

979 4334 1008 4387 iu
1024 4333 1083 4398 illa,
1100 4349 1177 4386 nunc
1193 4331 1222 4384 iu
1244 4331 1331 4402 signo
1355 4332 1452 4385 crarcis
1475 4334 1664 4383 morrshatur.
1685 4329 1722 4383 lft
1736 4330 1814 4383 euim

85 4427 176 4496 tibus,
193 4425 240 4481 vel
257 4426 293 4480 ad
310 4426 452 4480 orandum
473 4429 501 4479 et
521 4425 702 4496 vigilandum
723 4424 857 4494 exemplo
874 4424 921 4477 sui
936 4413 963 4488 D
979 4423 1049 4477 dicit
1062 4423 1270 4490 llieroupmus,
1284 4421 1409 4491 sanguis
1426 4420 1576 4490 Evangelii
1594 4419 1754 4488 pretiosior
1769 4422 1814 4471 est

86 4517 162 4572 alios
177 4517 320 4584 hortatur,
343 4515 458 4569 diaconi
484 4515 561 4586 gerit
583 4515 724 4567 cilicium.
748 4508 921 4576 uallantem

87 4622 197 4678 eorpus
213 4609 240 4660 et
256 4605 432 4676 sanguinem
448 4604 563 4657 llomini
574 4603 663 4673 digne
680 4606 844 4663 consecrat,
858 4602 922 4656 olli·

88 4695 165 4749 cium
193 4695 358 4749 sacerdotis
387 4693 558 4763 spiritaliter
586 4691 709 4762 perlicit.
739 4691 917 4746 Sacerdotes

89 4780 921 4853 successoressuntseptaagintaduorumdiscipulorum,

88 4871 221 4942 episcopi
234 4875 329 4925 autem
341 4872 552 4941 apostolorum.
568 4870 735 4941 Episcopus
747 4870 922 4938 interpreta-

88 4964 137 5014 tur
147 4959 408 5029 superintcmlcns,
420 4960 562 5014 sacerdos
574 4960 648 5014 daris
663 4975 759 5021 sacra,
780 4958 923 5012 diaconus

89 5048 239 5111 minister,
252 5048 455 5102 subdiaconus
465 5048 669 5112 snlnnim'ster,
679 5047 833 5118 acolythus
845 5062 926 5101 cero·

90 5135 232 5203 serarius
246 5136 394 5191 exorcista
406 5137 584 5207 coadunatur.
597 5136 681 5202 Quod
691 5141 788 5190 autem
799 5135 892 5190 lector
907 5151 924 5188 a

90 5224 287 5297 tepesceret
303 5225 443 5279 ostiarius
458 5225 494 5278 ab
506 5226 582 5280 ostio
593 5225 717 5292 dicatur,
734 5241 793 5280 non
807 5225 925 5296 ignorat

90 5314 191 5387 lingua
208 5313 319 5368 Latina.
336 5313 422 5368 Nune
437 5317 533 5368 autem
546 5313 706 5368 videndum
722 5318 767 5369 est
778 5314 857 5385 quod
868 5330 927 5368 om-

92 5420 147 5459 nes
160 5403 304 5461 habentes
321 5402 377 5457 hos
393 5401 504 5473 gradus
520 5404 677 5472 praetactos
692 5402 865 5472 spiritaliter
878 5403 925 5456 vi-

92 5493 162 5547 carii
175 5494 245 5548 sunt
258 5491 402 5561 episcopi,
419 5490 467 5561 qui
483 5491 513 5544 in
528 5506 561 5545 se
572 5491 637 5545 haec
648 5489 746 5544 olllcia
758 5491 924 5561 complevit.

93 5581 251 5636 Ostlarium
265 5580 344 5634 enim
362 5595 396 5634 se
419 5579 574 5634 montravit
597 5594 682 5647 esse,
706 5579 823 5651 quando
839 5579 928 5651 ejecit

94 5675 225 5733 amentes
239 5673 269 5727 et
283 5668 445 5727 vendentes
460 5669 496 5725 de
510 5668 628 5741 templo.
645 5666 730 5736 Quad
745 5668 775 5723 ia
790 5666 925 5724 Ecclesia

902 5776 917 5805 ι

979 4528 1050 4566 auro
1068 4511 1154 4581 legis.
1172 4510 1249 4562 Zona
1265 4512 1361 4562 cautem
1377 4526 1454 4561 narro
1466 4524 1569 4562 omnes
1581 4512 1701 4561 utuntur
1714 4524 1813 4561 sacer·

981 4601 1075 4667 dotes,
1087 4603 1115 4653 et
1126 4599 1210 4662 stola,
1221 4615 1277 4667 (pm
1290 4601 1374 4652 vetas
1386 4598 1584 4651 sacerdotium
1596 4613 1654 4650 nou
1666 4597 1811 4661 utebatur,

981 4689 1094 4743 utillud
1113 4688 1250 4756 impleant
1272 4686 1498 4757 bh'angelicum:
1522 4685 1625 4739 'l'ullito
1639 4685 1743 4755 pergam
1755 4702 1813 4738 rric-

982 4795 1027 4831 mn
1038 4794 1128 4848 snper
1146 4776 1325 4842 costilatth.
1342 4777 1393 4834 xit.
1410 4775 1492 4838 Quod
1509 4779 1604 4828 atatem
1621 4790 1702 4837 zona,
1720 4778 1748 4827 et
1764 4790 1813 4827 su·

981 4865 1185 4935 picrhomcralc
1200 4880 1279 4917 nuuc
1293 4867 1334 4916 tol
1351 4864 1501 4918 coloribus
1512 4879 1570 4916 non
1582 4863 1740 4930 sarriuntur,
1758 4879 1812 4916 nec

979 4955 1021 5008 dli
1033 4954 1146 5024 lapides
1162 4953 1258 5006 solent
1273 4953 1341 5022 poni
1358 4954 1388 5006 in
1403 4952 1639 5023 superhumerali
1655 4951 1694 5005 nil
1711 4950 1812 5016 refert,

981 5061 1048 5099 cum
1059 5043 1225 5098 Christiana
1239 5042 1344 5113 religio
1358 5042 1473 5096 veritati
1484 5042 1620 5095 serviens
1638 5040 1714 5094 idem
1730 5056 1813 5109 mps-

980 5135 1037 5187 tice
1053 5133 1144 5187 rebus
1160 5130 1381 5201 compendiosis
1392 5130 1470 5199 lacit,
1483 5129 1561 5201 quod
1574 5133 1659 5183 vetus
1671 5129 1814 5183 ohserva-

981 5223 1021 5278 tio
1038 5221 1232 5291 sumptuosis.

1018 5306 1816 5380 NancveroqaidsignificentvostimentaNovi'lcsta·

984 5400 1081 5468 menti,
1098 5399 1228 5454 breviter
1242 5398 1385 5452 dicamus.
1403 5397 1491 5465 atha,
1516 5397 1544 5451 id
1566 5401 1627 5465 est,
1652 5396 1750 5451 tunica
1767 5395 1815 5448 illa

983 5505 1050 5561 quae
1069 5489 1172 5545 Graece
1195 5488 1313 5557 poderis
1334 5481 1468 5557 tacitast,
1494 5486 1551 5540 hoc
1574 5489 1621 5539 est
1643 5484 1743 5537 talaris
1769 5485 1815 5536 di-

983 5579 1069 5648 eitar,
1087 5578 1236 5649 significat
1250 5575 1422 5630 munditiam
1436 5576 1467 5629 in
1481 5574 1588 5629 anima.
1604 5574 1683 5628 Zona
1698 5573 1817 5627 castiu-

983 5670 1042 5724 tem
1062 5667 1093 5725 iu
1115 5665 1353 5737 corpore,‚quod
1377 5663 1413 5718 ad
1437 5663 1658 5734 temperantiam
1679 5661 1814 5734 pertinet
