3796 6022
95 302 131 369 tt

468 302 524 367 DE
545 301 706 368 BESTHS
728 304 783 368 ΕΤ
803 302 915 369 ALIIS
936 260 1076 370 REBCS
1095 302 1226 368 LIBER
1246 300 1482 370 SECUNDUS.

97 503 271 577 Erengelic,
280 506 467 577 quodsimile
478 511 524 562 est
535 521 659 578 repnnm
670 504 808 561 eoelerum
822 505 934 561 homini
945 485 974 548 Α
987 507 1048 560 tute
1067 508 1095 560 et
1109 509 1253 575 potestate
1268 507 1444 575 torquentur
1454 507 1482 560 et
1498 504 1678 575 cruciantur,
1697 507 1726 560 et
1747 504 1827 560 invi·

96 595 278 669 nepotiatori
288 595 435 667 quaerenti
443 595 733 666 honasmarparitas.
743 595 868 649 Inventa
880 611 933 648 an-

96 687 152 736 tem
165 700 223 737 uun
231 685 366 755 pretiosa
378 686 551 755 margarita,
566 684 700 739 vendidit
709 700 826 738 omnem
841 685 933 738 subs-

95 772 215 826 tantiam
224 789 320 843 suam,
335 776 364 828 et
375 774 510 844 possedit
522 773 597 827 hanc
612 773 801 843 margaritum
812 773 933 841 (illene.

95 874 168 914 ιιιιιι.
178 861 241 916 lste
250 865 350 916 autem
359 863 525 935 negotiator
533 865 580 916 est
589 862 689 933 utique
699 862 809 916 chorus
820 864 937 931 aposto-

96 948 201 1003 lorum.
220 949 331 1005 Omnes
349 952 428 1005 enim
443 952 596 1020 apostolos
612 967 705 1006 unum
720 951 936 1022 negotiatorem

95 1037 176 1107 dicit,
183 1042 307 1108 propter
317 1041 457 1094 unitatem
466 1040 543 1094 lldei.
557 1039 672 1093 Etenim
684 1055 740 1094 uon
751 1046 796 1093 est
806 1040 934 1107 tudens,

96 1142 190 1198 neque
210 1126 343 1194 GrteeuS,
362 1143 456 1200 neque
478 1145 597 1189 servus,
619 1144 713 1200 neque
737 1129 824 1193 liber,
843 1144 937 1200 neque

94 1216 219 1286 Scytha,
232 1233 326 1288 neque
341 1217 498 1283 barbarus,
513 1234 606 1290 neque
620 1217 775 1282 trinsenlnS,
790 1232 883 1288 neque
893 1216 937 1271 ie·

93 1304 182 1367 mina,
195 1321 300 1359 eirenes
310 1307 389 1360 enim
403 1322 504 1360 snmus
517 1322 601 1359 unum
614 1306 645 1359 in
656 1306 777 1359 Christo
792 1305 864 1359 iesu
873 1306 939 1375 (Co-

94 1391 153 1445 less
169 1393 222 1453 ml.
234 1393 315 1448 ldem
331 1411 403 1465 ergo
419 1395 516 1448 bonus
532 1401 561 1448 et
576 1395 698 1465 sapiens
714 1395 890 1465 negotiator,
908 1395 937 1449 id

94 1485 137 1535 esl
150 1486 277 1536 sanctus
287 1483 397 1537 chorus
411 1484 739 1554 apostolorumquteril
751 1484 846 1537 bonas
857 1499 937 1537 mar-

94 1570 219 1639 garitas,
232 1570 289 1624 hoc
307 1575 354 1624 est
368 1571 417 1625 lex
431 1575 459 1625 et
474 1573 625 1642 propheta,
644 1574 709 1627 sive
725 1572 821 1626 omme
837 1573 934 1626 anima

94 1658 934 1732 credensqumritDeum.Qua÷ritetiamvirjustusbonas

990 594 1129 649 sihilihus
1146 595 1273 666 llagellis
1283 595 1486 663 verberantur,
1497 610 1654 665 quousque
1668 592 1828 666 ejiciantur

989 688 1018 738 el
1028 682 1197 755 effugentur
1210 684 1246 736 ab
1258 683 1439 753 hominibus,
1450 683 1527 737 sieut
1538 683 1596 753 ipsi
1606 682 1759 738 demones
1775 699 1827 740 au·

990 773 1139 827 dientihus
1150 772 1237 827 nohis
1247 772 1412 826 exclamant
1420 771 1630 841 vociterantes,
1641 775 1670 827 et
1681 774 1826 845 rogantes

989 877 1042 917 eos
1056 864 1088 916 ut
1103 866 1223 917 cessent
1238 866 1375 931 torquere
1387 876 1449 929 coe,
1467 864 1526 914 lam
1540 860 1616 914 varii
1633 862 1662 914 et
1676 859 1825 917 multifor-

988 967 1062 1006 mes.
1074 951 1131 1005 Alii
1146 952 1225 1004 enim
1240 950 1411 1017 clamantes,
1426 950 1476 1002 alii
1492 949 1656 1020 rugienteS,
1667 950 1745 1005 sicut
1760 965 1826 1006 ser·

987 1043 1091 1111 pentes
1114 1040 1270 1094 sibilantes
1295 1038 1436 1110 lugentur
1456 1037 1491 1090 ab
1513 1038 1650 1093 obsessis
1671 1036 1825 1094 hominum

988 1129 1163 1199 corporibus
1178 1146 1232 1199 per
1245 1129 1447 1199 apostolorum
1469 1127 1679 1197 hominumque
1702 1130 1824 1182 saneto-

987 1236 1053 1273 rum
1066 1220 1279 1288 virtutesque
1295 1218 1355 1272 illis
1372 1216 1536 1271 secundnm
1550 1217 1654 1270 merita
1669 1232 1724 1270 sua
1739 1216 1827 1272 alle·

987 1309 1066 1362 mino
1081 1308 1155 1362 datae
1171 1310 1249 1360 eunt.
1268 1306 1417 1359 llonorcm
1428 1320 1499 1358 vero
1514 1303 1597 1357 illum
1612 1304 1826 1360 transcenden-

987 1400 1045 1450 tem
1061 1400 1089 1450 et
1104 1397 1334 1466 superimentem
1350 1393 1487 1446 omnibus
1502 1392 1630 1446 terrenis
1647 1392 1823 1462 honoribus,
1846 1416 1851 1432 ·

987 1486 1084 1539 sortiti
1099 1490 1169 1539 sunt
1183 1485 1220 1538 ab
1236 1485 1302 1554 ipso
1318 1484 1450 1553 pretioso
1465 1481 1572 1551 lapide,
1583 1496 1636 1550 pro
1652 1497 1711 1552 quo
1726 1481 1825 1537 omnin

989 1590 1043 1628 sua
1056 1574 1132 1628 bona
1149 1573 1334 1634 dimiserunt,
1347 1571 1470 1626 utillum
1483 1571 1635 1625 eoelestem
1650 1569 1826 1626 thesaurum

987 1663 1190 1733 possiderent,
1208 1663 1257 1732 qui
1282 1661 1382 1715 dieunt
1396 1660 1433 1714 ad
1452 1659 1635 1715 Salvatorem
1651 1675 1657 1714 :
1675 1659 1756 1714 Ecce
1771 1675 1826 1737 nos

95 1748 283 1817 margaritus,
301 1748 357 1803 hcc
378 1753 423 1803 est
440 1749 590 1819 apostolos
607 1753 635 1803 et
651 1751 810 1823 prophetas
832 1754 861 1804 et
880 1766 933 1820 pa·
989 1752 1104 1824 quidem
1116 1751 1283 1804 ‹limisinms
1299 1766 1407 1805 errores
1423 1754 1452 1803 et
1463 1746 1541 1802 filins
1556 1753 1585 1803 et
1596 1764 1697 1803 onmes
1704 1763 1825 1821 posses·

94 1834 252 1900 triarchas,
264 1853 316 1906 per
330 1854 406 1908 qlms
420 1839 516 1907 possit
529 1839 565 1891 ad
578 1838 767 1893 illamveram
780 1842 808 1894 et
820 1840 931 1909 prelio·
989 1842 1089 1896 siones
1102 1847 1226 1912 propter
1241 1846 1278 1899 te,
1297 1839 1367 1911 qnid
1380 1837 1476 1891 ineies
1491 1837 1577 1892 nohis
1596 1838 1627 1890 in
1646 1852 1740 1909 reque
1757 1837 1825 1894 tao?

94 1940 157 1977 sam
174 1926 332 1993 pervenire
346 1927 543 1998 nini-garitam.
556 1928 605 1981 lsli
620 1932 689 1981 sunt
701 1928 814 1997 lapides
824 1929 929 1997 sancti,
988 1931 1109 2000 (iltettlr.
1124 1932 1198 1993 xix,l
1218 1928 1254 1983 Et
1274 1929 1322 1982 ille
1341 1927 1411 1981 dicit
1430 1927 1489 1981 illis
1507 1942 1512 1979 ι
1529 1926 1634 1991 Amen,
1652 1942 1737 1981 amen
1756 1926 1825 1982 dieo

93 2013 538 2083 quivolvuntursuperterram.
549 2016 621 2070 Cum
635 2032 931 2087 ergoeommemora-
990 2019 1082 2084 robis
1103 2035 1166 2072 eum
1182 2017 1297 2072 sederit
1318 2015 1414 2068 Filius
1429 2014 1558 2069 hominis
1576 2015 1607 2067 in
1624 2015 1696 2069 sede
1710 2014 1823 2088 majes-

93 2105 139 2154 tas
151 2100 202 2155 ille
219 2101 315 2157 bonus
327 2104 495 2175 negotiator
505 2105 616 2159 invenit
632 2105 712 2159 illam
728 2105 889 2174 pretiosam
904 2109 932 2160 et
986 2108 1058 2161 tatis
1069 2124 1129 2161 snce
1139 2107 1177 2161 nd
1187 2104 1381 2177 perdicendum
1397 2103 1499 2157 orbem
1516 2108 1616 2167 terne,
1628 2101 1777 2158 sedebitis
1792 2108 1824 2158 et

91 2189 669 2261 honamiunrgarilam,idestllominmn
682 2195 930 2249 nostrumlesum
987 2212 1038 2250 ros
1059 2211 1148 2266 snper
1169 2195 1259 2249 sedes
1284 2192 1452 2255 duodecim,
1469 2191 1644 2262 judicantes
1668 2190 1821 2247 dtredecim

89 2277 243 2332 Christum
262 2279 366 2334 Filium
383 2283 435 2335 Dei
448 2283 519 2351 viri,
531 2285 600 2337 emit
616 2299 680 2337 enm
690 2282 817 2337 venditis
832 2284 929 2337 omni·
984 2285 1082 2340 trihus
1098 2282 1314 2351 isreel(lhitl.l.
1328 2281 1411 2335 Unde
1427 2280 1500 2333 salis
1517 2279 1700 2334 confidenter
1710 2279 1822 2335 Paulus

89 2365 144 2419 hus
156 2366 347 2424 facultalibus
359 2372 433 2439 suis,
443 2373 471 2425 id
482 2378 527 2425 est
539 2376 732 2427 contemnens
742 2376 770 2425 el
781 2387 928 2440 spernens

88 2471 146 2508 nnn
163 2456 262 2510 solum
278 2457 365 2512 istius
380 2460 447 2517 vitre
465 2461 671 2525 substantiam,
685 2461 837 2514 sedetiam
853 2477 926 2514 uxo·

89 2559 151 2598 iem
161 2544 290 2611 ethites,
299 2551 326 2600 et
337 2564 452 2602 omnem
462 2551 667 2620 cognationem
678 2552 836 2619 errrnelem,
844 2550 926 2603 insu-

87 2648 139 2701 per
152 2636 182 2687 et
194 2650 305 2704 cerpus
317 2652 404 2691 suum
421 2643 448 2692 et
463 2640 685 2705 emmanuelem
698 2640 814 2694 Veritas
829 2639 900 2692 dicit
917 2654 922 2691 :

88 2720 258 2794 Quicunque
269 2725 442 2795 perdiderit
454 2728 580 2781 eitimam
591 2746 673 2783 snam
686 2736 812 2800 proptor
821 2744 868 2782 me
882 2728 926 2780 in-

90 2811 188 2863 veniet
205 2813 407 2880 c·nirrs.llnttl1.
425 2826 465 2881 x).
484 2816 554 2870 llere
570 2819 667 2871 onmia
683 2818 788 2872 ridens
804 2820 925 2887 aposto-

86 2896 183 2952 lorum
201 2899 313 2954 chorus
328 2920 387 2957 non
402 2921 505 2958 aurum
517 2907 632 2976 accipit,
646 2923 742 2978 neque
758 2910 923 2977 argeutum,

85 2987 162 3041 sicul
174 2986 280 3043 heolus
293 2989 398 3046 Petrus
410 2993 447 3047 ad
459 2993 540 3048 illum
551 2996 688 3049 claudum
704 2996 810 3066 stipem
821 3000 923 3065 peten-

981 2374 1134 2444 aposlclus
1146 2372 1231 2426 dicit:
1245 2370 1382 2425 Nescitis
1395 2369 1529 2441 qnoniam
1540 2367 1819 2439 anqelosjadicahi·

980 2463 1064 2516 runs?
1075 2467 1103 2516 et
1120 2478 1135 2514 a
1148 2460 1234 2515 nohis
1242 2458 1431 2530 judicabitur
1446 2457 1494 2510 hie
1510 2457 1636 2512 nmndus
1646 2456 1672 2525 (1
1687 2456 1753 2512 Cor.
1766 2458 1819 2527 vr).

979 2552 1070 2606 Tanta
1087 2550 1164 2604 enim
1186 2549 1291 2620 gloria,
1309 2550 1388 2602 tanto
1411 2547 1525 2601 honore
1542 2548 1749 2601 remuneratus
1773 2544 1824 2602 est

979 2640 1180 2710 apostolorum
1197 2638 1317 2705 cherua,
1335 2640 1364 2690 ul
1377 2638 1406 2689 in
1421 2636 1477 2690 hoc
1494 2635 1607 2690 saeculo
1623 2634 1721 2690 adhue
1734 2634 1820 2705 posi-

979 2732 1027 2783 tus
1037 2729 1188 2800 legitimus
1201 2727 1249 2781 ille
1265 2726 1392 2781 athelele
1404 2723 1514 2779 Christi
1527 2724 1637 2779 Paulus
1648 2723 1819 2795 praeviderit

979 2819 1009 2871 in
1024 2818 1108 2872 coelis
1120 2817 1246 2887 justitiec
1260 2833 1323 2871 suae
1343 2831 1492 2883 eoronam,
1504 2815 1581 2868 sieut
1593 2813 1747 2868 exsultans
1760 2812 1817 2868 ait:

980 2907 1091 2961 Bonmn
1119 2913 1271 2961 certamen
1302 2905 1431 2970 certari,
1461 2918 1579 2956 cursum
1606 2901 1815 2969 consummari,

979 2996 1067 3051 iidem
1083 2996 1222 3055 serrari:
1235 2995 1272 3050 de
1287 3000 1396 3048 cetere
1410 2993 1542 3064 reposite
1559 2996 1605 3045 est
1620 2989 1695 3044 mihi
1709 3005 1817 3047 corona

84 3078 140 3128 tem
151 3091 158 3129 ε
169 3076 345 3147 ιιιῃυιιιιιιιι,
359 3080 462 3151 inquit,
474 3088 502 3136 et
514 3099 615 3136 etlinun
627 3100 681 3137 iren
694 3092 739 3137 est
754 3085 836 3145 mihi,
849 3085 924 3156 qnod
941 3085 1112 3168 cjnstititc,
1126 3101 1209 3156 qrram
1225 3083 1333 3138 reddet
1348 3080 1422 3134 mihi
1431 3080 1573 3134 Dominus
1582 3078 1613 3131 in
1629 3076 1681 3131 illa
1692 3076 1818 3150 diejus·

85 3164 294 3232 nutemlmlleo,
310 3168 367 3223 libi
374 3169 419 3223 do.
432 3169 465 3223 In
481 3172 724 3226 umuinellnmiui
739 3174 836 3227 nostri
851 3172 922 3229 desa
982 3180 1028 3227 tns
1036 3173 1141 3245 juder,
1151 3189 1207 3225 nen
1222 3171 1313 3227 solnm
1329 3170 1411 3233 mihi,
1422 3168 1478 3223 sed
1493 3174 1521 3220 et
1536 3166 1671 3221 onmihns
1683 3165 1734 3238 qui
1747 3163 1816 3220 ‹iili-

86 3252 202 3308 Christi
212 3254 367 3311 anmeui
379 3274 470 3330 surge
480 3265 510 3313 et
521 3260 723 3329 mrrlmlntrlet.
738 3278 788 3331 ιιι).
802 3262 836 3316 Et
847 3262 922 3316 Pau·

85 3341 140 3395 lus.
160 3340 278 3407 Ouinio,
296 3345 403 3416 inquil,
425 3364 600 3421 qnomnnqnc
624 3357 711 3404 erant
731 3352 805 3404 mihi
816 3345 920 3418 'liacrm

85 3430 145 3485 liner
156 3437 285 3503 propter
301 3434 452 3489 Christum
468 3437 636 3491 arbitratus
651 3455 714 3493 snm
730 3440 919 3508 detrimenta,

81 3524 206 3591 propter
222 3521 401 3577 eminentem
416 3525 572 3579 scientiam
598 3527 715 3580 Christi
727 3527 851 3600 (Philip.
868 3528 920 3600 ιιι).

83 3604 137 3670 Qui
153 3624 228 3680 ergo
239 3610 414 3666 confitenter
423 3617 634 3683 contempserit
649 3630 751 3670 omnes
767 3615 921 3671 facultates

84 3712 166 3763 suas,
183 3714 367 3769 uxoremque
390 3704 417 3754 et
439 3702 516 3757 filios
538 3707 566 3757 ct
581 3720 697 3757 omnem
713 3705 920 3775 cognationem

82 3798 178 3851 suam,
188 3786 314 3856 insuper
322 3804 431 3858 corpus
442 3794 469 3844 et
479 3793 607 3845 unimam
619 3796 738 3862 propter
747 3794 834 3847 unius
844 3810 920 3847 mnr-

84 3874 186 3941 garitae
200 3876 443 3946 requisitionem
454 3880 481 3933 si
496 3881 663 3935 certissime
677 3882 809 3936 conlisus
820 3881 918 3951 inerit,

83 3965 109 4013 el
133 3963 295 4018 crediderit
316 3982 408 4034 posse
434 3984 520 4021 uuam
544 3970 732 4040 margaritam
754 3971 917 4041 acquirere,

83 4047 169 4121 longe
181 4051 313 4122 ruejnres
323 4058 349 4108 et
360 4057 499 4110 meliores
508 4058 676 4111 diviliarum
684 4057 838 4113 serenitates
848 4076 921 4129 prac-

82 4138 342 4213 cellentioremque
357 4143 510 4211 honorem,
529 4146 652 4215 insuper
666 4150 694 4200 et
709 4146 813 4217 gloriae
831 4164 918 4202 eoro-

82 4241 146 4281 nam
162 4228 294 4299 hehebit,
311 4248 378 4304 quae
400 4234 495 4287 clunia
519 4234 566 4289 ille
591 4235 758 4306 negotiator
771 4237 915 4306 possidet,

81 4318 128 4386 qui
145 4322 191 4370 est
205 4321 410 4388 apostolorum
425 4322 551 4387 chorae,
570 4340 623 4392 per
641 4341 731 4378 unum
744 4325 826 4380 illum
841 4325 917 4397 lapi—

81 4403 145 4459 dem
155 4408 321 4475 prelicsum
332 4410 486 4465 [lentinum
498 4415 631 4466 nostrum
641 4413 744 4468 lesum
753 4414 914 4481 Christum,
932 4426 957 4485 D

82 4494 129 4562 qui
145 4500 277 4549 estsere
299 4501 468 4569 margarita,
490 4502 547 4568 ria,
561 4501 671 4555 veritas
690 4507 718 4556 et
738 4504 798 4557 vita
812 4508 914 4558 nostra

83 4581 177 4635 idean.
189 4596 261 4654 xiv).
273 4586 404 4658 Denique
414 4590 480 4642 nudi
497 4590 593 4659 ipsnm
602 4592 631 4644 in
644 4591 805 4664 Evangelio
817 4592 917 4646 dieen-

85 4674 138 4723 lem
150 4687 156 4724 :
170 4672 250 4726 llere
260 4674 331 4729 dedi
346 4676 428 4730 rolris
435 4682 612 4749 potestatem
623 4680 780 4749 spirituum
796 4681 920 4735 immun·

84 4757 195 4819 dnrnm.
209 4769 238 4815 et
254 4763 390 4818 calcandi
404 4781 494 4836 snper
505 4783 606 4820 elimes
616 4774 774 4838 serpentes
790 4776 818 4822 et
837 4786 920 4824 seor-

83 4849 186 4917 piones
195 4857 224 4904 et
233 4868 323 4922 snpra
332 4869 444 4907 emnem
453 4860 630 4927 petestntem
640 4856 824 4924 dinhelicnm,
835 4866 864 4912 et
875 4876 922 4912 se-

87 4937 176 4991 nandi
189 4955 291 4993 munes
304 4940 465 5012 languores
481 4950 510 4995 rt
525 4942 819 5014 intirmilatemthne.
832 4947 873 5017 x).
887 4948 922 5002 El

86 5024 189 5081 iterum
202 5048 210 5080 :
221 5028 339 5083 Iiuntes
352 5031 515 5099 praedicate
527 5033 661 5103 qnoniem
677 5035 922 5108 appropinquarit

86 5129 208 5185 repetam
215 5116 504 5183 eaelmmu,iuimmos
511 5129 623 5188 cauete,
633 5121 919 5194 lepresosmundete,

87 5218 179 5257 reeens
188 5204 363 5272 illumirmtc,
373 5214 447 5262 mort
452 5225 503 5262 nes
509 5211 661 5275 suscitate,
671 5211 814 5267 deerneuia
821 5212 923 5284 ejicite

87 5291 204 5355 tltntth.
221 5294 375 5363 x).l'i‹lete
387 5314 464 5351 num·
479 5314 566 5369 quam
577 5300 796 5355 inaestimabilis
811 5302 923 5357 sitista

87 5383 244 5453 margarite
263 5386 376 5440 sanctis
392 5387 582 5456 martyr-ibae,
602 5389 651 5459 qui
669 5405 728 5444 non
743 5390 840 5444 solum
856 5406 923 5445 cum

88 5467 115 5523 in
125 5470 181 5525 hac
190 5472 249 5526 rita
260 5478 372 5543 essent,
385 5476 439 5530 sed
454 5477 541 5531 etiam
551 5480 618 5546 post
629 5476 721 5550 hujus
731 5479 800 5534 vitae
815 5495 923 5535 exces-

90 5575 150 5613 sum
166 5562 241 5615 inira
256 5569 392 5634 egerunt,
402 5566 481 5620 siem
492 5583 570 5621 nuuc
587 5567 722 5622 videmus
733 5569 881 5638 quomode
894 5570 922 5622 in

89 5646 224 5706 obsessis
236 5653 413 5723 corporibus
424 5655 550 5725 spiritus
565 5648 709 5711 immundi
726 5656 845 5713 illorum
860 5657 922 5712 vir-

977 3268 1050 3335 qum
1070 3261 1261 3333 presentiam
1291 3260 1379 3330 requi
1403 3257 1468 3329 ejus
1490 3254 1533 3325 (ll
1550 3254 1621 3309 Tim.
1644 3264 1694 3324 iv).
1714 3252 1816 3310 Talem

978 3367 1117 3405 coronam
1134 3353 1263 3405 meretur
1277 3366 1292 3401 a
1308 3347 1426 3402 Christo
1447 3347 1592 3399 honorum
1611 3344 1816 3414 apostolorum

977 3440 1103 3510 ehoruS,
1119 3438 1258 3510 talenqne
1278 3436 1499 3492 retributionem
1523 3432 1649 3503 apostoli
1671 3432 1816 3504 recipient

975 3545 1028 3598 pro
1046 3528 1298 3598 corruptibilibus

974 3616 1043 3671 Cnr.
1061 3617 1200 3670 XXXVI.
1222 3616 1265 3670 De
1286 3613 1521 3686 aspidochelcne,
1543 3610 1641 3666 helina
1665 3609 1809 3683 aquett‘ee,

1010 3688 1139 3742 habente
1157 3692 1272 3757 partem
1287 3685 1392 3755 figure
1407 3683 1533 3754 esprdiS,
1550 3688 1667 3753 partem
1684 3681 1813 3737 testudi-

1010 3760 1072 3819 nis,¹
1089 3758 1206 3812 clrelnui
1220 3757 1343 3811 chelnne
1358 3757 1436 3810 enim
1448 3760 1494 3808 est
1506 3754 1623 3808 testudo
1637 3752 1736 3808 bellua
1750 3768 1812 3807 nra·

952 3845 961 3857 ·
1008 3831 1092 3892 rina,·
1108 3830 1190 3899 eians
1210 3829 1297 3883 etiem
1314 3828 1345 3881 in
1366 3825 1503 3898 sequenti
1518 3840 1607 3895 opere
1623 3823 1733 3879 mentio
1745 3821 1810 3879 het.

1010 3900 1062 3955 Est
1079 3901 1176 3955 bellun
1200 3900 1228 3952 ln
1247 3899 1334 3965 marl,
1353 3915 1419 3969 quce
1436 3896 1542 3950 dieitur
1562 3895 1664 3950 Graece
1680 3892 1811 3965 Aspido-

973 3989 1097 4043 chelone
1109 3986 1333 4061 [dmitogellovqh
1346 3987 1447 4041 Lnline
1463 3988 1560 4039 aulem
1575 3983 1810 4054 aspidotestudo.

972 4075 1062 4131 Cetus
1071 4082 1222 4132 autemest
1234 4093 1369 4147 magnuS,
1377 4076 1491 4130 babens
1499 4090 1590 4143 super
1599 4074 1713 4128 corium
1722 4088 1811 4129 suum

970 4170 1110 4238 tanquam
1127 4166 1223 4220 sabuli
1247 4181 1301 4219 seu
1318 4181 1415 4218 arenae
1437 4180 1589 4235 aggerem,
1612 4162 1698 4234 juxta
1717 4162 1809 4218 marie

971 4254 1053 4310 littus
1079 4257 1248 4326 frequenter
1270 4254 1416 4307 victitans.
1443 4253 1514 4307 Herc
1544 4252 1574 4306 in
1600 4252 1696 4307 medio
1718 4251 1810 4320 maris

973 4344 1068 4399 elevat
1078 4345 1199 4400 dorsum
1213 4359 1301 4398 suum
1313 4358 1404 4413 super
1414 4341 1508 4395 undas
1524 4340 1613 4395 maris
1630 4356 1761 4415 sursum,
1771 4340 1810 4396 ita

974 4433 1221 4517 qtnavignntihus
1231 4432 1328 4487 nautis
1337 4447 1395 4485 nen
1407 4430 1485 4485 aliud
1496 4430 1632 4484 credatur
1641 4444 1710 4484 esse
1720 4444 1809 4503 quam

973 4520 1080 4591 insula,
1102 4522 1249 4591 praecipue
1266 4537 1332 4574 cum
1347 4520 1474 4595 viderint
1499 4523 1588 4573 lotum
1610 4518 1691 4573 illum
1710 4516 1809 4573 locum

973 4610 1050 4664 sieut
1064 4609 1094 4663 in
1111 4610 1249 4663 omnihus
1265 4608 1412 4662 littoribus
1432 4609 1521 4661 uraris
1542 4606 1647 4660 sabulo
1668 4605 1809 4671 esseob·

973 4698 1243 4753 leoluml’utantes
1254 4702 1350 4751 nutem
1362 4697 1489 4750 insulem
1503 4694 1740 4766 esse,applicqnt
1754 4711 1809 4752 na·

973 4801 1039 4840 vem
1056 4802 1141 4840 suam
1153 4787 1237 4857 juxta
1253 4801 1327 4852 eam,
1348 4788 1376 4838 el
1391 4785 1617 4853 descendentes
1634 4784 1729 4857 tlgunt
1748 4782 1810 4841 illie

973 4875 1067 4944 palos,
1091 4879 1120 4929 ct
1142 4876 1252 4945 eligant
1277 4890 1390 4941 narem,
1418 4873 1574 4927 deludent
1601 4876 1732 4945 coquant
1751 4873 1811 4930 sibi

974 4964 1058 5018 cibos
1070 4967 1136 5033 post
1151 4964 1291 5031 laborem,
1303 4963 1413 5017 iaciunt
1424 4963 1464 5017 ibi
1480 4963 1564 5017 locros
1575 4968 1603 5017 et
1617 4956 1704 5035 ignes
1719 4979 1812 5035 super

974 5068 1103 5120 arenam,
1122 5053 1208 5123 quasi
1229 5056 1451 5121 superterram.
1471 5053 1521 5106 llle
1535 5070 1618 5121 vero,
1635 5059 1665 5108 ul
1680 5052 1812 5109 senserit

973 5142 1110 5196 ardorem
1122 5142 1212 5213 igme,
1226 5142 1325 5196 subito
1335 5144 1441 5214 mergit
1450 5160 1483 5197 se
1498 5144 1528 5196 in
1538 5159 1654 5214 aquam,
1667 5146 1813 5199 etnarem

974 5247 1077 5286 seeum
1099 5231 1187 5284 trahil
1209 5231 1238 5284 in
1265 5231 1443 5301 protundum
1465 5234 1566 5286 marie.
1593 5233 1641 5288 Sic
1664 5232 1813 5303 patientur

975 5336 1078 5375 omnes
1102 5321 1152 5391 qui
1175 5321 1318 5375 inereduli
1334 5324 1417 5387 sunl,
1434 5324 1463 5376 et
1484 5322 1654 5394 quicunque
1673 5323 1813 5395 ignorant

975 5409 1099 5463 astutias
1115 5409 1239 5479 diaboli,
1257 5411 1306 5481 qui
1325 5427 1409 5480 spem
1426 5427 1511 5464 suam
1525 5417 1672 5481 ponentes
1687 5413 1718 5468 in
1732 5425 1811 5477 eum,

975 5501 1003 5552 et
1017 5498 1158 5568 operibus
1178 5499 1246 5569 ejus
1269 5515 1302 5554 se
1324 5499 1506 5569 obligantes,
1523 5501 1612 5555 simul
1638 5501 1814 5572 merguntur

976 5603 1042 5641 cum
1057 5587 1107 5641 illo
1116 5589 1146 5641 iu
1156 5588 1322 5660 gehennam
1334 5589 1412 5660 ignis
1422 5589 1565 5644 ardentis.
1577 5591 1635 5644 leta
1647 5592 1693 5643 est
1702 5587 1813 5645 astulia

975 5673 1052 5748 ejus.
1064 5675 1202 5733 Secunda
1212 5676 1306 5753 huius
1315 5677 1420 5735 bellun
1427 5680 1540 5735 natura
1549 5674 1841 5745 estbeeths
