3796 6022
71 280 132 346 ³17
691 277 749 344 DE
768 275 914 344 VERBO
932 273 1183 342 tumnusro
1740 272 1801 345 ³18

71 486 99 540 et
113 481 245 538 ostendit
253 481 403 555 languidis
413 479 537 537 vulnere
548 496 613 550 sua,
624 479 724 536 statim
735 482 853 552 ruptum
863 481 910 535 est
923 459 954 526 Α
966 479 1045 534 sicut
1057 479 1117 535 vite
1139 479 1315 537 immertalis
1333 495 1465 538 sursum
1482 480 1540 537 lter
1555 494 1676 538 sursum
1699 483 1747 538 est
1767 482 1798 541 ln

71 571 234 642 silentium,
246 574 275 628 et
290 574 442 643 coeperunt
457 586 526 627 mox
542 569 615 643 aegri
626 570 752 625 salutem
762 583 907 642 quaerore3
967 568 1062 638 coelis,
1079 569 1135 625 iter
1144 569 1285 627 deorsum
1297 573 1346 625 est
1358 569 1390 625 in
1405 569 1520 628 inlatis.
1538 571 1597 626 lter
1608 571 1737 628 medium
1752 575 1799 628 est

71 660 124 716 sed
139 661 212 732 quia
226 676 280 732 per
294 676 384 731 opera
395 659 483 732 legis,
495 659 545 714 ubi
563 659 646 714 selus
662 674 722 714 nen
736 661 792 727 est,
810 656 910 713 sanari
966 657 1094 713 stadium
1112 659 1181 714 vitae
1198 661 1367 731 praesentis,
1386 660 1465 733 qued
1483 660 1635 716 namne
1651 662 1797 718 intutum

70 749 222 818 velebant,
238 749 316 822 qued
336 749 511 820 querebant
524 765 583 805 non
598 749 755 819 potuerunt
774 745 909 803 invenire
965 747 1797 824 vivendepercurrmus,meriendeeximusQuaudoergo

71 834 908 913 ’t'anaemtgituroonsieeranshorrropertegemneminem
966 852 1025 892 nex
1040 838 1070 892 in
1094 854 1150 893 suo
1175 855 1266 894 cursu
1280 840 1409 895 medium
1424 841 1480 895 iter
1493 839 1595 894 habuit
1609 841 1668 895 nisi
1678 840 1797 912 quande

67 927 228 998 justificari
252 944 354 1000 posse,
380 929 466 999 quasi
490 931 560 1000 post
580 928 736 985 diuturnos
761 928 907 983 clamores
966 943 1046 981 mors
1055 928 1348 1001 universoe‚quesin
1358 928 1453 983 stadie
1464 929 1532 984 vito
1542 929 1701 999 praesentis
1711 944 1797 1000 repe·

69 1016 213 1089 fatigatus
223 1016 320 1090 etjam
330 1018 495 1088 desperans
507 1033 626 1073 rursum
638 1018 719 1089 loqui
728 1002 905 1088 cessavitet,
964 1016 1011 1085 rit,
1028 1032 1131 1073 secum
1145 1017 1182 1071 ad
1197 1017 1310 1072 interos
1326 1018 1423 1087 traxit,
1440 1021 1469 1072 et
1482 1033 1568 1072 nemo
1579 1017 1675 1072 adhuc
1690 1021 1799 1073 morta·

69 1104 267 1162 subsecutum
286 1110 332 1163 ast
356 1108 522 1163 secundum
544 1107 704 1163 silentium.
730 1107 813 1162 Tune
833 1121 906 1178 ergo
963 1104 1034 1160 lium
1050 1105 1192 1160 advitam
1213 1106 1407 1161 immortalem
1423 1106 1586 1161 ascendere
1600 1106 1715 1176 petult‘?
1739 1106 1793 1162 Vel

68 1195 259 1266 omnipotens
275 1196 405 1253 Verbum
421 1196 474 1253 Dei
490 1197 586 1253 Petris
602 1196 632 1252 in
647 1211 767 1251 carnem
782 1196 906 1251 ueniens
962 1209 1017 1264 per
1030 1198 1147 1250 nectem
1157 1195 1293 1266 accipere
1309 1199 1635 1266 pessumuspeccatum
1650 1211 1657 1251 :
1673 1211 1740 1268 quae
1755 1195 1797 1250 vi·

68 1283 146 1355 rupit
162 1284 324 1356 silentium,
342 1286 471 1342 locutum
485 1289 532 1342 est
545 1302 659 1358 pacem,
674 1285 755 1340 dedit
768 1285 904 1358 gratiam,
962 1283 1069 1340 delicat
1083 1301 1143 1340 nex
1158 1284 1194 1339 ab
1204 1284 1341 1356 originali
1349 1287 1470 1354 peccato
1482 1285 1580 1354 coepit,
1593 1287 1623 1339 et
1630 1300 1684 1355 per
1694 1288 1795 1340 actua-

67 1374 226 1444 proposuit
235 1374 480 1445 misericordiam,
492 1375 766 1447 promisitueniam3
776 1378 804 1430 et
813 1389 907 1444 coepe·
961 1373 1000 1427 lia
1016 1375 1156 1430 cucurrit.
1168 1372 1290 1438 Quando
1305 1389 1377 1446 ergo
1388 1377 1456 1445 poet
1471 1373 1647 1446 originalem
1656 1374 1796 1444 praereri·

67 1465 136 1517 runt
162 1463 237 1535 egri
251 1479 372 1520 currere
396 1465 433 1519 ed
450 1464 606 1535 medicum,
629 1467 659 1520 et
681 1464 768 1535 qnasi
787 1463 905 1535 magnis
962 1463 1107 1518 cntionem
1118 1465 1245 1535 primunr
1253 1463 1498 1534 prevaricatione
1508 1463 1652 1518 naturalis
1660 1462 1747 1535 legis,
1759 1479 1794 1519 ac

67 1551 251 1607 clamoribus
267 1552 312 1609 sic
327 1553 466 1624 puratlde
481 1554 581 1609 cordis
592 1556 621 1609 et
634 1569 704 1608 vera
714 1552 905 1608 confessione
961 1551 1077 1621 deinde,
1104 1553 1225 1624 scriptas
1244 1552 1322 1625 legis
1337 1551 1581 1623 praevaricatione
1604 1552 1793 1622 succedente,

67 1640 131 1695 eris
146 1640 281 1714 negitare
291 1643 464 1699 remedium.
475 1642 646 1714 Hecitaque
657 1641 835 1713 inpraesenti
846 1641 905 1696 vite
961 1645 1116 1711 peccatum
1129 1643 1165 1696 ad
1180 1657 1329 1697 summum
1344 1642 1558 1698 incrementum
1568 1642 1698 1711 venerat,
1707 1642 1795 1713 quasi

67 1728 124 1784 heo
137 1729 246 1801 agitur,
262 1733 294 1786 ut
308 1731 396 1787 bomo
411 1732 602 1804 pergratiam
618 1732 671 1787 Dei
686 1732 841 1786 sanitatem
856 1746 906 1785 re·
920 1772 947 1843 B
961 1745 1022 1785 nox
1043 1733 1073 1786 in
1087 1748 1142 1787 sue
1164 1748 1255 1787 cursu
1275 1732 1405 1788 medium
1420 1733 1477 1786 iter
1500 1729 1641 1799 habebat3
1659 1730 1713 1786 sed
1737 1731 1795 1785 ista

67 1818 169 1888 cipiet.
184 1817 244 1874 Sed
258 1835 326 1876 cum
340 1820 456 1892 plenem
472 1821 627 1876 sanitatem
645 1820 802 1891 receperit,
825 1819 905 1875 etad
961 1822 1176 1890 nox,veraluce
1184 1825 1353 1892 apparente,
1366 1836 1436 1875 mex
1445 1821 1586 1875 deorsum
1593 1834 1719 1892 vergere
1735 1835 1796 1875 cm·

67 1907 149 1963 illam
170 1907 339 1964 felicitatem
353 1912 487 1965 venturas
501 1909 728 1965 immortalitatis
744 1909 905 1982 perductus
960 1911 1018 1980 pit;
1034 1913 1062 1964 et
1072 1926 1151 1964 nune
1166 1910 1253 1982 quasi
1268 1910 1394 1982 quadem
1409 1910 1520 1964 alterne
1537 1909 1715 1963 mutuatione
1726 1923 1794 1978 pau·

67 1995 168 2065 fuerit,
185 2013 245 2052 nen
258 1998 316 2053 erit
328 1999 455 2071 amplius
471 1999 551 2071 quod
562 2002 660 2070 petat3
677 2003 706 2055 et
715 2003 785 2055 tunc
797 2014 905 2071 seque·
959 1998 1039 2053 latim
1061 1999 1242 2055 decrescens
1256 1999 1376 2072 elongat
1389 2013 1545 2070 quousque
1564 1998 1617 2053 lux
1628 1997 1791 2052 crescendo

66 2088 114 2141 tur
124 2086 246 2141 tertium
266 2087 338 2144 illud
356 2088 476 2143 beatum
490 2088 639 2144 silentium
655 2088 733 2160 qued
754 2103 905 2160 nunquam
957 2087 1125 2158 adplenum
1140 2088 1217 2143 diem
1227 2084 1791 2159 parveniat.Videergeerdinatisimum

67 2174 157 2230 linem
178 2175 308 2232 babebit.
326 2177 404 2234 luter
422 2177 549 2248 primum
568 2181 597 2233 et
611 2177 739 2232 medium
754 2177 904 2231 silentium
958 2175 1066 2231 divinae
1081 2176 1314 2247 dispensationis
1330 2173 1629 2239 consiliqunande
1640 2174 1737 2228 omnis
1749 2188 1793 2229 re·

65 2262 161 2318 multe
183 2265 275 2321 verba
299 2270 472 2335 senuerunt,
488 2266 707 2322 intermedium
723 2268 752 2321 et
769 2266 903 2320 ultimum
959 2265 1134 2336 cuperandoe
1156 2266 1262 2321 salutis
1285 2280 1357 2336 spes
1379 2265 1515 2335 perierat,
1542 2264 1571 2318 et
1589 2278 1671 2318 mors
1692 2262 1789 2318 emnia

67 2351 317 2410 silentiumsonat
332 2355 564 2412 unumrerbum.
577 2355 666 2410 Multa
680 2355 771 2410 verba
786 2354 905 2410 luerrrnt
958 2370 1060 2410 secum
1080 2355 1221 2410 deorsum
1244 2355 1389 2426 rapiebat,
1411 2357 1564 2424 peccatum
1583 2352 1621 2407 ad
1642 2366 1790 2407 summum

65 2441 242 2513 multiplicia
256 2443 333 2516 tegis
344 2445 489 2514 mandata,
500 2461 568 2517 quar
575 2461 629 2516 per
639 2444 762 2515 Moysen
773 2443 901 2499 detaest.
958 2447 1090 2515 venerat,
1105 2449 1175 2499 tunc
1190 2445 1376 2515 omnipotens
1386 2456 1486 2498 sermo
1496 2441 1658 2497 liberandis
1669 2440 1793 2496 mittitur

66 2529 168 2586 Unum
190 2531 314 2587 verbum
328 2536 375 2589 est
389 2549 449 2589 una
463 2533 516 2589 Dei
531 2534 634 2606 gretie,
650 2549 718 2605 quae
733 2548 785 2604 per
800 2532 903 2587 lesum
959 2534 1140 2605 etamplius
1169 2533 1277 2588 divinae
1301 2533 1405 2604 gratiae
1428 2547 1536 2586 munus
1559 2528 1790 2586 commendetur.

65 2619 220 2676 Christum
232 2620 309 2679 lecta
323 2625 379 2692 est,
396 2623 443 2678 vel
458 2623 557 2695 petius
572 2622 740 2694 ipsclesus
752 2620 900 2678 Christus.
965 2622 1059 2688 Venit,
1070 2623 1174 2694 inquit.
1184 2622 1282 2688 Quis?
1297 2621 1404 2676 Unde?
1418 2620 1616 2687 QuotSermo
1625 2619 1789 2692 altissimi,

65 2708 325 2781 Moysesiamulus
335 2712 387 2768 Dei
397 2712 735 2768 multarerbaetmultes
746 2725 901 2765 sermones
958 2713 1090 2768 Verbum
1114 2712 1176 2781 Dei,
1200 2713 1307 2767 unicus
1328 2711 1433 2779 Patris,
1452 2725 1515 2778 rex,
1541 2710 1620 2764 lilius
1641 2709 1734 2781 regis,
1753 2709 1791 2765 de

65 2797 200 2867 protulit.
217 2799 297 2856 Deus
312 2801 399 2856 Pater
413 2816 505 2857 unum
519 2801 654 2871 verbum,
670 2815 819 2871 unumque
834 2816 902 2854 ser·
958 2817 1110 2858 consensu
1120 2801 1460 2871 Patris‚adtolerentiam
1471 2799 1633 2871 passionis.
1645 2798 1790 2870 Deaeque·

65 2902 185 2943 monem
207 2889 297 2945 misia
318 2890 376 2945 Sed
395 2905 552 2946 sennense
574 2888 669 2962 Moysi
685 2889 901 2960 omnipotentes
957 2891 1036 2946 litate
1056 2890 1221 2963 maiestatis
1236 2891 1272 2945 ad
1292 2890 1454 2961 patibulum
1469 2888 1578 2958 erucis,
1600 2887 1636 2942 de
1651 2886 1724 2943 sede
1742 2902 1793 2943 re·

64 2991 125 3031 non
136 2976 266 3049 luerunt,
278 2979 348 3051 quia
363 2979 441 3052 qued
457 2979 594 3035 dicebant
610 2979 708 3034 fecere
725 2991 784 3034 oon
797 2982 901 3049 potue·
957 2981 1017 3053 geli
1032 2981 1068 3035 nd
1083 2980 1232 3036 cilicinam
1246 2979 1370 3051 peccati,
1387 2977 1423 3032 de
1439 2977 1548 3032 lumine
1564 2974 1630 3031 caeli
1645 2991 1741 3048 usque
1754 2976 1792 3032 ad

63 3068 156 3122 runt:
173 3070 205 3121 et
217 3067 285 3122 ideo
306 3069 424 3124 taudem
443 3069 621 3142 quandoque
645 3069 677 3123 in
698 3067 900 3139 promissione
917 3069 1225 3145 ctenebrasintemi.
1236 3069 1294 3124 Sed
1305 3064 1791 3138 nunquidideeregnumperdidit‘?

64 3153 237 3211 deliciando·
256 3156 412 3213 siluerunt.
438 3157 474 3212 Et
491 3162 561 3212 tunc
585 3156 771 3228 omnipotens
794 3155 898 3212 Serme
959 3159 1019 3214 lmo
1033 3175 1087 3215 ees
1102 3160 1153 3231 qui
1169 3158 1249 3213 servi
1266 3159 1349 3213 erent
1363 3155 1476 3227 peceati
1496 3155 1627 3210 liberans
1643 3160 1740 3225 usque
1754 3153 1791 3208 ad

63 3243 157 3312 venit,
173 3245 225 3316 qui
238 3261 298 3301 non
321 3247 419 3302 selum
433 3246 517 3316 dixit,
533 3247 588 3302 sed
603 3260 798 3319 quecumque
813 3245 897 3315 dixit,
957 3249 1198 3321 conregnandum
1214 3247 1273 3302 sibi
1293 3245 1473 3301 sublimavit.
1491 3243 1527 3298 at
1537 3243 1604 3298 ideo
1618 3238 1756 3299 fortassis
1773 3258 1789 3296 e

62 3331 123 3388 imo
134 3346 333 3408 quecumque
346 3337 440 3392 veluit
450 3336 530 3392 lecit.
547 3337 607 3392 late
615 3350 724 3406 sermo,
737 3334 817 3390 istud
824 3334 899 3389 Ver·
955 3337 1111 3411 reptilibus
1125 3337 1250 3393 sedibus
1267 3336 1356 3400 uenit,
1375 3335 1443 3407 quia
1457 3335 1489 3389 in
1505 3334 1588 3389 deme
1603 3331 1709 3386 Petris
1720 3330 1789 3403 ejus

62 3420 134 3477 hum
150 3422 248 3479 adbuc
262 3424 402 3497 loquitur,
418 3426 548 3497 quandiu
564 3427 594 3480 in
604 3424 743 3480 fidelibus
754 3423 818 3478 sule
829 3439 900 3495 pre-
954 3424 1500 3494 mensionesmultoesunmeenxrv),
1513 3421 1789 3495 etregnabuntcum

62 3511 211 3568 misiones
227 3528 300 3569 sues
315 3519 462 3586 operetur.
479 3514 538 3571 Sed
549 3530 617 3571 oum
631 3515 778 3586 promissa
794 3513 899 3584 imple·
954 3516 1005 3572 illo
1020 3517 1051 3572 in
1065 3519 1208 3572 aeternum
1217 3531 1284 3570 eum
1298 3513 1469 3585 acceperint
1477 3527 1603 3584 regnum
1613 3509 1692 3583 qood
1703 3524 1789 3582 para·

61 3600 139 3656 verit
150 3603 899 3676 coaequaritequioessahit.cumautompromisse
953 3607 1016 3660 tum
1032 3608 1078 3662 eet
1093 3605 1129 3660 ab
1145 3605 1227 3660 initio
1252 3603 1366 3660 seculi.
1383 3601 1498 3657 Unicus
1513 3601 1591 3657 enim
1610 3599 1693 3672 regis
1712 3601 1787 3669 erat,

60 3689 182 3750 impleta
206 3691 325 3762 luerim,
349 3694 418 3767 quia
442 3694 569 3765 amptius
589 3691 668 3765 quod
689 3695 805 3764 petatur
825 3691 898 3746 nibil
954 3695 1038 3749 solus
1059 3709 1185 3767 regnum
1201 3692 1320 3762 habuit,
1336 3692 1390 3747 sed
1405 3691 1474 3762 quia
1493 3689 1530 3745 ed
1545 3686 1787 3761 conregnandum

61 3777 167 3850 deerit,
184 3779 257 3836 latix
271 3781 302 3836 in
318 3782 529 3854 sempiternum
543 3782 693 3838 silentium
706 3782 771 3836 erit.
954 3784 1012 3839 eibi
1027 3784 1134 3839 fratres
1145 3783 1285 3854 adoptare
1293 3781 1446 3849 venitmon
1455 3778 1623 3851 jemesede
1631 3776 1724 3850 regati
1732 3776 1787 3831 sed

96 3868 898 3942 Domergemediumsileatiumtenerebtemnia.Bene
954 3865 1787 3944 esedibusreqalibusveniredebuitquiaregnumadque

61 3958 169 4022 omnia,
187 3958 245 4013 bec
255 3959 478 4016 estneneolum
488 3960 591 4032 illiqut
602 3958 782 4030 inpetitione
792 3957 899 4028 despe·
952 3961 1186 4017 vocanturelecti
1196 3961 1249 4015 Dei
1260 3963 1457 4030 praeparatum
1466 3960 1513 4013 eet
1526 3956 1563 4011 ab
1578 3955 1661 4011 initio
1670 3952 1785 4012 seculi.

59 4046 177 4117 rabant,
187 4047 243 4102 sed
252 4052 281 4104 et
290 4048 340 4104 ille
351 4064 418 4122 quae
426 4050 456 4104 in
466 4048 667 4121 promissione
675 4048 854 4103 deiecerant.
868 4054 898 4103 et
1253 4064 1441 4122 COLLAqqo
1459 4063 1495 4119 ῃ,

59 4150 121 4191 nox
129 4137 456 4194 insnocnrsumedium
464 4137 689 4193 interluceret.
697 4135 801 4192 Noxin
811 4152 897 4191 saera
953 4172 1036 4241 Quod
1047 4174 1182 4242 Verbum,
1192 4150 1336 4231 (summ
1345 4173 1452 4228 factum
1464 4176 1519 4240 ese,
1535 4175 1669 4226 naturam
1678 4185 1789 4227 mum·

58 4223 738 4298 Sel*ipim*’ll‘lu‘ffldt‘l’ffl‘llltbtllb³¹5st¹¹¹ffid⁰
749 4240 802 4281 ⁰¹⁰
810 4240 899 4280 mm·
984 4246 1058 4318 psit·
1070 4263 1127 4302 nen
1134 4261 1302 4318 persenam,
1316 4250 1345 4300 et
1356 4243 1432 4318 qnod
1447 4258 1637 4318 unaparsene
1652 4247 1787 4299 estesse·

58 4313 123 4368 bris
138 4313 220 4385 ejas,
235 4314 265 4369 id
276 4318 322 4370 est
332 4330 385 4386 pro
400 4317 607 4386 peecatoribus
619 4315 729 4387 inquis,
738 4313 897 4386 aliquunde
986 4334 1072 4374 mens
1086 4322 1117 4373 et
1131 4323 1320 4389 assumptum.

57 4418 112 4474 pre
127 4405 264 4474 peccate,
278 4403 437 4477 aliquande
447 4420 502 4476 pre
512 4404 653 4476 praesenti
667 4404 726 4458 vite
742 4404 893 4474 accipitur.
908 4400 937 4466 D
993 4406 1122 4462 Verbum
1131 4406 1320 4463 catalectum
1330 4409 1377 4460 est
1387 4404 1505 4473 (leena.
1521 4405 1552 4473 ι).
1564 4402 1648 4469 Quod
1661 4401 1786 4457 verbum

58 4491 117 4547 Per
129 4495 249 4547 noctem
264 4507 337 4565 erge
353 4494 384 4548 in
408 4492 556 4563 hocloco,
571 4493 705 4549 medatis
721 4492 813 4565 bajus
826 4493 895 4547 vitre
952 4495 1006 4552 Dei
1021 4496 1099 4567 qued
1115 4498 1143 4551 et
1164 4496 1244 4550 Deus
1258 4496 1326 4549 est?
1340 4494 1464 4550 verbum
1488 4492 1567 4547 enim
1582 4491 1710 4546 hondnis
1725 4504 1785 4545 neu

58 4580 160 4636 fluxus
180 4582 327 4654 signatur,
347 4583 424 4637 sieut
438 4598 492 4654 par
506 4583 584 4637 diem
603 4580 673 4637 alibi
689 4581 808 4637 claritas
828 4581 895 4636 vite
951 4589 998 4641 est
1009 4585 1107 4655 home,
1125 4584 1178 4640 sad
1191 4584 1316 4640 verbum
1332 4583 1386 4637 Dei
1401 4582 1481 4637 Deus
1496 4583 1551 4636 est.
1567 4579 1784 4635 Sicutverhum

57 4673 220 4741 perpetues,
246 4670 385 4728 Praesens
409 4686 483 4744 erge
505 4670 565 4725 vita
589 4686 649 4726 nex
672 4673 728 4741 cst,
745 4671 804 4725 rita
824 4685 894 4725 vero
951 4669 1646 4743 cordiscoresu'etdecordeverbumexit,et
1662 4669 1784 4724 nonest

57 4757 157 4814 futura
171 4759 247 4815 dies.
265 4760 333 4816 Nox
347 4761 404 4816 ista
420 4761 510 4816 babet
523 4775 692 4831 vesperem,
704 4761 769 4815 dies
785 4759 833 4814 illa
844 4759 895 4813 ha·
950 4763 1029 4818 eliud
1047 4763 1172 4818 verbum
1188 4761 1288 4817 cerdis
1303 4774 1391 4831 quam
1406 4760 1504 4830 ipsum
1519 4775 1581 4826 eor,
1599 4759 1644 4813 sic
1658 4758 1782 4814 verbum

56 4846 263 4905 betauroram.
272 4849 568 4922 Vesper-apresentis
578 4846 894 4905 nectistuitinolinatio
950 4852 1002 4906 Dei
1018 4852 1185 4907 aliudesse
1197 4864 1257 4905 een
1271 4851 1465 4920 potestqaam
1476 4848 1567 4903 Deus.
1579 4846 1726 4918 Sepieaum
1737 4848 1784 4902 est

55 4937 148 4994 unius
169 4936 239 5008 diei,
262 4954 368 4994 aurem
390 4939 471 4995 illias
485 4940 542 4994 diei
566 4938 716 4994 inclinatio
734 4937 893 5009 praesentis
950 4940 1075 4995 verbum
1091 4939 1205 5009 cordis3
1221 4937 1339 5010 quande
1354 4936 1444 4993 corde
1459 4937 1601 5006 nescitur,
1617 4939 1647 4991 et
1659 4948 1678 4992 a
1692 4935 1782 4991 eorde

55 5025 173 5082 sarculi.
187 5025 319 5098 Vespera
333 5028 424 5100 bajus
434 5029 530 5083 noetis
541 5027 709 5100 fuitexquo
721 5028 814 5082 Adam
823 5041 892 5097 pec·
949 5045 1009 5084 nen
1025 5032 1187 5100 separatur.
1199 5027 1300 5098 lpsum
1310 5041 1363 5082 cer
1377 5026 1520 5097 sapientia
1535 5028 1590 5094 est,
1607 5028 1635 5080 et
1645 5025 1682 5080 de
1692 5024 1782 5083 eorde

55 5115 145 5184 eavit,
161 5113 263 5170 Donec
287 5121 406 5187 accepte
429 5118 575 5172 sententie
593 5117 700 5173 mertis
719 5132 736 5170 e
752 5116 891 5186 paradise
948 5119 1015 5190 ipse
1031 5118 1173 5189 sapientia
1187 5120 1243 5185 est,
1260 5119 1289 5172 at
1299 5131 1357 5171 una
1371 5115 1515 5187 sapientia
1526 5130 1578 5169 cer
1592 5117 1621 5171 et
1636 5114 1781 5186 sapientie

53 5204 163 5276 pulsus
186 5203 217 5259 in
232 5205 372 5260 tenebras
387 5206 479 5278 buius
494 5206 595 5261 mundi
611 5205 692 5262 exiit.
712 5208 827 5260 Aurora
843 5221 892 5260 ee·
947 5206 1071 5263 suasio
1083 5207 1162 5261 Deus
1177 5206 1386 5277 sapientiaest‚
1400 5208 1428 5260 et
1439 5204 1552 5276 deipso
1567 5204 1781 5276 Deesapientia

53 5292 175 5364 quentis
197 5293 255 5348 diei
270 5298 317 5349 est
340 5295 591 5351 aresurrectiene
606 5294 715 5351 Christi
735 5309 832 5365 usque
860 5293 891 5349 in
947 5300 1003 5367 est,
1027 5297 1054 5352 ei
1077 5299 1126 5350 est
1146 5310 1204 5350 une
1226 5295 1372 5366 sapientia
1395 5296 1476 5350 Deus
1499 5297 1528 5350 et
1551 5294 1694 5366 sapientia
1713 5307 1778 5348 sue.

52 5382 144 5437 tinem
164 5383 281 5438 saeculi.
299 5382 379 5457 Ergo
392 5384 451 5437 vita
466 5384 520 5438 ista
537 5401 596 5440 nex
611 5386 667 5439 est.
683 5383 742 5439 Sed
757 5384 825 5456 quis
840 5386 886 5438 est
946 5385 1094 5457 Sapientia
1107 5385 1159 5440 Dei
1174 5385 1298 5442 verbum
1307 5385 1360 5441 Ilei
1372 5389 1429 5441 est.
1445 5385 1546 5455 Ipsum
1555 5384 1685 5440 Verbum
1699 5396 1780 5449 caro,

52 5486 165 5526 cursus
179 5471 249 5526 vitae
264 5470 378 5545 brejas?
388 5473 547 5528 Videamus
559 5490 617 5544 quo
626 5476 734 5528 curret.
745 5473 803 5528 Per
813 5489 890 5528 mer·
946 5474 1056 5531 iactum
1070 5478 1125 5530 est.
1141 5475 1217 5541 Quid
1232 5479 1279 5531 est
1293 5473 1384 5547 cerel?
1400 5475 1503 5529 Heme.
1515 5472 1636 5527 Factum
1647 5474 1692 5525 est
1708 5485 1777 5524 cero

50 5560 193 5615 talitatem
217 5561 310 5615 currit
325 5562 355 5616 in
375 5566 508 5616 mortem.
530 5563 723 5618 Permertem
746 5564 836 5618 currit
860 5564 890 5619 in
947 5565 1055 5620 lactum
1079 5568 1125 5619 est
1150 5565 1248 5620 bomo.
1279 5564 1432 5628 Quomodo
1456 5562 1566 5616 laetum
1594 5562 1640 5614 est
1667 5558 1781 5612 home?

51 5650 281 5712 damnationem.
298 5649 391 5723 Igitur
414 5650 472 5707 vita
488 5652 620 5707 mortalis
636 5653 777 5709 deorsum
797 5654 890 5708 currit
946 5653 1135 5714 Assumende
1161 5653 1320 5711 bominem.
1345 5653 1475 5709 Verbum
1499 5650 1607 5724 quippe
1632 5646 1787 5705 homiuem
