3816 6030
96 314 157 379 661
680 313 994 378 MISCELLANEA.
1014 350 1051 360 -
1068 313 1150 376 LIB.
1168 315 1224 377 111.
1760 313 1821 383 662

94 517 210 570 tionum
221 533 277 586 que
293 516 329 571 de
345 516 434 571 eorde
449 519 558 571 exeunt
571 520 599 571 et
610 516 768 571 volvuntur
787 517 816 570 et
830 515 930 569 revol-
944 510 974 571 A
991 512 1052 567 Tm.
1071 512 1162 567 XLII.
1180 513 1224 568 De
1237 513 1425 586 benignitate
1447 521 1477 569 at
1491 517 1657 573 severitate
1674 516 1734 574 Dei
1748 531 1821 591 erga

95 610 207 658 vantur
221 622 312 674 super
334 605 492 659 cisternam
518 605 662 675 corporis
679 605 747 675 quia
771 604 800 658 in
817 603 865 657 illa
882 603 930 657 die
1302 609 1500 674 peccatorem.

96 694 236 763 peribunt
247 695 451 765 cogitationes
466 694 615 748 Hocidem
632 693 731 747 subdit
740 692 806 746 aliis
816 691 927 746 verbis:
1024 690 1244 745 Convertimini
1258 692 1296 745 ad
1313 692 1466 747 Dominum
1482 694 1574 748 Deum
1592 701 1735 766 rostrum,
1754 695 1822 769 quia

95 781 139 833 la‘t
160 789 335 836 rerertatnr
347 783 447 854 pulris
469 785 498 836 in
521 789 633 836 terram
650 799 741 850 sumn,
767 782 842 835 unde
866 785 932 834 erat
986 778 1136 850 benignus
1151 785 1181 833 ot
1194 779 1371 835 misericors
1386 787 1441 846 est,
1458 783 1619 853 patienset
1632 783 1753 838 multum
1767 785 1823 840 mi·

87 871 193 939 putris
209 888 242 924 es
258 880 287 925 et
311 872 341 924 iu
355 871 510 942 pulvorem
527 872 698 926 reverteris
722 870 808 937 (Gon.
826 872 882 934 ml,-
902 873 932 922 et
986 868 1129 936 sericors,
1147 873 1176 922 et
1195 869 1382 939 praestabilis
1400 887 1490 942 super
1511 872 1654 926 malitiam
1669 872 1756 943 (roal.
1778 873 1823 945 u).

94 960 225 1028 spiritus
238 960 343 1013 redeat
353 961 391 1014 ad
403 961 497 1031 ipsum
513 961 562 1032 qui
572 960 655 1014 dedit
666 960 746 1014 illum
760 957 849 1019 (decl,
869 958 929 1017 xnl.
947 1006 957 1019 ,.
986 955 1089 1011 Videte
1100 958 1347 1027 quemadmodum
1361 959 1397 1013 de
1412 961 1497 1014 vania
1508 961 1657 1030 peccatori
1673 959 1779 1031 danda,
1791 961 1819 1017 si

93 1051 271 1117 rorcpturus
289 1066 404 1118 paenam
421 1050 467 1103 vel
483 1050 618 1121 gloriam.

92 1136 119 1188 Τ
123 1155 160 1189 rr.
179 1137 254 1190 XLI.
272 1138 316 1191 Ile
342 1138 455 1209 triplici
472 1139 624 1208 apertione
645 1138 754 1205 cordia,
771 1135 931 1207 sextuplici

232 1227 375 1290 inundato,
395 1232 423 1279 et
441 1227 553 1297 triplici
575 1227 652 1280 bollo
667 1243 701 1280 ao
712 1242 795 1298 praee.

132 1316 156 1367 rl
164 1315 298 1385 ‘laporiut
308 1315 450 1368 Dominus
459 1332 510 1368 eor
525 1322 656 1369 rostrum
668 1315 698 1368 iu
708 1315 774 1385 lege
784 1331 845 1379 sua,
855 1319 883 1368 et
898 1314 929 1366 in

89 1404 258 1472 praeruptis
268 1405 341 1470 suis,
355 1411 383 1456 et
404 1405 495 1457 seruiat
509 1421 621 1474 paconi,
635 1409 692 1458 etc.
711 1404 928 1474 (libramen).

91 1491 218 1560 Triplex
239 1496 283 1544 cst
299 1493 410 1561 apertio
427 1493 535 1546 caulis.
554 1493 649 1546 Prima
666 1493 701 1545 ad
717 1492 928 1561 poenitentiam,

92 1580 228 1631 seranda
246 1580 448 1649 adjustitiam,
466 1582 549 1634 tertia
565 1582 600 1635 ad
617 1581 838 1650 perfectionem.
851 1581 930 1643 ,llaec

91 1671 194 1721 anilem
205 1670 316 1737 apertio
327 1686 380 1739 per
391 1671 486 1740 legem
508 1671 620 1724 llomini
632 1672 664 1723 lit
674 1669 880 1724 meditantidie
895 1684 929 1722 ao

986 1046 1117 1100 converti
1128 1046 1264 1117 voluerit,
1275 1047 1328 1101 Dei
1336 1051 1499 1119 exaggerat
1509 1050 1656 1119 pietatem.
1664 1049 1821 1122 Bauiguus

985 1134 1166 1189 estindebita
1173 1135 1336 1206 largiendo.
1347 1137 1818 1212 ,llisericorsdebitaindulgeudo

985 1221 1111 1277 Patiens
1121 1223 1171 1276 diu
1181 1223 1344 1279 tolerando.
1356 1224 1481 1279 Multum
1492 1227 1676 1293 misericors,
1688 1227 1817 1298 prolon-

985 1309 1032 1381 gis
1042 1310 1246 1381 iniquitatibus
1257 1312 1378 1368 brevem
1387 1314 1763 1384 poenitentioeaissictiouem
1772 1331 1820 1371 su·

985 1399 1147 1469 saipieudo.
1164 1400 1359 1456 Praestabilis
1382 1419 1473 1474 super
1491 1404 1634 1457 malitiam
1650 1405 1738 1458 etiam
1753 1405 1819 1460 sine

985 1488 1083 1542 carnis
1093 1489 1252 1544 alllietione
1262 1493 1477 1561 perseveranti,
1494 1490 1531 1546 ad
1542 1507 1576 1546 se
1587 1493 1687 1547 cordis
1697 1508 1821 1548 conver·

985 1577 1069 1631 sione
1084 1579 1158 1632 mala
1175 1580 1272 1633 omnia
1284 1580 1490 1636 condonando.
1507 1581 1601 1636 Nemo
1619 1581 1709 1653 igitur
1720 1581 1757 1638 de
1772 1597 1821 1637 ve-

985 1665 1032 1719 nia
1048 1665 1186 1737 desperet
1200 1671 1320 1738 propter
1336 1669 1387 1723 Dei
1401 1668 1557 1740 justitiam.
1575 1670 1669 1726 Nemo
1686 1670 1716 1725 iu
1731 1670 1819 1726 malis

93 1760 194 1826 nocto,
212 1758 288 1811 ando
303 1759 417 1812 subdit:
436 1760 467 1811 in
483 1755 548 1828 loge
567 1776 629 1827 sua,
657 1775 723 1828 qaae
739 1759 767 1811 in
788 1773 843 1812 sex
860 1773 929 1811 con·
991 1759 1162 1824 perseveret
1177 1760 1296 1827 propter
1317 1757 1385 1828 ejus
1410 1758 1644 1813 misericordiam
1668 1758 1818 1830 quoniam,

93 1845 186 1911 sistit,
198 1846 225 1898 in
236 1847 493 1916 prohibitionibus
512 1846 798 1916 aomrrrinationibrm,
815 1862 927 1916 praeea-
943 1822 970 1885 Β
986 1842 1070 1897 tortis
1085 1848 1113 1898 et
1128 1845 1241 1914 patiens
1259 1846 1410 1915 Dominus,
1427 1847 1523 1901 dulcis
1533 1851 1561 1902 et
1576 1847 1814 1918 rectus,miseri·

91 1934 255 2003 ptionibus,
278 1937 537 2004 promissionibus,
556 1937 700 2003 consillia,
713 1935 926 1990 exhortationi·
986 1947 1053 1985 cors
1070 1936 1098 1987 et
1112 1948 1213 1988 verax.
1226 1934 1468 2005 Patiensduleis,
1479 1936 1652 1991 misericors
1662 1952 1821 2007 superpoe·

91 2022 162 2074 bae.
172 2023 424 2093 Primaapertioin
436 2024 927 2095 prohibitionibuseteomminatio-
983 2022 1121 2076 nitentes.
1139 2022 1246 2092 Fortia,
1259 2027 1370 2092 rectae,
1381 2026 1410 2078 et
1420 2040 1512 2078 verax
1528 2024 1816 2094 superimpoenitau-

91 2112 183 2163 nibus
194 2113 927 2184 lit,dumquisattendenssuastransgressioneset
982 2112 1038 2164 tes.
1055 2110 1086 2164 Si
1102 2126 1184 2182 ergo,
1201 2112 1319 2181 tratres,
1335 2127 1468 2166 amamus
1483 2112 1662 2183 patientiam,
1682 2112 1818 2168 dulcedi-

92 2202 368 2270 prauasr·1aa,=cxcis
380 2202 613 2272 subsequuntur,
624 2200 925 2271 mlpoenitentiamDei
982 2213 1058 2262 nem,
1084 2199 1328 2270 misericordiam,
1346 2217 1404 2273 qua
1432 2202 1536 2271 salvat,
1557 2202 1714 2256 timeamus
1736 2201 1819 2256 lorti·

96 2290 425 2361 timorocarnpuugitar.
440 2292 649 2345 Ilmrestenim
664 2291 716 2344 lox
730 2290 848 2344 Domini
863 2305 928 2343 cou-
982 2287 1123 2357 tudinem,
1141 2289 1356 2359 rectitudinem,
1376 2306 1434 2361 qua
1456 2289 1571 2361 judicat
1586 2294 1614 2345 et
1635 2290 1753 2345 damnat
1767 2307 1774 2362 ;
1790 2293 1821 2346 et

95 2383 218 2431 rcrtons
230 2380 343 2432 arn'rnas
355 2379 444 2444 tl’snl.
463 2396 551 2441 xrnn.
570 2379 704 2433 Secunda
720 2384 765 2432 est
780 2379 810 2431 in
824 2394 926 2448 prece·
985 2391 1104 2430 oremus
1119 2380 1151 2430 ut
1171 2393 1187 2430 a
1210 2378 1296 2431 nobis
1315 2377 1419 2449 judicii
1441 2379 1630 2434 severitatem
1654 2378 1820 2450 suspendat

90 2465 244 2533 ptionibas
254 2471 280 2518 et
291 2468 552 2535 promissionibus
564 2468 785 2537 dumpoeaiteus
795 2467 926 2521 divinam
982 2465 1255 2536 misericordiaeque
1266 2450 1643 2538 benignitatemimpendat.
1660 2467 1725 2533 Qui.
1742 2470 1799 2524 etc.

91 2554 272 2608 voluntatum
288 2555 316 2607 in
340 2572 392 2609 sua
408 2556 474 2627 lego
491 2557 685 2610 considerans
706 2560 734 2610 et
753 2572 925 2610 remunera·
982 2553 1044 2608 Tm.
1076 2553 1181 2608 XLlll.
1211 2555 1251 2609 lle
1277 2555 1376 2609 tribus
1400 2554 1488 2610 bonis
1510 2556 1648 2627 bominis,
1668 2561 1699 2612 et
1720 2556 1820 2612 tribus

90 2642 211 2710 tionem,
224 2644 258 2696 ad
268 2642 535 2713 justitiamproficit
546 2645 690 2699 bonoram
707 2661 839 2715 operum,
857 2645 926 2715 quia
1134 2642 1266 2714 depellis
1277 2644 1343 2710 Dei,
1358 2649 1388 2698 ot
1397 2645 1434 2699 de
1445 2645 1544 2700 causis
1552 2661 1663 2700 eorum.

94 2731 295 2784 testimouium
315 2732 434 2785 Domini
456 2733 544 2786 lidelo
558 2734 657 2804 (ibid).
676 2735 750 2788 dans
765 2734 924 2804 promissa.
1018 2730 1423 2804 Multallagellapeocatoris¹
1435 2739 1605 2804 sperantem
1617 2734 1820 2791 auteminDo·

95 2820 195 2872 Tertia
208 2821 237 2872 in
253 2822 388 2874 consiliis
404 2827 432 2875 et
457 2822 721 2890 exhortationibus,
735 2823 804 2876 dum
824 2822 926 2894 justus
981 2820 1061 2875 mino
1076 2821 1285 2875 misericordia
1307 2822 1503 2877 circumdabit
1518 2821 1612 2891 (Psoi.
1640 2823 1733 2896 xxxi).
1751 2823 1820 2879 Tria

91 2906 120 2960 in
133 2907 220 2961 bonis
232 2909 394 2963 delectatur
409 2911 438 2963 in
449 2911 541 2964 lleum
557 2911 687 2966 fervens.
701 2912 762 2965 lleo
773 2927 861 2982 quem
877 2927 925 2965 so·
982 2913 1052 2964 sunt
1062 2909 1278 2964 homiuisbona
1296 2910 1407 2980 quibus
1416 2910 1446 2964 in
1457 2910 1512 2964 bac
1523 2911 1582 2964 vita
1590 2910 1734 2969 fruimur:
1750 2911 1818 2969 Alia

90 2996 152 3049 lum
162 2996 286 3067 diligere
298 2999 377 3068 cupit
386 2999 443 3052 sibi
456 2999 580 3053 dicente:
594 3001 622 3053 si
632 3001 677 3054 ris
684 3000 840 3071 porrectas
858 3016 926 3055 esse
982 2997 1013 3050 in
1029 2997 1135 3067 anima,
1148 2997 1514 3067 utviuares,eta1iadona
1529 3001 1589 3052 tam
1600 3002 1713 3057 natura)
1728 3016 1818 3072 quam

94 3085 169 3139 rade
181 3091 209 3138 ct
225 3087 422 3141 rrndoomnia
443 3106 505 3159 qum
522 3088 625 3156 Imber,
641 3093 696 3142 etc.
715 3089 834 3155 atrum.
852 3096 925 3159 xix).
983 3087 1096 3157 gratian
1106 3087 1162 3140 alia
1173 3087 1202 3140 in
1214 3102 1348 3157 corpore,
1361 3087 1523 3156 utsanitas3
1539 3087 1596 3141 alia
1611 3093 1694 3143 extra
1702 3092 1819 3144 utrum-

91 3174 205 3243 Arripit
216 3174 259 3227 sie
284 3176 496 3244 perfectionem
510 3182 539 3231 ut
555 3182 664 3247 praeter
680 3179 782 3247 Deum,
801 3178 851 3249 qui
876 3179 925 3232 dat
942 3155 968 3218 c
982 3191 1051 3246 que,
1068 3178 1099 3229 ut
1114 3175 1214 3244 proles
1230 3179 1258 3230 et
1274 3175 1394 3230 divitiae.
1424 3175 1493 3230 ldeo
1516 3177 1572 3230 tria
1596 3180 1666 3231 sunt
1688 3177 1818 3251 flagella,

89 3263 265 3330 sapientiam
296 3266 438 3334 parvalis,
464 3266 504 3319 nil
529 3271 650 3336 quaerat.
675 3266 747 3331 Quia
770 3283 840 3321 vero
861 3268 925 3320 sola
982 3263 1819 3337 quibusjustoDeijudiciopercutitur.Flagellaturauim

88 3351 209 3405 dilectio
237 3352 396 3407 indicativa
425 3359 471 3407 est
495 3355 666 3425 religionis,
699 3356 757 3409 Deo
786 3356 923 3410 dicente:
982 3353 1816 3425 aliquandoinexteriorisubstantia,aliquandoinoarue

86 3438 123 3491 In
134 3439 188 3492 buc
197 3449 391 3510 cognoscent,-
404 3444 469 3514 quia
482 3445 541 3498 mci
559 3445 634 3498 estis
646 3443 795 3514 discipuli,
812 3443 840 3497 si
849 3444 926 3497 ‹lile-
982 3442 1111 3511 propria,
1123 3441 1279 3512 aliquando
1291 3441 1321 3495 in
1338 3442 1529 3497 conscientia.
1542 3443 1575 3498 In
1586 3443 1703 3499 duobus
1713 3443 1818 3514 primis

86 3529 217 3582 rationem
228 3529 442 3584 bobum-irisan!
452 3532 764 3601 mrr'arnuroonxnrt..
774 3532 922 3588 subditur:
984 3529 1170 3602 flagellantur
1184 3544 1267 3601 aeque
1282 3530 1353 3585 boni
1372 3533 1401 3585 et
1415 3531 1499 3600 mali;
1520 3532 1550 3586 in
1574 3532 1658 3587 tertio
1673 3547 1733 3587 nan
1756 3531 1818 3588 uisi

88 3616 132 3669 Et
143 3616 493 3690 inprarcrptissuis,quae
504 3620 791 3675 srrrrtdilectioDeiet
800 3621 925 3690 proximi
984 3620 1112 3689 reprobi.
1126 3619 1158 3672 ln
1170 3619 1286 3675 duobus
1298 3620 1464 3691 flagellatus
1473 3625 1520 3675 est
1529 3621 1596 3691 lob,
1614 3636 1674 3677 nou
1687 3621 1718 3677 in
1728 3621 1817 3677 tertio

88 3705 169 3758 inter
187 3711 292 3760 caetera
311 3707 387 3779 legis
405 3709 456 3762 Dei
476 3710 571 3780 magis
590 3710 716 3763 tenenda
737 3725 804 3762 cum
825 3725 862 3762 ex
878 3709 925 3763 his
984 3707 1068 3762 Unde
1085 3708 1256 3762 dictumest
1275 3708 1310 3762 ad
1325 3708 1433 3764 Satan:
1458 3709 1595 3764 Animam
1618 3710 1700 3766 illius
1723 3725 1817 3766 serra

87 3794 235 3862 pendeant
250 3795 297 3848 lex
306 3800 331 3849 et
344 3798 505 3866 propbetas.
526 3798 565 3851 Et
578 3798 667 3852 farciat
676 3813 789 3869 pacem.
805 3797 925 3868 Triplex
983 3797 1061 3866 (dol).
1072 3800 1113 3867 u).
1125 3798 1157 3851 lu
1166 3798 1233 3852 istis
1244 3797 1382 3852 omnibus
1392 3798 1516 3853 Pharao.
1529 3797 1621 3863 Quem
1632 3796 1819 3871 animllagel·

85 3887 134 3935 est
151 3884 237 3937 nobis
257 3885 384 3939 bellum:
412 3887 634 3941 Aronseientia
650 3903 716 3957 quae
738 3890 924 3956 peccatorem
983 3886 1093 3940 laverat
1107 3886 1136 3939 in
1161 3887 1300 3940 exteriori
1324 3886 1500 3955 substantia,
1524 3887 1554 3940 in
1578 3901 1666 3940 carne
1690 3885 1815 3958 propriav

84 3987 299 4027 accusarenon
311 3977 424 4042 cessat;
437 3991 452 4027 a
465 3992 552 4029 carne
565 3980 592 4029 ct
604 3975 747 4044 daemone,
760 3991 826 4046 quae
836 3976 924 4029 etiam
983 3975 1093 4028 vesicis
1109 3975 1307 4047 turgentibus,
1325 3974 1411 4029 etiam
1436 3974 1635 4030 obstinatione
1656 3974 1818 4049 flagellavit

81 4058 419 4132 justaminseqrruntur3
440 4063 554 4118 atratre
574 4064 756 4134 etproximo,
772 4064 822 4134 qui
837 4064 924 4118 etiam
982 4065 1011 4116 in
1027 4064 1218 4118 conscientia.
1236 4063 1473 4128 Quatuorautem
1488 4064 1524 4118 de
1541 4064 1642 4119 causis
1658 4052 1825 4138 uagolnn-'

85 4150 250 4218 perlectum
274 4152 449 4206 conturbare
474 4157 627 4206 conantur.
653 4154 732 4207 Deus
760 4157 857 4207 autem
872 4153 923 4224 qui
980 4152 1194 4206 tur-homines:
1212 4153 1270 4205 alii
1293 4152 1329 4206 ad
1352 4152 1477 4222 ruinam,
1493 4156 1526 4207 ut
1547 4153 1679 4224 Pharao,
1704 4151 1754 4209 alii
1777 4151 1815 4208 ad

85 4239 277 4307 contaapcrit
287 4240 316 4293 in
328 4241 394 4311 lege
404 4257 467 4307 sua,
479 4244 506 4294 et
518 4241 546 4294 in
560 4243 718 4311 praeaeptis
731 4241 805 4308 suis,
825 4241 921 4311 tripli·
980 4240 1176 4310 disciplinam,
1193 4245 1224 4295 ut
1238 4240 1347 4309 David3
1363 4241 1413 4294 alii
1429 4241 1465 4295 ad
1481 4241 1656 4312 custodiam,
1681 4243 1715 4299 ut
1736 4240 1813 4299 Pau·

85 4342 151 4380 cem
163 4327 231 4380 lacit
248 4329 276 4381 in
292 4329 424 4383 homine:
445 4330 570 4383 Primam
587 4346 690 4400 parom
710 4345 762 4400 per
778 4330 920 4400 poeniten·
980 4328 1047 4396 lus3
1064 4329 1113 4383 alii
1124 4329 1159 4383 ad
1175 4344 1325 4398 coronam,
1343 4332 1373 4383 ut
1389 4329 1455 4384 lob.

84 4415 165 4482 tiam,
179 4432 244 4469 eum
261 4417 496 4487 deletopeocato,
517 4418 613 4488 ipsum
631 4419 813 4472 conscientia
834 4435 921 4474 accu-

1020 4418 1082 4486 Tm,
1099 4417 1203 4472 XLlV.
1222 4417 1264 4472 De
1278 4418 1497 4490 signaculoller'
1509 4417 1595 4473 nohis
1605 4418 1764 4488 impresso.

84 4519 153 4557 sare
166 4510 339 4575 nonpotcst3
353 4507 512 4559 secundam
525 4506 737 4577 perjustitiam,
747 4506 920 4578 cumjustus
937 4497 964 4558 D
1014 4506 1167 4577 Sipontum
1183 4512 1229 4561 ost
1244 4522 1333 4578 super
1344 4505 1499 4561 noslumen
1514 4505 1610 4560 vultus
1624 4506 1675 4570 tui,
1687 4492 1825 4561 uomina

84 4593 228 4647 exercitio
240 4594 384 4648 bonorum
397 4611 518 4665 operum
528 4611 646 4649 earnem
665 4597 819 4663 domuerit,
836 4594 921 4665 juxta

85 4682 270 4750 Apostolum:
290 4683 410 4753 Castulo
426 4701 530 4755 corpus
546 4700 638 4737 rneuur
654 4690 682 4737 et
699 4683 921 4738 inservientem

84 4770 193 4837 rodino
214 4771 238 4841 (l
262 4771 285 4826 C
295 4789 326 4824 rr.
355 4784 404 4840 rx),
423 4776 451 4826 et
474 4789 540 4825 cum
557 4771 600 4825 sie
617 4772 712 4825 omnia
736 4772 848 4825 inimici
862 4772 919 4826 tela

85 4860 262 4914 exstinxerit
273 4861 321 4931 (ldp
331 4861 394 4913 bos.
408 4861 456 4928 rx),
473 4862 588 4915 tertiam
602 4876 718 4931 quoque
736 4877 802 4914 cum
823 4861 921 4914 solum

88 4948 290 5002 llcumtenons
301 4949 549 5019 nullisprosperis
557 4950 715 5017 extollitur,
725 4948 921 5003 nullisadver·

85 5035 130 5088 sis
144 5042 287 5105 moretum
304 5054 388 5108 aeque
404 5042 562 5108 acceptans
580 5053 722 5108 prospera
738 5041 768 5091 ut
782 5037 918 5107 adversa,

86 5128 117 5177 ut
142 5141 210 5179 rere
236 5126 368 5180 dicatur:
394 5126 461 5180 l‘ar
485 5127 573 5179 multa
597 5127 795 5197 diligentibus
822 5126 918 5197 legem

86 5220 180 5276 tu:nn,·
197 5221 291 5268 utnon
303 5223 348 5268 est
360 5214 699 5284 illisscaudaluurtl’sul.
715 5214 826 5283 cxvru).
838 5215 917 5269 Cou-

85 5302 209 5356 seientia
235 5307 397 5357 cassantra
415 5305 509 5374 primo
525 5304 612 5370 bollo,
630 5318 718 5357 carne
734 5306 762 5357 et
778 5303 917 5358 daemoni-

979 4594 1073 4661 (Psal.
1082 4595 1133 4666 iv).
1146 4595 1319 4666 Superdicit
1329 4610 1387 4649 uon
1399 4595 1511 4663 subter,
1524 4594 1593 4664 quia
1612 4593 1642 4647 in
1664 4591 1812 4662 superiori

979 4688 1081 4738 natura
1093 4686 1147 4738 tria
1156 4687 1234 4738 sunt:
1248 4683 1387 4755 Signans,
1398 4681 1595 4754 signaculum,
1606 4683 1634 4735 et
1649 4681 1809 4752 signatum,

977 4790 993 4826 a
1009 4789 1077 4844 quo,
1095 4789 1162 4827 cum
1178 4788 1246 4843 quo,
1271 4775 1299 4826 et
1315 4772 1344 4825 iu
1360 4786 1428 4843 quo.
1452 4769 1583 4842 Signans
1595 4772 1641 4823 est
1657 4769 1737 4824 Deus
1759 4769 1811 4842 qui

978 4877 1063 4916 suam
1079 4860 1237 4932 imaginem
1252 4859 1347 4929 primo
1370 4858 1514 4930 angelicae
1528 4860 1651 4928 natura),
1668 4857 1737 4913 iude
1752 4856 1810 4913 hu·

978 4966 1072 5004 mame
1080 4948 1241 5019 impressit,
1249 4945 1809 5019 utangelicaessetquasisignaculum,

978 5033 1808 5108 humanaquasisignatum.Undeprimoangelodioitur:

982 5127 1021 5181 Tu
1029 5124 1211 5198 signaculum
1222 5123 1440 5193 similitudinis,
1450 5123 1559 5196 plenus
1569 5123 1727 5195 sapientia,
1733 5138 1810 5196 per·

977 5215 1198 5284 leotusdeeore,
1209 5214 1239 5267 iu
1249 5212 1369 5268 deliciis
1376 5213 1513 5284 paradisi
1518 5212 1576 5267 Dei
1585 5211 1673 5268 luisti
1682 5210 1807 5284 (Erech.

976 5305 1090 5372 xxvm).
1107 5303 1203 5357 Homo
1218 5305 1315 5358 autem
1331 5302 1400 5356 dicit
1415 5302 1451 5357 de
1466 5317 1499 5357 sa
1513 5317 1519 5357 :
1535 5301 1691 5374 Signatum
1706 5303 1810 5356 estsu-

84 5392 143 5444 bus
158 5408 173 5443 a
190 5393 321 5446 secando
333 5393 450 5446 bomine
473 5395 509 5445 ita
522 5393 653 5462 perlecto
665 5395 694 5445 at
709 5391 807 5463 aliquo
829 5407 918 5446 scan—
973 5408 1029 5464 por
1047 5391 1216 5456 noslumen,
1228 5393 1283 5445 ete.
1299 5390 1396 5444 Instar
1421 5389 1510 5462 cujus
1525 5389 1555 5443 in
1580 5387 1737 5461 signaculo
1757 5384 1808 5441 vel
1835 5448 1840 5454 ,

85 5480 227 5533 rlnlizantc
246 5482 418 5536 scandalum
435 5498 492 5534 uon
511 5481 641 5551 recipiat.
664 5481 717 5535 sed
733 5484 872 5551 quantum
888 5481 918 5534 iu
975 5480 1176 5552 sigilloprimo
1193 5480 1288 5551 ligura
1303 5479 1384 5551 regis
1401 5478 1587 5548 insculpitur,
1604 5480 1632 5531 et
1648 5477 1717 5547 post
1732 5474 1804 5530 sub-

87 5571 152 5638 ipso
178 5573 224 5624 est
246 5574 273 5624 ot
289 5588 354 5624 cum
371 5569 614 5624 scandalizaverit
638 5585 741 5639 pacem
757 5569 871 5639 haheat,
888 5569 918 5623 in
971 5568 1061 5640 jectae
1076 5569 1119 5623 rei
1128 5567 1312 5639 imprimitur.
1325 5567 1424 5639 lmago
1434 5567 1528 5637 primo
1536 5567 1649 5620 naturae
1659 5564 1809 5634 impressa

86 5659 224 5730 patientia
239 5659 400 5732 possidens
415 5658 542 5713 animam
560 5674 644 5711 suam
660 5657 739 5718 (Luc.
757 5659 827 5720 xxi).
976 5660 1022 5713 est
1036 5657 1191 5733 angeliaco,
1206 5656 1275 5712 iude
1293 5656 1380 5737 quasi
1398 5654 1560 5711 secundam
1581 5666 1657 5713 oum
1669 5651 1807 5711 humane
