3796 6022
564 335 878 407 MISGELLANEA·
895 370 933 383 -
949 335 1029 399 ue.
1052 337 1077 399 l.
1619 336 1684 403 aas

64 548 97 589 im
112 533 253 589 ambiunt.
271 536 342 591 Post
357 537 491 607 primam,
507 537 593 592 tertio
608 551 662 607 ρον
677 534 787 607 iniqui·
803 534 833 595 A
930 571 992 626 Tm
1009 571 1084 627 CIX·
1101 574 1144 628 De
1161 572 1229 645 fuya
1243 574 1320 629 Elim
1336 591 1351 629 ἃ
1368 572 1445 629 facie
1460 571 1592 628 mahol·

67 638 124 694 qua
140 626 272 678 anteacta
284 629 404 694 peccata
415 627 577 681 etdimisse
592 627 698 680 iterare
714 641 788 694 prro·
825 667 827 671 ,
1300 624 1303 628 ’

64 714 88 766 t.
106 711 206 783 ltaque
222 714 359 782 patientia
374 717 410 769 od
424 716 607 770 tolerantiam
618 713 789 770 necessaria
885 713 964 769 lilios
980 714 1099 786 impiam
1121 716 1241 772 israhel
1267 717 1386 787 fugiens
1410 717 1440 769 in
1464 716 1606 785 spelunca
1627 715 1677 769 ab·

64 819 67 852 ι
82 799 189 857 habeat
203 801 291 857 homo
307 820 360 874 per
375 806 532 860 vanitatem
550 806 579 858 in
596 804 722 858 consilio
737 803 790 857 im·
848 804 1002 859 sconditur
1015 804 1072 871 (Ill
1086 805 1158 876 [lep.
1172 816 1242 872 xixt,
1255 805 1323 876 quie
1334 820 1543 875 nonnunquam
1559 803 1676 857 animus

64 904 84 959 1,
97 904 152 944 nec
164 893 221 944 stet
231 907 284 962 per
295 893 483 963 cupiditatem
494 895 524 947 in
535 894 582 947 rin
591 897 789 964 peccatorum.
849 909 902 963 pro
917 895 1033 949 vitanda
1054 895 1152 949 curnis
1174 895 1353 964 turpitudine
1377 894 1522 962 declinat3
1547 892 1677 946 nondum

64 977 130 1035 dest
145 994 198 1049 ρον
213 980 396 1052 iniquitatem
413 983 442 1036 in
454 983 592 1036 cathedra
602 981 789 1052 pestilentie.
849 985 947 1037 tamen
961 984 997 1037 nd
1014 984 1208 1039 deserendam
1229 983 1364 1054 ejusdem
1380 983 1479 1037 carnis
1495 982 1678 1037 mansionem

64 1068 183 1121 ‚mundi
198 1068 413 1140 jucunditatem
423 1072 542 1125 minime
553 1073 726 1140 respexerat
740 1068 791 1139 qui
850 1072 1003 1127 animatur.
1020 1072 1140 1127 iesabel
1158 1072 1266 1143 quippe
1282 1072 1361 1143 quod
1376 1072 1582 1141 interpretatur
1596 1076 1678 1123 ster-

65 1156 95 1209 t:
109 1154 144 1211 Si
158 1157 219 1211 ridi
229 1158 320 1213 selem
332 1176 395 1213 curn
411 1159 551 1232 scalperet,
561 1166 591 1215 et
605 1160 702 1213 lunam
711 1158 792 1212 incc—
851 1160 1004 1232 quiliniurn
1015 1167 1114 1226 terrae
1126 1163 1225 1216 carnis
1235 1161 1504 1231 concupiscentiam
1516 1159 1678 1230 signiticat:

64 1244 175 1300 aclare
191 1247 294 1302 ordine
310 1264 365 1302 suo
381 1249 458 1313 (doh.
476 1252 569 1320 xxxi).
588 1250 659 1303 Post
673 1247 792 1302 divitias
851 1246 1679 1319 cujuspersecutionemservuslleiiugiens,inspeluoca

74 1338 241 1404 apostatare
257 1337 349 1391 David
366 1353 421 1391 nos
432 1338 569 1408 prohibet
584 1339 704 1393 dicens:
722 1333 793 1391 Noli
850 1337 951 1408 latitat,
962 1339 1030 1410 quia
1044 1338 1112 1393 licet
1122 1338 1157 1393 ad
1170 1338 1340 1394 calcandam
1351 1335 1523 1408 spurcitiam
1534 1333 1679 1389 animatus

64 1421 93 1475 ri
108 1423 139 1477 in
160 1440 194 1478 eo
215 1426 265 1497 qui
285 1433 483 1497 prosperatur
503 1427 534 1480 in
561 1427 606 1481 ria
629 1444 681 1481 sua
695 1424 790 1495 (Psal.
851 1426 898 1494 sit,
916 1427 1046 1482 nondum
1061 1431 1156 1482 mmen
1168 1429 1204 1483 nd
1215 1428 1398 1483 tolerantiam
1409 1427 1582 1497 passionum
1591 1423 1680 1477 roho·

65 1551 73 1566 .
89 1510 161 1567 Post
171 1518 292 1583 peccata
303 1515 425 1569 dimissa
437 1519 603 1586 apostatare
615 1517 678 1586 ipse
690 1515 792 1570 Domi·
850 1519 941 1571 rotus.
960 1516 1044 1572 Unde
1064 1521 1092 1572 et
1113 1517 1155 1571 illi
1176 1517 1274 1571 divina
1297 1532 1369 1571 voce
1384 1532 1436 1586 per
1450 1512 1681 1584 increpationem

64 1599 174 1671 ohibet,
188 1602 307 1657 diceus:
323 1603 401 1659 Vade
412 1611 441 1658 et
453 1605 578 1676 amplius
590 1605 653 1660 noli
664 1619 792 1676 peceare
850 1604 975 1661 dicitnr:
995 1606 1070 1670 Quid
1084 1607 1133 1661 hic
1147 1606 1238 1675 thole,
1250 1605 1341 1661 Elia?
1350 1604 1462 1674 (ibid).
1475 1604 1543 1658 Non
1554 1602 1632 1656 enim
1642 1599 1679 1655 nd
1752 1634 1755 1640 ,

67 1687 121 1761 nr).
134 1689 168 1742 Et
178 1692 333 1762 propheta:
349 1693 524 1748 Observabo
532 1710 578 1747 me
587 1693 623 1748 ab
636 1693 792 1765 iniquitate
851 1692 907 1747 hoc
922 1690 1018 1749 iactus
1029 1711 1072 1763 es,
1085 1698 1116 1749 ut
1131 1694 1188 1749 sub
1203 1695 1315 1749 latebra
1330 1695 1428 1748 caruis
1443 1708 1555 1748 moram
1569 1690 1622 1745 tihi
1639 1683 1681 1743 fa·

64 1776 130 1832 'sal
144 1780 225 1839 xviii.
244 1780 337 1851 igitur
351 1781 438 1836 homo
454 1783 601 1837 accedens
616 1782 652 1836 cd
669 1782 793 1837 servitu·
850 1782 912 1836 cias
928 1783 1056 1837 exeundi
1071 1784 1107 1838 nd
1128 1783 1382 1852 contemplandam
1397 1781 1503 1836 luciem
1518 1778 1677 1834 (treatoris.

64 1864 160 1920 sistet
175 1867 206 1921 in
222 1868 289 1923 loco
313 1886 369 1926 suo
393 1886 446 1940 per
469 1871 652 1941 patientiam,
678 1874 709 1925 ut
733 1886 792 1924 non
809 1898 834 1959 Β
850 1868 1679 1944 Surpeergoetstaioostiospeluncaeturelihid.).Surge,

64 1969 111 2010 ree
123 1956 249 2012 recedat.
261 1956 406 2028 Operatur
419 1961 530 2015 bonurn
541 1976 594 2030 pro
605 1960 792 2029 adimplendo
850 1961 884 2014 ad
901 1963 1056 2032 superiora
1071 1962 1197 2033 erigere.
1215 1961 1320 2033 Surge,
1338 1976 1375 2013 ne
1390 1962 1469 2014 totus
1484 1960 1571 2012 terrae
1587 1956 1680 2010 inhae-

73 2041 188 2112 dehito,
206 2047 332 2116 patiatur
346 2049 453 2103 malum
468 2065 521 2119 pro
536 2049 682 2118 expiando
698 2049 792 2118 primo
850 2065 928 2105 reas.
940 2050 1046 2122 Surge,
1059 2053 1201 2120 appetens
1211 2049 1494 2121 quaesursumsunt.
1505 2042 1680 2099 Stainostio

64 2152 77 2186 r.
94 2132 170 2187 Nem
185 2138 216 2188 ut
231 2135 319 2189 faciat
333 2137 444 2192 bonum
458 2138 555 2193 lactus
573 2141 618 2192 est
635 2138 739 2204 homo,
763 2141 794 2190 ut
850 2139 1001 2207 speluncae
1009 2142 1077 2207 ture,
1090 2143 1136 2192 sta
1151 2137 1381 2208 perseverantia,
1394 2139 1439 2191 sta
1449 2133 1596 2206 patientia.
1609 2133 1681 2187 Per-

64 2236 86 2274 ιν
107 2222 226 2292 malum,
254 2223 324 2278 lecit
346 2226 444 2281 homo.
472 2227 529 2281 Pro
553 2242 587 2280 eo
608 2226 699 2298 igitur
714 2225 794 2296 quod
851 2228 1075 2296 severantia,ut
1098 2243 1157 2281 non
1182 2227 1272 2282 abeas
1297 2228 1469 2280 retrorsum.
1493 2220 1635 2276 Patientia
1649 2221 1683 2274 ut

70 2312 118 2363 est
132 2308 202 2365 lacit
223 2312 348 2382 bonum,
373 2331 426 2385 pro
451 2331 486 2369 eo
508 2316 587 2386 quod
603 2315 672 2370 iecit
686 2316 794 2385 patitur
851 2319 918 2370 ante
934 2318 1049 2386 tempus
1064 2317 1100 2371 ad
1117 2317 1227 2371 exitum
1243 2331 1301 2370 non
1317 2314 1451 2369 lestines
1468 2311 1528 2379 Sta,
1540 2310 1681 2379 exspecta

64 2418 77 2451 ν.
95 2397 212 2453 Primus
228 2403 305 2454 enim
324 2403 412 2459 homo
435 2406 479 2459 sic
503 2404 598 2460 iactus
615 2408 661 2459 est
676 2408 707 2459 ut
721 2421 792 2475 pro·
852 2404 945 2459 donec
956 2405 1084 2460 voceris.
1097 2405 1146 2460 Sta
1157 2409 1277 2475 paratus
1288 2419 1341 2473 ρον
1351 2400 1530 2456 desiderium
1541 2396 1679 2453 exeundi.

75 2484 112 2541 de
123 2485 201 2543 bono
211 2489 399 2559 innocentiae,
412 2494 586 2562 perbonam
604 2494 790 2562 obedientiae,
851 2493 901 2549 Sta
916 2495 994 2549 lixas
1010 2510 1063 2564 per
1078 2494 1274 2549 obedientiam
1290 2489 1467 2547 sustinendi.
1491 2488 1542 2544 Sta
1558 2486 1589 2540 in
1603 2486 1687 2539 ostio.

64 2589 113 2629 nin
124 2576 238 2647 gloriar.
251 2578 309 2633 Sed
320 2585 436 2637 mutans
447 2583 544 2637 locum
556 2587 583 2638 et
594 2584 793 2638 innocentiam
852 2583 1013 2652 speluucre,
1029 2587 1061 2638 ut
1075 2598 1130 2639 nec
1145 2581 1323 2655 ingrediaris
1334 2597 1387 2650 per
1398 2574 1680 2648 concupiscentiam,

64 2677 115 2733 ne,
132 2664 258 2721 delicere
276 2671 374 2739 coepit,
388 2675 415 2725 et
431 2672 472 2727 ire
485 2672 520 2726 de
536 2674 613 2726 malo
629 2673 792 2744 iniquitatis
851 2688 905 2727 nec
920 2672 1085 2745 egrediaris
1101 2690 1154 2742 per
1172 2671 1392 2743 impatientiam.
1408 2668 1457 2723 Sta
1472 2667 1503 2721 in
1518 2665 1594 2720 ostio
1610 2679 1682 2733 spe-

67 2751 145 2807 alum
173 2758 358 2812 mortalitatis
388 2760 423 2813 ad
454 2762 561 2814 inalum
584 2761 791 2817 damnationis.
851 2761 946 2816 luneae
964 2766 1031 2831 turc,
1044 2765 1072 2816 et
1083 2778 1152 2816 cccc
1163 2760 1353 2832 pertransibit
1365 2757 1517 2812 Dominus
1529 2751 1681 2818 Quomodo

64 2843 160 2896 autem
175 2844 318 2915 Salvator,
341 2853 368 2901 et
391 2852 565 2905 monstravit
588 2852 674 2905 aliam
697 2851 791 2919 riam,
851 2853 939 2906 homo
955 2867 1007 2922 per
1028 2850 1297 2919 concupiscentiam
1321 2847 1401 2901 carni
1424 2845 1575 2899 inhaerens
1590 2843 1683 2895 Deum

63 2928 71 2982 l
86 2931 208 3001 patriam
227 2940 390 2991 revertatur
404 2939 501 3009 homo,
519 2956 572 3009 ρον·
586 2941 697 2995 bonum
710 2939 795 3011 justi·
852 2941 953 2995 videre
969 2943 1084 3012 poterit,
1103 2939 1228 2994 camille
1244 2938 1329 2991 ctiam
1341 2936 1390 3007 qui
1407 2938 1466 2989 toto
1482 2931 1630 2987 desiderio
1647 2928 1683 2982 ad

68 3019 175 3074 malum
191 3039 296 3092 poenae,
314 3026 351 3079 ad
366 3027 475 3081 honum
491 3029 605 3100 gloriae.
853 3031 962 3084 exitum
975 3031 1073 3085 carnis
1084 3030 1185 3096 inhiat,
1198 3029 1228 3082 in
1239 3027 1292 3081 hae
1302 3024 1491 3095 corruptione
1499 3020 1595 3075 adhuc
1603 3017 1683 3088 posi·

72 3108 173 3163 thlll.
193 3110 338 3176 Quomodo
353 3132 386 3170 se
401 3117 508 3172 debeat
524 3121 645 3193 quisque
660 3120 721 3173 Deo
736 3120 767 3173 in
852 3123 900 3174 tus
911 3135 971 3175 non
982 3120 1041 3174 nisi
1050 3121 1251 3173 transeuntem
1267 3115 1367 3168 videre
1378 3111 1484 3184 queat?
1494 3109 1527 3163 ln
1542 3108 1595 3162 hac
1610 3120 1683 3177 ergo

229 3201 325 3257 cibum
343 3222 527 3276 preparare·
811 3206 836 3266 C
852 3208 1037 3263 mortalitatis
1049 3196 1684 3279 caligineadventusDeiudnnimamintran·

64 3300 195 3341 mensam
215 3307 350 3362 arapham
369 3296 504 3353 sedistis
523 3300 717 3357 Considerate
733 3319 795 3374 qaue
853 3299 912 3353 situ
924 3299 964 3367 lit,
974 3298 1041 3369 quia
1053 3296 1132 3368 quod
1143 3290 1498 3363 hicdcipsiusdulcedine
1507 3283 1686 3343 mutabiliter

64 3385 250 3447 apponuntur,
263 3388 291 3437 rt
302 3385 409 3440 scitote
420 3388 486 3459 quia
498 3396 612 3461 oportet
626 3391 794 3446 rossimilia
853 3387 1023 3444 viventibus
1035 3385 1208 3452 ostenditur,
1221 3383 1333 3451 abipso
1349 3379 1457 3448 enimc,
1474 3373 1609 3448 quarnvis
1624 3372 1687 3426 illu·

64 3479 136 3518 rore
152 3466 257 3535 (liceli.
276 3481 368 3533 xxm).
387 3474 464 3530 Ecce
481 3478 624 3533 Dominus
640 3481 796 3550 prandium
854 3483 972 3549 minato,
984 3479 1020 3532 ad
1032 3493 1095 3532 suae
1111 3471 1308 3543 corruptionis
1324 3469 1462 3524 tenebras
1478 3479 1598 3521 rursum
1613 3462 1687 3517 reln-

67 3555 79 3605 t
92 3553 188 3625 vobis,
201 3557 318 3630 fratres,
330 3578 383 3630 ρον
397 3567 531 3635 exeinpla
543 3573 712 3623 sanctorum
724 3587 796 3624 suo·
854 3571 941 3624 bente
956 3580 1143 3638 nequaquam
1158 3563 1209 3617 diu
1225 3562 1375 3616 retinetur.
1392 3557 1472 3611 dccc
1483 3549 1687 3626 pertransibit

64 3643 141 3696 nodo
152 3646 289 3702 ielieiens
301 3666 354 3705 vos
373 3653 409 3706 ad
427 3656 576 3721 meritum,
590 3657 683 3711 donec
694 3663 797 3728 postea
856 3658 1007 3714 Dominus.
1015 3655 1149 3727 Spiritus
1155 3651 1317 3723 prandiset
1327 3644 1689 3703 fortissubverterismou·

64 3746 82 3787 n
91 3737 173 3802 peret
184 3735 214 3788 in
226 3738 333 3807 gaudio
350 3747 530 3813 sanctorum,
547 3747 659 3801 satians
674 3763 730 3801 vos
746 3764 799 3818 per
858 3753 903 3802 tes
912 3751 942 3801 et
953 3751 1111 3801 conterens
1116 3747 1230 3813 petrae,¹
1239 3755 1294 3793 nou
1301 3740 1331 3791 in
1338 3732 1604 3808 spirituDomiuus.
1614 3728 1687 3782 Post

64 3816 131 3874 ium.
148 3821 261 3879 Tauros
276 3843 349 3882 suos
364 3834 393 3883 et
407 3833 496 3887 altilia
512 3851 567 3888 sua
583 3836 700 3904 occidit,
717 3841 747 3890 ut
761 3837 798 3891 ud
857 3837 996 3907 spiritum
1019 3832 1191 3894 eonunotio;
1208 3845 1264 3882 uon
1280 3828 1311 3880 in
1327 3824 1518 3879 commotione
1533 3817 1684 3881 Bortinae,

64 3923 116 3963 em
136 3915 164 3965 et
188 3918 462 3986 contemplationem
487 3927 649 3993 pascamini
674 3944 727 3997 per
746 3943 799 3981 cos
858 3925 931 3980 Post
951 3921 1169 3978 constuctionem
1192 3918 1291 3989 lybie,
1317 3931 1373 3970 non
1398 3914 1429 3966 in
1449 3912 1520 3983 ipae
1534 3906 1686 3963 Dominus.

64 4015 97 4053 m
111 4000 141 4054 in
154 4005 231 4057 terra
248 4021 315 4061 earo
325 4008 431 4081 jugum
442 4015 568 4082 portavit
579 4016 608 4070 in
620 4016 720 4070 labore
730 4015 802 4069 honi
856 4013 932 4069 Post
939 4014 1038 4084 ionem
1046 4009 1242 4065 sibilusaurre
1249 4002 1443 4071 louis(ibid.).
1453 3995 1689 4069 Eccepreamhu·

64 4105 88 4159 νς
105 4093 134 4143 ct
148 4093 183 4145 ad
199 4094 305 4150 coelum
320 4115 404 4152 mens
420 4102 573 4157 sublevata
586 4103 681 4159 iuerat
692 4119 744 4173 per
754 4121 803 4158 vo·
856 4103 903 4158 los
914 4101 977 4169 Dei,
989 4100 1125 4171 spiritum
1139 4094 1365 4151 commotionem
1380 4094 1409 4145 et
1424 4089 1534 4162 ignem.
1551 4086 1618 4140 Non
1634 4098 1688 4139 re·

80 4182 346 4252 contemplationis.
372 4188 431 4245 llas
457 4208 563 4247 carnes
587 4193 617 4246 in
631 4209 733 4247 mensa
749 4193 802 4247 Dei
857 4192 899 4245 nit
914 4190 1058 4245 Dominus
1073 4187 1109 4241 nd
1125 4191 1152 4240 te
1167 4185 1227 4239 nisi
1245 4184 1329 4254 prins
1348 4180 1399 4236 isti
1411 4178 1541 4233 veniant.
1559 4174 1688 4246 Spiritus

64 4270 112 4333 ,ut
122 4285 174 4338 per
185 4274 313 4328 carnalia
325 4277 426 4331 relecti
437 4280 473 4334 od
485 4281 647 4351 spiritualia
663 4281 801 4352 proficia—
857 4283 903 4334 est
912 4283 1008 4335 terror
1016 4276 1121 4347 judicii
1132 4273 1245 4343 aeterni,
1257 4272 1307 4345 qui
1319 4272 1345 4326 si
1356 4271 1386 4324 in
1398 4285 1449 4324 cor
1459 4265 1625 4339 peccatoris
1635 4264 1689 4317 im·

64 4362 238 4414 erumtomen
253 4363 332 4418 seire
348 4365 462 4422 dehetis
479 4370 558 4439 quod
573 4370 667 4424 elixas
684 4385 800 4439 carnes,
857 4368 983 4441 pegerit,
1002 4369 1031 4420 et
1046 4368 1161 4420 montes
1176 4362 1324 4433 superbiae
1341 4359 1453 4431 dejicit,
1465 4361 1493 4414 et
1509 4359 1607 4426 petras
1623 4349 1689 4409 duri

75 4460 153 4518 aqua
168 4454 267 4506 coctas
283 4468 385 4507 mensa
404 4456 454 4510 llei
470 4473 530 4512 non
541 4459 654 4529 recipit.
669 4458 801 4525 Audistis
857 4459 905 4512 tiae
917 4456 1064 4512 dissolvit.
1076 4452 1135 4510 Sed
1143 4453 1191 4509 hic
1202 4465 1388 4522 nequequam
1398 4449 1479 4503 Deus
1489 4460 1559 4500 esso
1569 4442 1687 4506 dicitur,

64 4535 185 4607 qualiter
195 4556 290 4611 agnus
302 4543 452 4612 paschalis
469 4562 528 4602 non
543 4564 618 4619 aqua
634 4548 731 4619 coqui,
748 4547 802 4601 sed
816 4518 842 4578 D
857 4547 926 4617 quio
945 4545 1042 4600 anima
1065 4559 1153 4614 qnam
1176 4541 1273 4595 adhuc
1293 4539 1382 4593 timor
1397 4532 1570 4606 perditionis
1585 4527 1685 4594 altlcit,

64 4622 252 4697 lpraecipitur
267 4631 376 4699 (Eroti.
393 4638 455 4704 xii),
472 4639 500 4690 et
519 4640 586 4706 post
605 4637 801 4692 resurrectio·
858 4635 987 4692 nondum
1001 4619 1601 4704 periectascharitatisdulcedincmsentit.
1616 4619 1686 4677 l’ost

64 4710 194 4771 .Christo
205 4719 298 4788 piscis
310 4738 400 4776 assus
414 4740 478 4778 cum
490 4725 557 4779 lavo
570 4726 665 4782 mellis
677 4726 802 4780 mandu-
856 4724 992 4794 spiritum
1013 4719 1170 4777 courmotio
1192 4716 1337 4787 sequitur,
1364 4713 1432 4785 quia
1452 4715 1565 4765 terrore
1581 4705 1688 4779 iudicii

70 4801 152 4871 (Luc.
169 4809 260 4889 xxrvt.
275 4811 357 4880 hqua
374 4811 451 4866 enim
467 4829 573 4868 <earnes
588 4815 618 4868 in
635 4831 667 4869 se
684 4817 802 4869 coactas
858 4828 1006 4867 concussa
1021 4825 1104 4865 mens
1119 4824 1189 4865 mox
1199 4822 1215 4860 a
1226 4822 1280 4861 sua
1291 4803 1449 4859 stabilitate
1461 4801 1603 4869 movetur.
1616 4796 1690 4861 Post

64 4889 94 4959 it,
105 4894 134 4946 et
147 4893 213 4950 ideo
233 4896 306 4953 torte
322 4901 390 4970 quia
408 4901 486 4955 licus
503 4903 607 4957 molles
623 4919 728 4956 carnes
744 4916 804 4956 non
859 4899 1083 4956 commotionem
1098 4912 1169 4952 vero
1185 4894 1265 4967 ignis
1277 4892 1420 4965 sequitur,
1433 4889 1579 4962 quiaposl
1590 4885 1689 4941 anxie·

69 4984 98 5037 et
122 4982 298 5055 dissolutas,
323 4994 422 5044 assuta
449 4993 682 5047 commendatur.
707 4990 803 5046 Mollis
858 4976 1691 5045 tritemiuturisaeculiadversumsesaeviensanimusar·

64 5087 132 5128 caro
143 5078 189 5130 cst
200 5093 265 5147 ιρννο
278 5078 355 5149 dicit,
371 5080 447 5135 terre
462 5097 522 5137 non
531 5097 666 5152 possum,
678 5080 803 5135 tolerare
858 5079 929 5133 dore
940 5074 1176 5151 compunctionis
1187 5072 1392 5129 inflammatur.
1406 5069 1560 5122 Postremo
1571 5063 1637 5138 igni
1645 5063 1689 5119 si-

64 5160 143 5229 ¹aleo,
167 5165 327 5231 dissolvor,
355 5169 469 5223 delicio.
496 5171 579 5225 ilanc
604 5186 724 5227 carnem
746 5185 806 5231 non
858 5168 938 5223 hilus
953 5181 1034 5223 aurae
1047 5165 1124 5221 lenis
1139 5162 1282 5231 succedit,
1294 5160 1363 5233 quia
1376 5158 1541 5229 postlongn
1552 5167 1692 5224 computre

65 5251 156 5321 Deus,
168 5254 221 5309 sed
239 5255 308 5325 igne
322 5259 473 5327 passionis
489 5260 630 5315 torridam
644 5263 673 5315 ct
687 5260 807 5325 tribula·
859 5256 966 5319 ctionis
980 5254 1116 5311 incendia
1131 5253 1255 5323 purgate
1269 5265 1365 5317 mens,
1380 5247 1478 5304 afflata
1489 5243 1604 5314 spiritu,
1617 5256 1690 5299 coa·

77 5341 230 5399 tolerantia
246 5344 411 5400 solidatam.
429 5347 457 5401 st
472 5365 543 5420 ergo
560 5365 648 5404 carno
664 5348 805 5405 relicimi-
859 5344 1014 5405 solationis
1028 5342 1217 5414 refrigerium
1239 5339 1338 5411 sentit.
1356 5337 1414 5393 Ubi
1435 5333 1594 5392 notandum
1609 5327 1689 5400 quod

65 5429 144 5501 daile
154 5430 185 5485 in
195 5449 293 5489 ‹rai-oe.
306 5434 337 5489 Si
350 5435 426 5492 festa
436 5438 523 5493 robis
535 5438 614 5493 Deus
627 5437 705 5505 lacit,
718 5438 806 5492 tacite
860 5450 927 5490 cum
937 5434 969 5488 in
977 5430 1217 5505 praecedentibus
1226 5445 1287 5499 non
1297 5443 1366 5485 esse
1376 5419 1644 5487 Dominusdioitur,
1654 5416 1693 5481 si-

64 5517 129 5585 iilli
143 5517 230 5574 leste.
246 5521 277 5575 Si
293 5539 348 5579 ros
364 5524 552 5597 illegaudere
564 5526 599 5581 de
611 5541 644 5581 sc
656 5525 729 5580 etde
740 5527 807 5583 suis
860 5524 920 5580 hilo
931 5538 1011 5593 auria
1026 5520 1103 5589 leuis
1117 5534 1304 5592 nequaquem
1318 5531 1387 5579 esse
1402 5515 1541 5586 negatur-3
1562 5507 1633 5605 quie
1645 5522 1693 5561 ¹²¹·

64 5610 87 5677 l,
103 5607 191 5677 iscitc
207 5608 249 5663 illi
264 5613 404 5681 gaudium
419 5615 454 5670 de
475 5615 581 5671 vobis:
599 5616 656 5671 hoc
667 5618 714 5670 est
728 5615 811 5679 enim
860 5614 968 5685 mirum
983 5610 1034 5669 itta
1046 5609 1244 5681 auhumistans.
1259 5605 1327 5678 ejus
1342 5601 1529 5671 dulcedinem
1551 5595 1692 5667 immisti»

66 5710 273 5777 coremur.
862 5717 930 5777 aas
943 5688 1714 5773 normarmmrhasasssssrmess
1757 5696 1767 5705 ··
