<?xml version="1.0" encoding="UTF-8"?>
<!DOCTYPE html PUBLIC "-//W3C//DTD XHTML 1.0 Transitional//EN"
    "http://www.w3.org/TR/xhtml1/DTD/xhtml1-transitional.dtd">
<html xmlns="http://www.w3.org/1999/xhtml" xml:lang="en" lang="en">
 <head>
  <title>
</title>
<meta http-equiv="Content-Type" content="text/html;charset=utf-8" />
  <meta name='ocr-system' content='tesseract 3.04.00' />
  <meta name='ocr-capabilities' content='ocr_page ocr_carea ocr_par ocr_line ocrx_word'/>
</head>
<body>
  <div class='ocr_page' id='page_1' title='image "./patrologiaecurs28unkngoog_0094.png"; bbox 0 0 3796 6022; ppageno 0'>
   <div class='ocr_carea' id='block_1_1' title="bbox 58 117 119 181">
    <p class='ocr_par' dir='ltr' id='par_1_1' title="bbox 58 117 119 181">
     <span class='ocr_line' id='line_1_1' title="bbox 58 117 119 181; baseline 0 0"><span class='ocrx_word' id='word_1_1' title='bbox 58 117 119 181; x_wconf 77' lang='lat'><strong>177</strong></span> 
     </span>
    </p>
   </div>
   <div class='ocr_carea' id='block_1_2' title="bbox 626 110 1226 187">
    <p class='ocr_par' dir='ltr' id='par_1_2' title="bbox 626 110 1226 187">
     <span class='ocr_line' id='line_1_2' title="bbox 626 110 1226 187; baseline -0.008 -8"><span class='ocrx_word' id='word_1_2' title='bbox 626 112 683 179; x_wconf 85' lang='lat' dir='ltr'><strong>DE</strong></span> <span class='ocrx_word' id='word_1_3' title='bbox 702 112 848 179; x_wconf 80' lang='lat' dir='ltr'>ANIMA</span> <span class='ocrx_word' id='word_1_4' title='bbox 868 110 992 177; x_wconf 83' lang='lat' dir='ltr'><strong>LIBER</strong></span> <span class='ocrx_word' id='word_1_5' title='bbox 1013 111 1226 187; x_wconf 82' lang='lat' dir='ltr'><strong>QUARTUS.</strong></span> 
     </span>
    </p>
   </div>
   <div class='ocr_carea' id='block_1_3' title="bbox 1730 111 1791 180">
    <p class='ocr_par' dir='ltr' id='par_1_3' title="bbox 1730 111 1791 180">
     <span class='ocr_line' id='line_1_3' title="bbox 1730 111 1791 180; baseline 0.098 -7"><span class='ocrx_word' id='word_1_6' title='bbox 1730 111 1791 180; x_wconf 80' lang='lat'><strong>178</strong></span> 
     </span>
    </p>
   </div>
   <div class='ocr_carea' id='block_1_4' title="bbox 60 307 1789 392">
    <p class='ocr_par' dir='ltr' id='par_1_4' title="bbox 60 307 1789 392">
     <span class='ocr_line' id='line_1_4' title="bbox 60 307 1789 392; baseline 0.002 -20"><span class='ocrx_word' id='word_1_7' title='bbox 60 319 140 389; x_wconf 82' lang='lat' dir='ltr'><strong>vitae,</strong></span> <span class='ocrx_word' id='word_1_8' title='bbox 158 318 210 392; x_wconf 88' lang='lat' dir='ltr'><strong>qui</strong></span> <span class='ocrx_word' id='word_1_9' title='bbox 222 319 405 391; x_wconf 84' lang='lat' dir='ltr'><strong>neeretleis,</strong></span> <span class='ocrx_word' id='word_1_10' title='bbox 421 320 496 374; x_wconf 90' lang='lat' dir='ltr'><strong>etin</strong></span> <span class='ocrx_word' id='word_1_11' title='bbox 513 322 541 373; x_wconf 91' lang='lat' dir='ltr'><strong>te</strong></span> <span class='ocrx_word' id='word_1_12' title='bbox 559 333 617 373; x_wconf 91' lang='lat' dir='ltr'><strong>nen</strong></span> <span class='ocrx_word' id='word_1_13' title='bbox 633 317 749 384; x_wconf 82' lang='lat' dir='ltr'><strong>delicis,</strong></span> <span class='ocrx_word' id='word_1_14' title='bbox 766 307 942 387; x_wconf 85' lang='lat' dir='ltr'><strong>quetidieA</strong></span> <span class='ocrx_word' id='word_1_15' title='bbox 958 314 1032 368; x_wconf 88' lang='lat' dir='ltr'><strong>siste</strong></span> <span class='ocrx_word' id='word_1_16' title='bbox 1047 313 1200 383; x_wconf 89' lang='lat' dir='ltr'><strong>membris,</strong></span> <span class='ocrx_word' id='word_1_17' title='bbox 1224 313 1425 369; x_wconf 86' lang='lat' dir='ltr'><strong>considerare.</strong></span> <span class='ocrx_word' id='word_1_18' title='bbox 1449 314 1521 371; x_wconf 83' lang='lat' dir='ltr'><strong>Tuae</strong></span> <span class='ocrx_word' id='word_1_19' title='bbox 1543 315 1621 370; x_wconf 87' lang='lat' dir='ltr'><strong>enim</strong></span> <span class='ocrx_word' id='word_1_20' title='bbox 1638 315 1789 375; x_wconf 86' lang='lat' dir='ltr'><strong>charitatis</strong></span> 
     </span>
    </p>
   </div>
   <div class='ocr_carea' id='block_1_5' title="bbox 47 404 899 1638">
    <p class='ocr_par' dir='ltr' id='par_1_5' title="bbox 47 404 899 1638">
     <span class='ocr_line' id='line_1_5' title="bbox 60 404 895 480; baseline -0.005 -17"><span class='ocrx_word' id='word_1_21' title='bbox 60 407 238 477; x_wconf 85' lang='lat' dir='ltr'><strong>comederis,</strong></span> <span class='ocrx_word' id='word_1_22' title='bbox 255 410 283 463; x_wconf 90' lang='lat' dir='ltr'><strong>et</strong></span> <span class='ocrx_word' id='word_1_23' title='bbox 304 423 424 479; x_wconf 87' lang='lat' dir='ltr'><strong>semper</strong></span> <span class='ocrx_word' id='word_1_24' title='bbox 446 408 562 480; x_wconf 78' lang='lat' dir='ltr'>integer</span> <span class='ocrx_word' id='word_1_25' title='bbox 587 422 699 462; x_wconf 87' lang='lat' dir='ltr'><strong>manes.</strong></span> <span class='ocrx_word' id='word_1_26' title='bbox 724 404 895 476; x_wconf 84' lang='lat' dir='ltr'><strong>Resplende</strong></span> 
     </span>
     <span class='ocr_line' id='line_1_6' title="bbox 61 496 897 567; baseline -0.005 -16"><span class='ocrx_word' id='word_1_27' title='bbox 61 497 148 565; x_wconf 91' lang='lat' dir='ltr'><strong>mihi,</strong></span> <span class='ocrx_word' id='word_1_28' title='bbox 176 498 305 552; x_wconf 87' lang='lat' dir='ltr'><strong>accende</strong></span> <span class='ocrx_word' id='word_1_29' title='bbox 327 514 389 567; x_wconf 90' lang='lat' dir='ltr'><strong>me,</strong></span> <span class='ocrx_word' id='word_1_30' title='bbox 407 498 538 552; x_wconf 90' lang='lat' dir='ltr'><strong>illumina</strong></span> <span class='ocrx_word' id='word_1_31' title='bbox 553 500 581 552; x_wconf 93' lang='lat' dir='ltr'><strong>et</strong></span> <span class='ocrx_word' id='word_1_32' title='bbox 597 496 750 550; x_wconf 83' lang='lat' dir='ltr'><strong>sanctifica</strong></span> <span class='ocrx_word' id='word_1_33' title='bbox 765 510 826 562; x_wconf 90' lang='lat' dir='ltr'><strong>me,</strong></span> <span class='ocrx_word' id='word_1_34' title='bbox 844 510 897 547; x_wconf 87' lang='lat' dir='ltr'><strong>vas</strong></span> 
     </span>
     <span class='ocr_line' id='line_1_7' title="bbox 60 583 898 657; baseline -0.002 -20"><span class='ocrx_word' id='word_1_35' title='bbox 60 590 142 640; x_wconf 91' lang='lat' dir='ltr'><strong>tuum</strong></span> <span class='ocrx_word' id='word_1_36' title='bbox 159 585 195 639; x_wconf 90' lang='lat' dir='ltr'><strong>de</strong></span> <span class='ocrx_word' id='word_1_37' title='bbox 211 586 319 641; x_wconf 87' lang='lat' dir='ltr'><strong>malitia</strong></span> <span class='ocrx_word' id='word_1_38' title='bbox 330 602 450 653; x_wconf 90' lang='lat' dir='ltr'><strong>evucue,</strong></span> <span class='ocrx_word' id='word_1_39' title='bbox 469 586 556 656; x_wconf 83' lang='lat' dir='ltr'><strong>imple</strong></span> <span class='ocrx_word' id='word_1_40' title='bbox 567 586 603 640; x_wconf 91' lang='lat' dir='ltr'><strong>de</strong></span> <span class='ocrx_word' id='word_1_41' title='bbox 614 585 718 657; x_wconf 82' lang='lat' dir='ltr'><strong>gratia,</strong></span> <span class='ocrx_word' id='word_1_42' title='bbox 735 588 764 639; x_wconf 90' lang='lat' dir='ltr'><strong>et</strong></span> <span class='ocrx_word' id='word_1_43' title='bbox 779 583 898 654; x_wconf 92' lang='lat' dir='ltr'><strong>plenum</strong></span> 
     </span>
     <span class='ocr_line' id='line_1_8' title="bbox 47 671 897 743; baseline -0.005 -15"><span class='ocrx_word' id='word_1_44' title='bbox 47 674 220 743; x_wconf 55' lang='lat' dir='ltr'><strong>conserve,</strong></span> <span class='ocrx_word' id='word_1_45' title='bbox 232 678 263 729; x_wconf 88' lang='lat' dir='ltr'><strong>ut</strong></span> <span class='ocrx_word' id='word_1_46' title='bbox 277 676 315 730; x_wconf 90' lang='lat' dir='ltr'><strong>ed</strong></span> <span class='ocrx_word' id='word_1_47' title='bbox 326 675 450 731; x_wconf 90' lang='lat' dir='ltr'><strong>salutem</strong></span> <span class='ocrx_word' id='word_1_48' title='bbox 461 675 567 730; x_wconf 82' lang='lat' dir='ltr'><strong>enimae</strong></span> <span class='ocrx_word' id='word_1_49' title='bbox 578 692 651 730; x_wconf 75' lang='lat' dir='ltr'><strong>meur</strong></span> <span class='ocrx_word' id='word_1_50' title='bbox 667 674 842 728; x_wconf 85' lang='lat' dir='ltr'><strong>manducem</strong></span> <span class='ocrx_word' id='word_1_51' title='bbox 858 671 897 725; x_wconf 93' lang='lat' dir='ltr'><strong>ci-</strong></span> 
     </span>
     <span class='ocr_line' id='line_1_9' title="bbox 60 761 898 836; baseline -0.004 -18"><span class='ocrx_word' id='word_1_52' title='bbox 60 763 131 820; x_wconf 91' lang='lat' dir='ltr'><strong>bum</strong></span> <span class='ocrx_word' id='word_1_53' title='bbox 147 765 248 819; x_wconf 85' lang='lat' dir='ltr'><strong>earnis</strong></span> <span class='ocrx_word' id='word_1_54' title='bbox 263 768 332 831; x_wconf 75' lang='lat' dir='ltr'><strong>ture,</strong></span> <span class='ocrx_word' id='word_1_55' title='bbox 343 767 489 836; x_wconf 86' lang='lat' dir='ltr'><strong>quatenus</strong></span> <span class='ocrx_word' id='word_1_56' title='bbox 500 764 704 819; x_wconf 87' lang='lat' dir='ltr'><strong>manducando</strong></span> <span class='ocrx_word' id='word_1_57' title='bbox 713 767 741 818; x_wconf 93' lang='lat' dir='ltr'><strong>te</strong></span> <span class='ocrx_word' id='word_1_58' title='bbox 753 763 851 816; x_wconf 89' lang='lat' dir='ltr'><strong>vivam</strong></span> <span class='ocrx_word' id='word_1_59' title='bbox 862 761 898 816; x_wconf 92' lang='lat' dir='ltr'><strong>de</strong></span> 
     </span>
     <span class='ocr_line' id='line_1_10' title="bbox 60 851 896 925; baseline -0.001 -20"><span class='ocrx_word' id='word_1_60' title='bbox 60 857 96 922; x_wconf 89' lang='lat' dir='ltr'><strong>te,</strong></span> <span class='ocrx_word' id='word_1_61' title='bbox 108 854 219 907; x_wconf 85' lang='lat' dir='ltr'><strong>vadam</strong></span> <span class='ocrx_word' id='word_1_62' title='bbox 231 870 284 925; x_wconf 90' lang='lat' dir='ltr'><strong>per</strong></span> <span class='ocrx_word' id='word_1_63' title='bbox 297 858 336 924; x_wconf 90' lang='lat' dir='ltr'><strong>te,</strong></span> <span class='ocrx_word' id='word_1_64' title='bbox 349 855 520 924; x_wconf 81' lang='lat' dir='ltr'><strong>perveniam</strong></span> <span class='ocrx_word' id='word_1_65' title='bbox 534 854 570 907; x_wconf 92' lang='lat' dir='ltr'><strong>ed</strong></span> <span class='ocrx_word' id='word_1_66' title='bbox 585 858 623 923; x_wconf 91' lang='lat' dir='ltr'><strong>te,</strong></span> <span class='ocrx_word' id='word_1_67' title='bbox 640 868 797 923; x_wconf 76' lang='lat' dir='ltr'><strong>repausem</strong></span> <span class='ocrx_word' id='word_1_68' title='bbox 813 851 842 904; x_wconf 92' lang='lat' dir='ltr'><strong>in</strong></span> <span class='ocrx_word' id='word_1_69' title='bbox 858 854 896 904; x_wconf 91' lang='lat' dir='ltr'><strong>tc.</strong></span> 
     </span>
     <span class='ocr_line' id='line_1_11' title="bbox 61 941 898 1012; baseline -0.005 -15"><span class='ocrx_word' id='word_1_70' title='bbox 61 941 82 996; x_wconf 93' lang='lat'>0</span> <span class='ocrx_word' id='word_1_71' title='bbox 98 942 229 997; x_wconf 82' lang='lat' dir='ltr'><strong>dulcedo</strong></span> <span class='ocrx_word' id='word_1_72' title='bbox 243 943 365 1012; x_wconf 79' lang='lat' dir='ltr'><strong>emeriS,</strong></span> <span class='ocrx_word' id='word_1_73' title='bbox 382 946 411 998; x_wconf 89' lang='lat' dir='ltr'><strong>ct</strong></span> <span class='ocrx_word' id='word_1_74' title='bbox 425 959 508 997; x_wconf 89' lang='lat' dir='ltr'><strong>amer</strong></span> <span class='ocrx_word' id='word_1_75' title='bbox 523 942 703 1011; x_wconf 84' lang='lat' dir='ltr'><strong>dulcedinis,</strong></span> <span class='ocrx_word' id='word_1_76' title='bbox 722 941 856 995; x_wconf 88' lang='lat' dir='ltr'><strong>comedet</strong></span> <span class='ocrx_word' id='word_1_77' title='bbox 870 942 898 993; x_wconf 90' lang='lat' dir='ltr'><strong>te</strong></span> 
     </span>
     <span class='ocr_line' id='line_1_12' title="bbox 59 1028 898 1101; baseline -0.002 -17"><span class='ocrx_word' id='word_1_78' title='bbox 59 1036 165 1085; x_wconf 87' lang='lat' dir='ltr'><strong>venter</strong></span> <span class='ocrx_word' id='word_1_79' title='bbox 181 1046 277 1100; x_wconf 89' lang='lat' dir='ltr'><strong>meus,</strong></span> <span class='ocrx_word' id='word_1_80' title='bbox 295 1035 324 1087; x_wconf 90' lang='lat' dir='ltr'><strong>et</strong></span> <span class='ocrx_word' id='word_1_81' title='bbox 339 1035 458 1087; x_wconf 90' lang='lat' dir='ltr'><strong>nectere</strong></span> <span class='ocrx_word' id='word_1_82' title='bbox 474 1032 515 1085; x_wconf 91' lang='lat' dir='ltr'><strong>tui</strong></span> <span class='ocrx_word' id='word_1_83' title='bbox 530 1033 640 1086; x_wconf 85' lang='lat' dir='ltr'><strong>ameris</strong></span> <span class='ocrx_word' id='word_1_84' title='bbox 656 1031 823 1101; x_wconf 88' lang='lat' dir='ltr'><strong>repleantur</strong></span> <span class='ocrx_word' id='word_1_85' title='bbox 838 1028 898 1082; x_wconf 91' lang='lat' dir='ltr'><strong>vis·</strong></span> 
     </span>
     <span class='ocr_line' id='line_1_13' title="bbox 61 1118 896 1189; baseline -0.002 -17"><span class='ocrx_word' id='word_1_86' title='bbox 61 1135 128 1176; x_wconf 85' lang='lat' dir='ltr'><strong>rere</strong></span> <span class='ocrx_word' id='word_1_87' title='bbox 145 1136 228 1189; x_wconf 88' lang='lat' dir='ltr'><strong>meo,</strong></span> <span class='ocrx_word' id='word_1_88' title='bbox 253 1124 284 1175; x_wconf 93' lang='lat' dir='ltr'><strong>ut</strong></span> <span class='ocrx_word' id='word_1_89' title='bbox 305 1125 417 1176; x_wconf 89' lang='lat' dir='ltr'><strong>eructet</strong></span> <span class='ocrx_word' id='word_1_90' title='bbox 440 1137 525 1175; x_wconf 78' lang='lat' dir='ltr'><strong>niens</strong></span> <span class='ocrx_word' id='word_1_91' title='bbox 553 1136 616 1175; x_wconf 89' lang='lat' dir='ltr'><strong>mee</strong></span> <span class='ocrx_word' id='word_1_92' title='bbox 638 1120 761 1175; x_wconf 88' lang='lat' dir='ltr'><strong>verbum</strong></span> <span class='ocrx_word' id='word_1_93' title='bbox 776 1118 896 1172; x_wconf 87' lang='lat' dir='ltr'><strong>henum.</strong></span> 
     </span>
     <span class='ocr_line' id='line_1_14' title="bbox 59 1208 895 1280; baseline -0.004 -17"><span class='ocrx_word' id='word_1_94' title='bbox 59 1208 199 1263; x_wconf 84' lang='lat' dir='ltr'><strong>Charites</strong></span> <span class='ocrx_word' id='word_1_95' title='bbox 214 1210 291 1278; x_wconf 90' lang='lat' dir='ltr'><strong>viva,</strong></span> <span class='ocrx_word' id='word_1_96' title='bbox 309 1209 388 1264; x_wconf 87' lang='lat' dir='ltr'><strong>Deus</strong></span> <span class='ocrx_word' id='word_1_97' title='bbox 405 1226 500 1280; x_wconf 75' lang='lat' dir='ltr'><strong>meua,</strong></span> <span class='ocrx_word' id='word_1_98' title='bbox 516 1211 573 1264; x_wconf 89' lang='lat' dir='ltr'><strong>mel</strong></span> <span class='ocrx_word' id='word_1_99' title='bbox 591 1209 687 1278; x_wconf 89' lang='lat' dir='ltr'><strong>dulre,</strong></span> <span class='ocrx_word' id='word_1_100' title='bbox 705 1209 749 1262; x_wconf 91' lang='lat' dir='ltr'><strong>lac</strong></span> <span class='ocrx_word' id='word_1_101' title='bbox 765 1208 895 1277; x_wconf 89' lang='lat' dir='ltr'><strong>niveum,</strong></span> 
     </span>
     <span class='ocr_line' id='line_1_15' title="bbox 61 1298 898 1371; baseline -0.001 -20"><span class='ocrx_word' id='word_1_102' title='bbox 61 1298 149 1353; x_wconf 86' lang='lat' dir='ltr'><strong>ribus</strong></span> <span class='ocrx_word' id='word_1_103' title='bbox 163 1301 211 1353; x_wconf 88' lang='lat' dir='ltr'><strong>est</strong></span> <span class='ocrx_word' id='word_1_104' title='bbox 226 1299 393 1371; x_wconf 87' lang='lat' dir='ltr'><strong>grandium.</strong></span> <span class='ocrx_word' id='word_1_105' title='bbox 411 1299 469 1353; x_wconf 89' lang='lat' dir='ltr'><strong>Fae</strong></span> <span class='ocrx_word' id='word_1_106' title='bbox 485 1316 532 1353; x_wconf 91' lang='lat' dir='ltr'><strong>me</strong></span> <span class='ocrx_word' id='word_1_107' title='bbox 549 1314 685 1353; x_wconf 80' lang='lat' dir='ltr'><strong>creseere</strong></span> <span class='ocrx_word' id='word_1_108' title='bbox 698 1299 728 1351; x_wconf 92' lang='lat' dir='ltr'><strong>in</strong></span> <span class='ocrx_word' id='word_1_109' title='bbox 737 1300 814 1366; x_wconf 90' lang='lat' dir='ltr'><strong>te,ut</strong></span> <span class='ocrx_word' id='word_1_110' title='bbox 825 1313 898 1351; x_wconf 89' lang='lat' dir='ltr'><strong>sene</strong></span> 
     </span>
     <span class='ocr_line' id='line_1_16' title="bbox 61 1387 899 1458; baseline -0.002 -17"><span class='ocrx_word' id='word_1_111' title='bbox 61 1388 160 1458; x_wconf 84' lang='lat' dir='ltr'><strong>palate</strong></span> <span class='ocrx_word' id='word_1_112' title='bbox 173 1388 277 1458; x_wconf 87' lang='lat' dir='ltr'><strong>possis</strong></span> <span class='ocrx_word' id='word_1_113' title='bbox 292 1388 462 1441; x_wconf 88' lang='lat' dir='ltr'><strong>manducari</strong></span> <span class='ocrx_word' id='word_1_114' title='bbox 479 1404 495 1441; x_wconf 89' lang='lat' dir='ltr'><strong>a</strong></span> <span class='ocrx_word' id='word_1_115' title='bbox 511 1403 567 1442; x_wconf 89' lang='lat' dir='ltr'><strong>me.</strong></span> <span class='ocrx_word' id='word_1_116' title='bbox 579 1388 622 1441; x_wconf 89' lang='lat' dir='ltr'><strong>Tu</strong></span> <span class='ocrx_word' id='word_1_117' title='bbox 638 1404 671 1441; x_wconf 90' lang='lat' dir='ltr'><strong>es</strong></span> <span class='ocrx_word' id='word_1_118' title='bbox 688 1387 747 1440; x_wconf 89' lang='lat' dir='ltr'><strong>vite</strong></span> <span class='ocrx_word' id='word_1_119' title='bbox 761 1402 826 1440; x_wconf 85' lang='lat' dir='ltr'><strong>mea</strong></span> <span class='ocrx_word' id='word_1_120' title='bbox 842 1402 899 1456; x_wconf 78' lang='lat' dir='ltr'><strong>qua</strong></span> 
     </span>
     <span class='ocr_line' id='line_1_17' title="bbox 60 1475 899 1549; baseline -0.002 -19"><span class='ocrx_word' id='word_1_121' title='bbox 60 1475 899 1549; x_wconf 82' lang='lat' dir='ltr'><strong>vivo,spescuiinhaeree,gloriaquamadipiscidesidero</strong></span> 
     </span>
     <span class='ocr_line' id='line_1_18' title="bbox 60 1564 898 1638; baseline -0.002 -18"><span class='ocrx_word' id='word_1_122' title='bbox 60 1566 188 1621; x_wconf 79' lang='lat' dir='ltr'><strong>Tumihi</strong></span> <span class='ocrx_word' id='word_1_123' title='bbox 201 1569 342 1633; x_wconf 82' lang='lat' dir='ltr'><strong>certene,</strong></span> <span class='ocrx_word' id='word_1_124' title='bbox 354 1569 481 1621; x_wconf 77' lang='lat' dir='ltr'><strong>mentem</strong></span> <span class='ocrx_word' id='word_1_125' title='bbox 497 1581 579 1638; x_wconf 84' lang='lat' dir='ltr'><strong>rege,</strong></span> <span class='ocrx_word' id='word_1_126' title='bbox 596 1565 775 1620; x_wconf 88' lang='lat' dir='ltr'><strong>intellectum</strong></span> <span class='ocrx_word' id='word_1_127' title='bbox 792 1564 898 1635; x_wconf 78' lang='lat' dir='ltr'><strong>dirige,</strong></span> 
     </span>
    </p>
   </div>
   <div class='ocr_carea' id='block_1_6' title="bbox 952 401 1793 1623">
    <p class='ocr_par' dir='ltr' id='par_1_6' title="bbox 952 401 1793 1623">
     <span class='ocr_line' id='line_1_19' title="bbox 952 401 1791 474; baseline 0.008 -18"><span class='ocrx_word' id='word_1_128' title='bbox 952 401 1054 474; x_wconf 81' lang='lat' dir='ltr'><strong>jaculo</strong></span> <span class='ocrx_word' id='word_1_129' title='bbox 1070 402 1243 457; x_wconf 87' lang='lat' dir='ltr'><strong>vulneratus</strong></span> <span class='ocrx_word' id='word_1_130' title='bbox 1266 418 1347 471; x_wconf 91' lang='lat' dir='ltr'><strong>sum,</strong></span> <span class='ocrx_word' id='word_1_131' title='bbox 1372 402 1416 459; x_wconf 91' lang='lat' dir='ltr'><strong>tui</strong></span> <span class='ocrx_word' id='word_1_132' title='bbox 1435 403 1627 461; x_wconf 88' lang='lat' dir='ltr'><strong>vehementer</strong></span> <span class='ocrx_word' id='word_1_133' title='bbox 1640 405 1791 463; x_wconf 85' lang='lat' dir='ltr'><strong>desiderio</strong></span> 
     </span>
     <span class='ocr_line' id='line_1_20' title="bbox 955 492 1789 564; baseline 0.008 -18"><span class='ocrx_word' id='word_1_134' title='bbox 955 493 1058 564; x_wconf 89' lang='lat' dir='ltr'><strong>llegre,</strong></span> <span class='ocrx_word' id='word_1_135' title='bbox 1076 493 1111 546; x_wconf 90' lang='lat' dir='ltr'><strong>ud</strong></span> <span class='ocrx_word' id='word_1_136' title='bbox 1128 496 1155 545; x_wconf 92' lang='lat' dir='ltr'><strong>te</strong></span> <span class='ocrx_word' id='word_1_137' title='bbox 1176 493 1330 562; x_wconf 88' lang='lat' dir='ltr'><strong>pervenire</strong></span> <span class='ocrx_word' id='word_1_138' title='bbox 1354 492 1456 563; x_wconf 87' lang='lat' dir='ltr'><strong>cupio,</strong></span> <span class='ocrx_word' id='word_1_139' title='bbox 1479 496 1507 547; x_wconf 89' lang='lat' dir='ltr'><strong>te</strong></span> <span class='ocrx_word' id='word_1_140' title='bbox 1523 493 1625 549; x_wconf 89' lang='lat' dir='ltr'><strong>videre</strong></span> <span class='ocrx_word' id='word_1_141' title='bbox 1638 495 1789 553; x_wconf 86' lang='lat' dir='ltr'><strong>desidere.</strong></span> 
     </span>
     <span class='ocr_line' id='line_1_21' title="bbox 955 581 1786 656; baseline 0.007 -22"><span class='ocrx_word' id='word_1_142' title='bbox 955 581 1340 650; x_wconf 85' lang='lat' dir='ltr'><strong>ldcircosupcrcustediam</strong></span> <span class='ocrx_word' id='word_1_143' title='bbox 1348 582 1786 656; x_wconf 85' lang='lat' dir='ltr'><strong>meamstube,etvigileutibus</strong></span> 
     </span>
     <span class='ocr_line' id='line_1_22' title="bbox 955 669 1790 742; baseline 0.008 -18"><span class='ocrx_word' id='word_1_144' title='bbox 955 669 1050 724; x_wconf 89' lang='lat' dir='ltr'><strong>oeulis</strong></span> <span class='ocrx_word' id='word_1_145' title='bbox 1065 669 1209 740; x_wconf 88' lang='lat' dir='ltr'><strong>psalmam</strong></span> <span class='ocrx_word' id='word_1_146' title='bbox 1219 669 1335 739; x_wconf 86' lang='lat' dir='ltr'><strong>spiritu,</strong></span> <span class='ocrx_word' id='word_1_147' title='bbox 1347 670 1500 740; x_wconf 89' lang='lat' dir='ltr'><strong>psalmam,</strong></span> <span class='ocrx_word' id='word_1_148' title='bbox 1514 674 1542 725; x_wconf 91' lang='lat' dir='ltr'><strong>et</strong></span> <span class='ocrx_word' id='word_1_149' title='bbox 1558 675 1663 742; x_wconf 90' lang='lat' dir='ltr'><strong>mente,</strong></span> <span class='ocrx_word' id='word_1_150' title='bbox 1677 676 1706 728; x_wconf 90' lang='lat' dir='ltr'><strong>et</strong></span> <span class='ocrx_word' id='word_1_151' title='bbox 1719 675 1790 731; x_wconf 86' lang='lat' dir='ltr'><strong>tetis</strong></span> 
     </span>
     <span class='ocr_line' id='line_1_23' title="bbox 953 758 1789 836; baseline 0.011 -25"><span class='ocrx_word' id='word_1_152' title='bbox 953 759 1069 813; x_wconf 87' lang='lat' dir='ltr'><strong>viribus</strong></span> <span class='ocrx_word' id='word_1_153' title='bbox 1085 761 1112 812; x_wconf 92' lang='lat' dir='ltr'><strong>te</strong></span> <span class='ocrx_word' id='word_1_154' title='bbox 1129 758 1270 812; x_wconf 81' lang='lat' dir='ltr'><strong>sectorem</strong></span> <span class='ocrx_word' id='word_1_155' title='bbox 1284 774 1383 812; x_wconf 90' lang='lat' dir='ltr'><strong>mcum</strong></span> <span class='ocrx_word' id='word_1_156' title='bbox 1399 759 1572 815; x_wconf 81' lang='lat' dir='ltr'><strong>collaudabo</strong></span> <span class='ocrx_word' id='word_1_157' title='bbox 1587 760 1616 830; x_wconf 75' lang='lat' dir='ltr'><strong>(I</strong></span> <span class='ocrx_word' id='word_1_158' title='bbox 1631 760 1699 817; x_wconf 85' lang='lat' dir='ltr'><strong>Cor.</strong></span> <span class='ocrx_word' id='word_1_159' title='bbox 1715 762 1789 836; x_wconf 68' lang='grc' dir='ltr'>ιιι).</span> 
     </span>
     <span class='ocr_line' id='line_1_24' title="bbox 954 847 1791 924; baseline 0.007 -22"><span class='ocrx_word' id='word_1_160' title='bbox 954 848 1058 903; x_wconf 91' lang='lat' dir='ltr'><strong>Polum</strong></span> <span class='ocrx_word' id='word_1_161' title='bbox 1067 847 1238 918; x_wconf 87' lang='lat' dir='ltr'><strong>penetrabo,</strong></span> <span class='ocrx_word' id='word_1_162' title='bbox 1251 851 1348 902; x_wconf 91' lang='lat' dir='ltr'><strong>mente</strong></span> <span class='ocrx_word' id='word_1_163' title='bbox 1359 852 1388 902; x_wconf 92' lang='lat' dir='ltr'><strong>et</strong></span> <span class='ocrx_word' id='word_1_164' title='bbox 1403 848 1551 904; x_wconf 87' lang='lat' dir='ltr'><strong>desiderio</strong></span> <span class='ocrx_word' id='word_1_165' title='bbox 1567 853 1664 905; x_wconf 90' lang='lat' dir='ltr'><strong>tecum</strong></span> <span class='ocrx_word' id='word_1_166' title='bbox 1679 867 1741 924; x_wconf 92' lang='lat' dir='ltr'><strong>ere,</strong></span> <span class='ocrx_word' id='word_1_167' title='bbox 1759 855 1791 908; x_wconf 90' lang='lat' dir='ltr'><strong>ut</strong></span> 
     </span>
     <span class='ocr_line' id='line_1_25' title="bbox 955 937 1788 1013; baseline 0.008 -23"><span class='ocrx_word' id='word_1_168' title='bbox 955 937 1141 1007; x_wconf 71' lang='lat' dir='ltr'><strong>inpraesenti</strong></span> <span class='ocrx_word' id='word_1_169' title='bbox 1160 937 1278 1008; x_wconf 85' lang='lat' dir='ltr'><strong>quidem</strong></span> <span class='ocrx_word' id='word_1_170' title='bbox 1301 938 1422 992; x_wconf 90' lang='lat' dir='ltr'><strong>miseria</strong></span> <span class='ocrx_word' id='word_1_171' title='bbox 1447 938 1512 993; x_wconf 88' lang='lat' dir='ltr'><strong>selo</strong></span> <span class='ocrx_word' id='word_1_172' title='bbox 1535 955 1660 1010; x_wconf 89' lang='lat' dir='ltr'><strong>corpere</strong></span> <span class='ocrx_word' id='word_1_173' title='bbox 1675 942 1788 1013; x_wconf 86' lang='lat' dir='ltr'><strong>tenear,</strong></span> 
     </span>
     <span class='ocr_line' id='line_1_26' title="bbox 955 1026 1790 1102; baseline 0.01 -22"><span class='ocrx_word' id='word_1_174' title='bbox 955 1030 1051 1083; x_wconf 92' lang='lat' dir='ltr'><strong>tecum</strong></span> <span class='ocrx_word' id='word_1_175' title='bbox 1074 1029 1171 1081; x_wconf 89' lang='lat' dir='ltr'><strong>autem</strong></span> <span class='ocrx_word' id='word_1_176' title='bbox 1198 1026 1390 1098; x_wconf 74' lang='lat' dir='ltr'><strong>cogitatione,</strong></span> <span class='ocrx_word' id='word_1_177' title='bbox 1416 1028 1571 1098; x_wconf 89' lang='lat' dir='ltr'><strong>aviditate,</strong></span> <span class='ocrx_word' id='word_1_178' title='bbox 1596 1034 1684 1102; x_wconf 85' lang='lat' dir='ltr'><strong>atque</strong></span> <span class='ocrx_word' id='word_1_179' title='bbox 1709 1031 1790 1087; x_wconf 88' lang='lat' dir='ltr'><strong>omni</strong></span> 
     </span>
     <span class='ocr_line' id='line_1_27' title="bbox 955 1116 1788 1191; baseline 0.006 -21"><span class='ocrx_word' id='word_1_180' title='bbox 955 1117 1104 1171; x_wconf 88' lang='lat' dir='ltr'><strong>desiderio</strong></span> <span class='ocrx_word' id='word_1_181' title='bbox 1120 1117 1178 1170; x_wconf 93' lang='lat' dir='ltr'><strong>sim</strong></span> <span class='ocrx_word' id='word_1_182' title='bbox 1193 1131 1321 1185; x_wconf 88' lang='lat' dir='ltr'><strong>semper,</strong></span> <span class='ocrx_word' id='word_1_183' title='bbox 1338 1119 1484 1187; x_wconf 88' lang='lat' dir='ltr'><strong>quatenus</strong></span> <span class='ocrx_word' id='word_1_184' title='bbox 1502 1116 1543 1170; x_wconf 91' lang='lat' dir='ltr'><strong>ibi</strong></span> <span class='ocrx_word' id='word_1_185' title='bbox 1559 1117 1598 1171; x_wconf 92' lang='lat' dir='ltr'><strong>sit</strong></span> <span class='ocrx_word' id='word_1_186' title='bbox 1613 1134 1788 1191; x_wconf 90' lang='lat' dir='ltr'><strong>cormeum,</strong></span> 
     </span>
     <span class='ocr_line' id='line_1_28' title="bbox 955 1205 1789 1279; baseline 0.007 -19"><span class='ocrx_word' id='word_1_187' title='bbox 955 1206 1004 1260; x_wconf 88' lang='lat' dir='ltr'><strong>ubi</strong></span> <span class='ocrx_word' id='word_1_188' title='bbox 1021 1209 1052 1260; x_wconf 92' lang='lat' dir='ltr'><strong>tu</strong></span> <span class='ocrx_word' id='word_1_189' title='bbox 1062 1222 1095 1260; x_wconf 89' lang='lat' dir='ltr'><strong>es</strong></span> <span class='ocrx_word' id='word_1_190' title='bbox 1106 1205 1265 1260; x_wconf 85' lang='lat' dir='ltr'><strong>thesaurus</strong></span> <span class='ocrx_word' id='word_1_191' title='bbox 1278 1220 1362 1259; x_wconf 91' lang='lat' dir='ltr'><strong>meus</strong></span> <span class='ocrx_word' id='word_1_192' title='bbox 1373 1205 1592 1275; x_wconf 84' lang='lat' dir='ltr'><strong>desiderabilis,</strong></span> <span class='ocrx_word' id='word_1_193' title='bbox 1606 1207 1789 1279; x_wconf 87' lang='lat' dir='ltr'><strong>incompara-</strong></span> 
     </span>
     <span class='ocr_line' id='line_1_29' title="bbox 955 1293 1791 1368; baseline 0.006 -20"><span class='ocrx_word' id='word_1_194' title='bbox 955 1295 1035 1364; x_wconf 91' lang='lat' dir='ltr'><strong>bilis,</strong></span> <span class='ocrx_word' id='word_1_195' title='bbox 1049 1310 1223 1366; x_wconf 86' lang='lat' dir='ltr'><strong>summeque</strong></span> <span class='ocrx_word' id='word_1_196' title='bbox 1232 1294 1377 1349; x_wconf 88' lang='lat' dir='ltr'><strong>amabitis.</strong></span> <span class='ocrx_word' id='word_1_197' title='bbox 1388 1293 1447 1349; x_wconf 87' lang='lat' dir='ltr'><strong>Sed</strong></span> <span class='ocrx_word' id='word_1_198' title='bbox 1456 1311 1525 1349; x_wconf 86' lang='lat' dir='ltr'><strong>cece</strong></span> <span class='ocrx_word' id='word_1_199' title='bbox 1535 1295 1614 1351; x_wconf 90' lang='lat' dir='ltr'><strong>Deus</strong></span> <span class='ocrx_word' id='word_1_200' title='bbox 1626 1312 1710 1353; x_wconf 88' lang='lat' dir='ltr'><strong>meus</strong></span> <span class='ocrx_word' id='word_1_201' title='bbox 1721 1298 1791 1368; x_wconf 88' lang='lat' dir='ltr'><strong>piis·</strong></span> 
     </span>
     <span class='ocr_line' id='line_1_30' title="bbox 956 1384 1792 1454; baseline 0.007 -16"><span class='ocrx_word' id='word_1_202' title='bbox 956 1386 1041 1453; x_wconf 91' lang='lat' dir='ltr'><strong>sime,</strong></span> <span class='ocrx_word' id='word_1_203' title='bbox 1050 1401 1084 1438; x_wconf 91' lang='lat' dir='ltr'><strong>ee</strong></span> <span class='ocrx_word' id='word_1_204' title='bbox 1093 1384 1374 1439; x_wconf 84' lang='lat' dir='ltr'><strong>misericordissime</strong></span> <span class='ocrx_word' id='word_1_205' title='bbox 1384 1385 1517 1454; x_wconf 86' lang='lat' dir='ltr'><strong>Domine,</strong></span> <span class='ocrx_word' id='word_1_206' title='bbox 1526 1384 1594 1439; x_wconf 94' lang='lat' dir='ltr'><strong>dum</strong></span> <span class='ocrx_word' id='word_1_207' title='bbox 1603 1389 1661 1440; x_wconf 77' lang='lat' dir='ltr'><strong>tuae</strong></span> <span class='ocrx_word' id='word_1_208' title='bbox 1672 1385 1792 1444; x_wconf 85' lang='lat' dir='ltr'><strong>immen-</strong></span> 
     </span>
     <span class='ocr_line' id='line_1_31' title="bbox 957 1473 1789 1549; baseline 0.007 -21"><span class='ocrx_word' id='word_1_209' title='bbox 957 1490 999 1528; x_wconf 74' lang='lat' dir='ltr'><strong>sae</strong></span> <span class='ocrx_word' id='word_1_210' title='bbox 1015 1473 1154 1528; x_wconf 87' lang='lat' dir='ltr'><strong>honitatis</strong></span> <span class='ocrx_word' id='word_1_211' title='bbox 1171 1477 1198 1527; x_wconf 91' lang='lat' dir='ltr'><strong>et</strong></span> <span class='ocrx_word' id='word_1_212' title='bbox 1217 1474 1334 1544; x_wconf 86' lang='lat' dir='ltr'><strong>pietatis</strong></span> <span class='ocrx_word' id='word_1_213' title='bbox 1358 1474 1484 1546; x_wconf 80' lang='lat' dir='ltr'><strong>gloriam</strong></span> <span class='ocrx_word' id='word_1_214' title='bbox 1504 1475 1695 1532; x_wconf 82' lang='lat' dir='ltr'><strong>considerare</strong></span> <span class='ocrx_word' id='word_1_215' title='bbox 1709 1477 1789 1549; x_wconf 92' lang='lat' dir='ltr'><strong>vele,</strong></span> 
     </span>
     <span class='ocr_line' id='line_1_32' title="bbox 958 1562 1793 1623; baseline 0.008 -7"><span class='ocrx_word' id='word_1_216' title='bbox 958 1578 1010 1617; x_wconf 90' lang='lat' dir='ltr'><strong>cer</strong></span> <span class='ocrx_word' id='word_1_217' title='bbox 1018 1578 1115 1616; x_wconf 92' lang='lat' dir='ltr'><strong>meum</strong></span> <span class='ocrx_word' id='word_1_218' title='bbox 1125 1562 1313 1617; x_wconf 85' lang='lat' dir='ltr'><strong>nensulsseit.</strong></span> <span class='ocrx_word' id='word_1_219' title='bbox 1322 1562 1446 1617; x_wconf 85' lang='lat' dir='ltr'><strong>Excedit</strong></span> <span class='ocrx_word' id='word_1_220' title='bbox 1454 1563 1531 1617; x_wconf 91' lang='lat' dir='ltr'><strong>enim</strong></span> <span class='ocrx_word' id='word_1_221' title='bbox 1541 1580 1658 1619; x_wconf 92' lang='lat' dir='ltr'><strong>emnem</strong></span> <span class='ocrx_word' id='word_1_222' title='bbox 1668 1581 1793 1623; x_wconf 89' lang='lat' dir='ltr'><strong>sensum</strong></span> 
     </span>
    </p>
   </div>
   <div class='ocr_carea' id='block_1_7' title="bbox 62 1635 1793 1905">
    <p class='ocr_par' dir='ltr' id='par_1_7' title="bbox 62 1635 1793 1905">
     <span class='ocr_line' id='line_1_33' title="bbox 62 1635 1793 1727; baseline 0.003 -18"><span class='ocrx_word' id='word_1_223' title='bbox 62 1670 195 1709; x_wconf 88' lang='lat' dir='ltr'><strong>emerem</strong></span> <span class='ocrx_word' id='word_1_224' title='bbox 206 1654 300 1727; x_wconf 90' lang='lat' dir='ltr'><strong>erige,</strong></span> <span class='ocrx_word' id='word_1_225' title='bbox 312 1655 442 1711; x_wconf 91' lang='lat' dir='ltr'><strong>animum</strong></span> <span class='ocrx_word' id='word_1_226' title='bbox 458 1655 618 1726; x_wconf 87' lang='lat' dir='ltr'><strong>suspende,</strong></span> <span class='ocrx_word' id='word_1_227' title='bbox 631 1657 659 1710; x_wconf 88' lang='lat' dir='ltr'><strong>el</strong></span> <span class='ocrx_word' id='word_1_228' title='bbox 669 1654 699 1708; x_wconf 90' lang='lat' dir='ltr'><strong>in</strong></span> <span class='ocrx_word' id='word_1_229' title='bbox 711 1669 840 1724; x_wconf 87' lang='lat' dir='ltr'><strong>superna</strong></span> <span class='ocrx_word' id='word_1_230' title='bbox 850 1653 901 1707; x_wconf 88' lang='lat' dir='ltr'><strong>tlu-</strong></span> <span class='ocrx_word' id='word_1_231' title='bbox 916 1635 942 1696; x_wconf 86' lang='grc' dir='ltr'>Β</span> <span class='ocrx_word' id='word_1_232' title='bbox 958 1651 1094 1705; x_wconf 78' lang='lat' dir='ltr'><strong>humanae</strong></span> <span class='ocrx_word' id='word_1_233' title='bbox 1110 1650 1217 1705; x_wconf 91' lang='lat' dir='ltr'><strong>mentis</strong></span> <span class='ocrx_word' id='word_1_234' title='bbox 1233 1655 1314 1704; x_wconf 92' lang='lat' dir='ltr'><strong>tuum</strong></span> <span class='ocrx_word' id='word_1_235' title='bbox 1333 1651 1441 1721; x_wconf 89' lang='lat' dir='ltr'><strong>decus,</strong></span> <span class='ocrx_word' id='word_1_236' title='bbox 1458 1655 1506 1706; x_wconf 91' lang='lat' dir='ltr'><strong>tua</strong></span> <span class='ocrx_word' id='word_1_237' title='bbox 1526 1652 1727 1726; x_wconf 89' lang='lat' dir='ltr'><strong>pulchritudo,</strong></span> <span class='ocrx_word' id='word_1_238' title='bbox 1742 1658 1793 1714; x_wconf 84' lang='lat' dir='ltr'><strong>tue</strong></span> 
     </span>
     <span class='ocr_line' id='line_1_34' title="bbox 64 1740 1791 1817; baseline 0.002 -19"><span class='ocrx_word' id='word_1_239' title='bbox 64 1746 142 1809; x_wconf 86' lang='lat' dir='ltr'><strong>ente,</strong></span> <span class='ocrx_word' id='word_1_240' title='bbox 160 1759 197 1799; x_wconf 87' lang='lat' dir='ltr'><strong>es</strong></span> <span class='ocrx_word' id='word_1_241' title='bbox 213 1744 342 1798; x_wconf 88' lang='lat' dir='ltr'><strong>sitientis</strong></span> <span class='ocrx_word' id='word_1_242' title='bbox 356 1746 386 1798; x_wconf 91' lang='lat' dir='ltr'><strong>te</strong></span> <span class='ocrx_word' id='word_1_243' title='bbox 401 1744 523 1814; x_wconf 88' lang='lat' dir='ltr'><strong>spiritus</strong></span> <span class='ocrx_word' id='word_1_244' title='bbox 539 1743 632 1798; x_wconf 88' lang='lat' dir='ltr'><strong>traho.</strong></span> <span class='ocrx_word' id='word_1_245' title='bbox 650 1743 771 1811; x_wconf 90' lang='lat' dir='ltr'><strong>Taceat,</strong></span> <span class='ocrx_word' id='word_1_246' title='bbox 784 1758 899 1812; x_wconf 78' lang='lat' dir='ltr'><strong>qrraese,</strong></span> <span class='ocrx_word' id='word_1_247' title='bbox 958 1741 1063 1807; x_wconf 91' lang='lat' dir='ltr'><strong>virtus,</strong></span> <span class='ocrx_word' id='word_1_248' title='bbox 1080 1743 1129 1794; x_wconf 89' lang='lat' dir='ltr'><strong>tue</strong></span> <span class='ocrx_word' id='word_1_249' title='bbox 1144 1740 1248 1812; x_wconf 88' lang='lat' dir='ltr'><strong>gloria,</strong></span> <span class='ocrx_word' id='word_1_250' title='bbox 1266 1744 1314 1794; x_wconf 90' lang='lat' dir='ltr'><strong>tua</strong></span> <span class='ocrx_word' id='word_1_251' title='bbox 1329 1741 1557 1813; x_wconf 79' lang='lat' dir='ltr'><strong>magnificentia,</strong></span> <span class='ocrx_word' id='word_1_252' title='bbox 1574 1745 1623 1798; x_wconf 91' lang='lat' dir='ltr'><strong>tue</strong></span> <span class='ocrx_word' id='word_1_253' title='bbox 1635 1743 1791 1817; x_wconf 82' lang='lat' dir='ltr'><strong>majestas,</strong></span> 
     </span>
     <span class='ocr_line' id='line_1_35' title="bbox 64 1828 1793 1905; baseline 0.003 -20"><span class='ocrx_word' id='word_1_254' title='bbox 64 1832 207 1887; x_wconf 90' lang='lat' dir='ltr'><strong>tumultus</strong></span> <span class='ocrx_word' id='word_1_255' title='bbox 222 1831 337 1901; x_wconf 88' lang='lat' dir='ltr'><strong>cernis,</strong></span> <span class='ocrx_word' id='word_1_256' title='bbox 360 1832 560 1887; x_wconf 85' lang='lat' dir='ltr'><strong>conticescant</strong></span> <span class='ocrx_word' id='word_1_257' title='bbox 576 1832 739 1902; x_wconf 81' lang='lat' dir='ltr'><strong>phantasiae</strong></span> <span class='ocrx_word' id='word_1_258' title='bbox 755 1835 901 1885; x_wconf 86' lang='lat' dir='ltr'><strong>terrarum</strong></span> <span class='ocrx_word' id='word_1_259' title='bbox 959 1834 987 1884; x_wconf 91' lang='lat' dir='ltr'><strong>et</strong></span> <span class='ocrx_word' id='word_1_260' title='bbox 1002 1834 1050 1883; x_wconf 90' lang='lat' dir='ltr'><strong>tua</strong></span> <span class='ocrx_word' id='word_1_261' title='bbox 1066 1828 1205 1883; x_wconf 84' lang='lat' dir='ltr'><strong>cherilus.</strong></span> <span class='ocrx_word' id='word_1_262' title='bbox 1222 1828 1304 1882; x_wconf 83' lang='lat' dir='ltr'><strong>Sicut</strong></span> <span class='ocrx_word' id='word_1_263' title='bbox 1323 1830 1540 1885; x_wconf 78' lang='lat' dir='ltr'><strong>inaestimabilis</strong></span> <span class='ocrx_word' id='word_1_264' title='bbox 1555 1835 1601 1886; x_wconf 90' lang='lat' dir='ltr'><strong>est</strong></span> <span class='ocrx_word' id='word_1_265' title='bbox 1615 1835 1673 1887; x_wconf 76' lang='lat' dir='ltr'><strong>tuae</strong></span> <span class='ocrx_word' id='word_1_266' title='bbox 1687 1833 1793 1905; x_wconf 82' lang='lat' dir='ltr'><strong>gloriae</strong></span> 
     </span>
    </p>
   </div>
   <div class='ocr_carea' id='block_1_8' title="bbox 61 1919 903 2614">
    <p class='ocr_par' dir='ltr' id='par_1_8' title="bbox 61 1919 903 2614">
     <span class='ocr_line' id='line_1_36' title="bbox 64 1919 901 1992; baseline -0.004 -17"><span class='ocrx_word' id='word_1_267' title='bbox 64 1926 89 1975; x_wconf 86' lang='lat' dir='ltr'><strong>et</strong></span> <span class='ocrx_word' id='word_1_268' title='bbox 104 1937 263 1992; x_wconf 72' lang='lat' dir='ltr'><strong>anetarum,</strong></span> <span class='ocrx_word' id='word_1_269' title='bbox 275 1921 354 1975; x_wconf 87' lang='lat' dir='ltr'><strong>aeris</strong></span> <span class='ocrx_word' id='word_1_270' title='bbox 366 1924 394 1975; x_wconf 90' lang='lat' dir='ltr'><strong>et</strong></span> <span class='ocrx_word' id='word_1_271' title='bbox 403 1920 473 1990; x_wconf 94' lang='lat' dir='ltr'><strong>poli.</strong></span> <span class='ocrx_word' id='word_1_272' title='bbox 486 1921 614 1975; x_wconf 83' lang='lat' dir='ltr'><strong>‘luceant</strong></span> <span class='ocrx_word' id='word_1_273' title='bbox 628 1921 743 1975; x_wconf 87' lang='lat' dir='ltr'><strong>somnia</strong></span> <span class='ocrx_word' id='word_1_274' title='bbox 759 1923 786 1974; x_wconf 90' lang='lat' dir='ltr'><strong>et</strong></span> <span class='ocrx_word' id='word_1_275' title='bbox 798 1919 901 1990; x_wconf 85' lang='lat' dir='ltr'><strong>imagi·</strong></span> 
     </span>
     <span class='ocr_line' id='line_1_37' title="bbox 63 2008 903 2081; baseline -0.002 -18"><span class='ocrx_word' id='word_1_276' title='bbox 63 2012 155 2065; x_wconf 67' lang='lat' dir='ltr'><strong>narie!</strong></span> <span class='ocrx_word' id='word_1_277' title='bbox 173 2009 382 2077; x_wconf 60' lang='lat' dir='ltr'><strong>revelationes</strong></span> <span class='ocrx_word' id='word_1_278' title='bbox 400 2011 496 2063; x_wconf 91' lang='lat' dir='ltr'><strong>omnis</strong></span> <span class='ocrx_word' id='word_1_279' title='bbox 508 2010 617 2081; x_wconf 80' lang='lat' dir='ltr'><strong>lingua,</strong></span> <span class='ocrx_word' id='word_1_280' title='bbox 631 2026 717 2064; x_wconf 86' lang='lat' dir='ltr'><strong>earne</strong></span> <span class='ocrx_word' id='word_1_281' title='bbox 730 2008 861 2080; x_wconf 89' lang='lat' dir='ltr'><strong>signum,</strong></span> <span class='ocrx_word' id='word_1_282' title='bbox 874 2012 903 2062; x_wconf 91' lang='lat' dir='ltr'><strong>et</strong></span> 
     </span>
     <span class='ocr_line' id='line_1_38' title="bbox 64 2097 900 2170; baseline -0.004 -17"><span class='ocrx_word' id='word_1_283' title='bbox 64 2097 211 2170; x_wconf 87' lang='lat' dir='ltr'><strong>quidquid</strong></span> <span class='ocrx_word' id='word_1_284' title='bbox 226 2099 408 2152; x_wconf 90' lang='lat' dir='ltr'><strong>transeundo</strong></span> <span class='ocrx_word' id='word_1_285' title='bbox 424 2098 464 2152; x_wconf 83' lang='lat' dir='ltr'><strong>sit.</strong></span> <span class='ocrx_word' id='word_1_286' title='bbox 481 2098 571 2153; x_wconf 86' lang='lat' dir='ltr'><strong>Sileet</strong></span> <span class='ocrx_word' id='word_1_287' title='bbox 587 2099 645 2152; x_wconf 91' lang='lat' dir='ltr'><strong>sihi</strong></span> <span class='ocrx_word' id='word_1_288' title='bbox 666 2102 694 2153; x_wconf 88' lang='lat' dir='ltr'><strong>et</strong></span> <span class='ocrx_word' id='word_1_289' title='bbox 709 2099 774 2168; x_wconf 90' lang='lat' dir='ltr'><strong>ipsa</strong></span> <span class='ocrx_word' id='word_1_290' title='bbox 788 2097 900 2166; x_wconf 89' lang='lat' dir='ltr'><strong>aniam,</strong></span> 
     </span>
     <span class='ocr_line' id='line_1_39' title="bbox 63 2188 901 2260; baseline -0.001 -20"><span class='ocrx_word' id='word_1_291' title='bbox 63 2193 89 2240; x_wconf 87' lang='lat' dir='ltr'><strong>et</strong></span> <span class='ocrx_word' id='word_1_292' title='bbox 104 2190 241 2241; x_wconf 86' lang='lat' dir='ltr'><strong>transcat</strong></span> <span class='ocrx_word' id='word_1_293' title='bbox 257 2202 291 2241; x_wconf 88' lang='lat' dir='ltr'><strong>se</strong></span> <span class='ocrx_word' id='word_1_294' title='bbox 307 2202 367 2241; x_wconf 91' lang='lat' dir='ltr'><strong>nen</strong></span> <span class='ocrx_word' id='word_1_295' title='bbox 390 2188 562 2260; x_wconf 88' lang='lat' dir='ltr'><strong>cogitando,</strong></span> <span class='ocrx_word' id='word_1_296' title='bbox 585 2189 637 2242; x_wconf 88' lang='lat' dir='ltr'><strong>sod</strong></span> <span class='ocrx_word' id='word_1_297' title='bbox 654 2192 690 2251; x_wconf 87' lang='lat' dir='ltr'><strong>te,</strong></span> <span class='ocrx_word' id='word_1_298' title='bbox 710 2188 789 2241; x_wconf 91' lang='lat' dir='ltr'><strong>Deus</strong></span> <span class='ocrx_word' id='word_1_299' title='bbox 805 2201 901 2253; x_wconf 91' lang='lat' dir='ltr'><strong>meus,</strong></span> 
     </span>
     <span class='ocr_line' id='line_1_40' title="bbox 63 2274 902 2347; baseline -0.002 -17"><span class='ocrx_word' id='word_1_300' title='bbox 63 2277 204 2347; x_wconf 90' lang='lat' dir='ltr'><strong>queniam</strong></span> <span class='ocrx_word' id='word_1_301' title='bbox 220 2279 299 2330; x_wconf 90' lang='lat' dir='ltr'><strong>tues</strong></span> <span class='ocrx_word' id='word_1_302' title='bbox 315 2291 419 2330; x_wconf 88' lang='lat' dir='ltr'><strong>revere</strong></span> <span class='ocrx_word' id='word_1_303' title='bbox 435 2280 492 2330; x_wconf 87' lang='lat' dir='ltr'><strong>teta</strong></span> <span class='ocrx_word' id='word_1_304' title='bbox 509 2292 580 2346; x_wconf 86' lang='lat' dir='ltr'><strong>spos</strong></span> <span class='ocrx_word' id='word_1_305' title='bbox 596 2281 624 2332; x_wconf 91' lang='lat' dir='ltr'><strong>et</strong></span> <span class='ocrx_word' id='word_1_306' title='bbox 640 2276 745 2330; x_wconf 88' lang='lat' dir='ltr'><strong>lidueia</strong></span> <span class='ocrx_word' id='word_1_307' title='bbox 760 2291 834 2329; x_wconf 90' lang='lat' dir='ltr'><strong>mea.</strong></span> <span class='ocrx_word' id='word_1_308' title='bbox 848 2274 902 2328; x_wconf 81' lang='lat' dir='ltr'><strong>Est</strong></span> 
     </span>
     <span class='ocr_line' id='line_1_41' title="bbox 63 2364 901 2433; baseline -0.002 -14"><span class='ocrx_word' id='word_1_309' title='bbox 63 2366 141 2419; x_wconf 91' lang='lat' dir='ltr'><strong>enim</strong></span> <span class='ocrx_word' id='word_1_310' title='bbox 157 2365 227 2419; x_wconf 91' lang='lat' dir='ltr'><strong>inte</strong></span> <span class='ocrx_word' id='word_1_311' title='bbox 239 2364 311 2433; x_wconf 93' lang='lat' dir='ltr'><strong>Dee,</strong></span> <span class='ocrx_word' id='word_1_312' title='bbox 324 2369 352 2419; x_wconf 90' lang='lat' dir='ltr'><strong>et</strong></span> <span class='ocrx_word' id='word_1_313' title='bbox 363 2365 487 2419; x_wconf 92' lang='lat' dir='ltr'><strong>Domine</strong></span> <span class='ocrx_word' id='word_1_314' title='bbox 499 2368 602 2419; x_wconf 91' lang='lat' dir='ltr'><strong>aestro</strong></span> <span class='ocrx_word' id='word_1_315' title='bbox 615 2365 687 2419; x_wconf 85' lang='lat' dir='ltr'><strong>lesu</strong></span> <span class='ocrx_word' id='word_1_316' title='bbox 698 2364 817 2419; x_wconf 82' lang='lat' dir='ltr'><strong>Christe</strong></span> <span class='ocrx_word' id='word_1_317' title='bbox 835 2364 901 2419; x_wconf 91' lang='lat' dir='ltr'><strong>dul-</strong></span> 
     </span>
     <span class='ocr_line' id='line_1_42' title="bbox 63 2453 900 2524; baseline 0 -17"><span class='ocrx_word' id='word_1_318' title='bbox 63 2454 204 2521; x_wconf 85' lang='lat' dir='ltr'><strong>cissime,</strong></span> <span class='ocrx_word' id='word_1_319' title='bbox 231 2458 261 2507; x_wconf 91' lang='lat' dir='ltr'><strong>et</strong></span> <span class='ocrx_word' id='word_1_320' title='bbox 284 2453 519 2524; x_wconf 85' lang='lat' dir='ltr'><strong>benignissime,</strong></span> <span class='ocrx_word' id='word_1_321' title='bbox 551 2457 638 2524; x_wconf 83' lang='lat' dir='ltr'><strong>atque</strong></span> <span class='ocrx_word' id='word_1_322' title='bbox 667 2453 900 2508; x_wconf 87' lang='lat' dir='ltr'><strong>clementissime</strong></span> 
     </span>
     <span class='ocr_line' id='line_1_43' title="bbox 61 2541 899 2614; baseline -0.002 -16"><span class='ocrx_word' id='word_1_323' title='bbox 61 2541 899 2614; x_wconf 84' lang='lat' dir='ltr'><strong>uniuscujusquenostrumetpertio,etsanguis,atcere.</strong></span> 
     </span>
    </p>
   </div>
   <div class='ocr_carea' id='block_1_9' title="bbox 61 2648 902 2810">
    <p class='ocr_par' dir='ltr' id='par_1_9' title="bbox 61 2648 902 2810">
     <span class='ocr_line' id='line_1_44' title="bbox 61 2648 902 2722; baseline -0.002 -17"><span class='ocrx_word' id='word_1_324' title='bbox 61 2650 132 2705; x_wconf 82' lang='lat' dir='ltr'><strong>Car.</strong></span> <span class='ocrx_word' id='word_1_325' title='bbox 146 2649 211 2705; x_wconf 89' lang='lat' dir='ltr'><strong>Vll.</strong></span> <span class='ocrx_word' id='word_1_326' title='bbox 229 2649 303 2720; x_wconf 87' lang='lat' dir='ltr'><strong>Spei</strong></span> <span class='ocrx_word' id='word_1_327' title='bbox 323 2656 353 2704; x_wconf 84' lang='lat' dir='ltr'><strong>ct</strong></span> <span class='ocrx_word' id='word_1_328' title='bbox 374 2648 489 2705; x_wconf 80' lang='lat' dir='ltr'><strong>ddncire</strong></span> <span class='ocrx_word' id='word_1_329' title='bbox 511 2665 584 2709; x_wconf 79' lang='lat' dir='ltr'><strong>sine.</strong></span> <span class='ocrx_word' id='word_1_330' title='bbox 609 2666 663 2722; x_wconf 83' lang='lat' dir='ltr'><strong>quo</strong></span> <span class='ocrx_word' id='word_1_331' title='bbox 682 2650 902 2704; x_wconf 84' lang='lat' dir='ltr'><strong>constantiores</strong></span> 
     </span>
     <span class='ocr_line' id='line_1_45' title="bbox 177 2736 786 2810; baseline 0 -17"><span class='ocrx_word' id='word_1_332' title='bbox 177 2736 261 2803; x_wconf 77' lang='lat' dir='ltr'><strong>liant,</strong></span> <span class='ocrx_word' id='word_1_333' title='bbox 278 2744 421 2794; x_wconf 78' lang='lat' dir='ltr'><strong>memoret</strong></span> <span class='ocrx_word' id='word_1_334' title='bbox 436 2755 542 2794; x_wconf 87' lang='lat' dir='ltr'><strong>canses</strong></span> <span class='ocrx_word' id='word_1_335' title='bbox 558 2746 587 2794; x_wconf 86' lang='lat' dir='ltr'><strong>et</strong></span> <span class='ocrx_word' id='word_1_336' title='bbox 602 2745 786 2810; x_wconf 80' lang='lat' dir='ltr'><strong>arpurnenta.</strong></span> 
     </span>
    </p>
   </div>
   <div class='ocr_carea' id='block_1_10' title="bbox 62 2844 901 3985">
    <p class='ocr_par' dir='ltr' id='par_1_10' title="bbox 62 2844 901 3985">
     <span class='ocr_line' id='line_1_46' title="bbox 96 2844 898 2919; baseline 0.002 -20"><span class='ocrx_word' id='word_1_337' title='bbox 96 2844 156 2899; x_wconf 81' lang='lat' dir='ltr'><strong>l&#39;bi</strong></span> <span class='ocrx_word' id='word_1_338' title='bbox 174 2860 250 2917; x_wconf 91' lang='lat' dir='ltr'><strong>erge</strong></span> <span class='ocrx_word' id='word_1_339' title='bbox 265 2846 361 2916; x_wconf 89' lang='lat' dir='ltr'><strong>portio</strong></span> <span class='ocrx_word' id='word_1_340' title='bbox 376 2862 440 2901; x_wconf 84' lang='lat' dir='ltr'><strong>men</strong></span> <span class='ocrx_word' id='word_1_341' title='bbox 456 2851 575 2919; x_wconf 86' lang='lat' dir='ltr'><strong>regnat,</strong></span> <span class='ocrx_word' id='word_1_342' title='bbox 596 2862 722 2917; x_wconf 82' lang='lat' dir='ltr'><strong>regnare</strong></span> <span class='ocrx_word' id='word_1_343' title='bbox 738 2862 784 2901; x_wconf 90' lang='lat' dir='ltr'><strong>me</strong></span> <span class='ocrx_word' id='word_1_344' title='bbox 799 2847 898 2915; x_wconf 90' lang='lat' dir='ltr'><strong>crede,</strong></span> 
     </span>
     <span class='ocr_line' id='line_1_47' title="bbox 63 2934 898 3006; baseline 0.001 -17"><span class='ocrx_word' id='word_1_345' title='bbox 63 2935 112 2989; x_wconf 90' lang='lat' dir='ltr'><strong>abi</strong></span> <span class='ocrx_word' id='word_1_346' title='bbox 124 2934 256 3006; x_wconf 85' lang='lat' dir='ltr'><strong>sanguis</strong></span> <span class='ocrx_word' id='word_1_347' title='bbox 266 2950 352 2989; x_wconf 89' lang='lat' dir='ltr'><strong>meus</strong></span> <span class='ocrx_word' id='word_1_348' title='bbox 367 2935 541 2999; x_wconf 90' lang='lat' dir='ltr'><strong>dominatur,</strong></span> <span class='ocrx_word' id='word_1_349' title='bbox 558 2936 703 2990; x_wconf 88' lang='lat' dir='ltr'><strong>dominari</strong></span> <span class='ocrx_word' id='word_1_350' title='bbox 714 2952 760 2991; x_wconf 93' lang='lat' dir='ltr'><strong>me</strong></span> <span class='ocrx_word' id='word_1_351' title='bbox 772 2937 898 3006; x_wconf 87' lang='lat' dir='ltr'><strong>eenflde,</strong></span> 
     </span>
     <span class='ocr_line' id='line_1_48' title="bbox 62 3024 901 3097; baseline 0.001 -19"><span class='ocrx_word' id='word_1_352' title='bbox 62 3024 109 3078; x_wconf 92' lang='lat' dir='ltr'><strong>ubi</strong></span> <span class='ocrx_word' id='word_1_353' title='bbox 119 3039 193 3077; x_wconf 81' lang='lat' dir='ltr'><strong>raro</strong></span> <span class='ocrx_word' id='word_1_354' title='bbox 202 3038 267 3077; x_wconf 88' lang='lat' dir='ltr'><strong>mea</strong></span> <span class='ocrx_word' id='word_1_355' title='bbox 276 3024 469 3095; x_wconf 80' lang='lat' dir='ltr'><strong>glorificetur,</strong></span> <span class='ocrx_word' id='word_1_356' title='bbox 480 3025 645 3097; x_wconf 87' lang='lat' dir='ltr'><strong>gloriosum</strong></span> <span class='ocrx_word' id='word_1_357' title='bbox 657 3042 702 3078; x_wconf 93' lang='lat' dir='ltr'><strong>mc</strong></span> <span class='ocrx_word' id='word_1_358' title='bbox 712 3041 781 3081; x_wconf 89' lang='lat' dir='ltr'><strong>esse</strong></span> <span class='ocrx_word' id='word_1_359' title='bbox 793 3041 901 3096; x_wconf 86' lang='lat' dir='ltr'><strong>cogne-</strong></span> 
     </span>
     <span class='ocr_line' id='line_1_49' title="bbox 63 3110 900 3183; baseline 0.002 -17"><span class='ocrx_word' id='word_1_360' title='bbox 63 3128 124 3167; x_wconf 85' lang='lat' dir='ltr'><strong>sce.</strong></span> <span class='ocrx_word' id='word_1_361' title='bbox 140 3110 287 3177; x_wconf 87' lang='lat' dir='ltr'><strong>Quemvis</strong></span> <span class='ocrx_word' id='word_1_362' title='bbox 302 3117 440 3183; x_wconf 87' lang='lat' dir='ltr'><strong>peccator</strong></span> <span class='ocrx_word' id='word_1_363' title='bbox 454 3114 521 3181; x_wconf 90' lang='lat' dir='ltr'><strong>sim,</strong></span> <span class='ocrx_word' id='word_1_364' title='bbox 534 3115 569 3168; x_wconf 90' lang='lat' dir='ltr'><strong>de</strong></span> <span class='ocrx_word' id='word_1_365' title='bbox 582 3114 636 3167; x_wconf 91' lang='lat' dir='ltr'><strong>hac</strong></span> <span class='ocrx_word' id='word_1_366' title='bbox 653 3118 750 3168; x_wconf 89' lang='lat' dir='ltr'><strong>tamen</strong></span> <span class='ocrx_word' id='word_1_367' title='bbox 766 3129 900 3169; x_wconf 87' lang='lat' dir='ltr'><strong>remmu-</strong></span> 
     </span>
     <span class='ocr_line' id='line_1_50' title="bbox 63 3201 898 3273; baseline 0.002 -18"><span class='ocrx_word' id='word_1_368' title='bbox 63 3202 152 3256; x_wconf 91' lang='lat' dir='ltr'><strong>niene</strong></span> <span class='ocrx_word' id='word_1_369' title='bbox 161 3201 269 3273; x_wconf 85' lang='lat' dir='ltr'><strong>gratiae</strong></span> <span class='ocrx_word' id='word_1_370' title='bbox 279 3216 338 3255; x_wconf 94' lang='lat' dir='ltr'><strong>nen</strong></span> <span class='ocrx_word' id='word_1_371' title='bbox 347 3201 460 3268; x_wconf 89' lang='lat' dir='ltr'><strong>dillide,</strong></span> <span class='ocrx_word' id='word_1_372' title='bbox 471 3206 499 3256; x_wconf 92' lang='lat' dir='ltr'><strong>et</strong></span> <span class='ocrx_word' id='word_1_373' title='bbox 507 3203 532 3255; x_wconf 93' lang='lat' dir='ltr'><strong>si</strong></span> <span class='ocrx_word' id='word_1_374' title='bbox 543 3207 662 3272; x_wconf 89' lang='lat' dir='ltr'><strong>peecata</strong></span> <span class='ocrx_word' id='word_1_375' title='bbox 674 3218 719 3257; x_wconf 90' lang='lat' dir='ltr'><strong>me</strong></span> <span class='ocrx_word' id='word_1_376' title='bbox 730 3203 898 3273; x_wconf 89' lang='lat' dir='ltr'><strong>prohibent,</strong></span> 
     </span>
     <span class='ocr_line' id='line_1_51' title="bbox 63 3290 900 3362; baseline 0.002 -18"><span class='ocrx_word' id='word_1_377' title='bbox 63 3290 231 3345; x_wconf 81' lang='lat' dir='ltr'><strong>substantia</strong></span> <span class='ocrx_word' id='word_1_378' title='bbox 246 3306 294 3345; x_wconf 89' lang='lat' dir='ltr'><strong>me</strong></span> <span class='ocrx_word' id='word_1_379' title='bbox 307 3290 448 3362; x_wconf 77' lang='lat' dir='ltr'><strong>requirit3</strong></span> <span class='ocrx_word' id='word_1_380' title='bbox 470 3294 499 3346; x_wconf 90' lang='lat' dir='ltr'><strong>et</strong></span> <span class='ocrx_word' id='word_1_381' title='bbox 518 3292 544 3344; x_wconf 92' lang='lat' dir='ltr'><strong>si</strong></span> <span class='ocrx_word' id='word_1_382' title='bbox 568 3292 673 3346; x_wconf 88' lang='lat' dir='ltr'><strong>delicta</strong></span> <span class='ocrx_word' id='word_1_383' title='bbox 696 3292 829 3362; x_wconf 91' lang='lat' dir='ltr'><strong>propria,</strong></span> <span class='ocrx_word' id='word_1_384' title='bbox 854 3307 900 3346; x_wconf 92' lang='lat' dir='ltr'><strong>me</strong></span> 
     </span>
     <span class='ocr_line' id='line_1_52' title="bbox 63 3380 900 3450; baseline 0.001 -17"><span class='ocrx_word' id='word_1_385' title='bbox 63 3380 236 3448; x_wconf 83' lang='lat' dir='ltr'><strong>excludunt,</strong></span> <span class='ocrx_word' id='word_1_386' title='bbox 247 3383 360 3434; x_wconf 75' lang='lat' dir='ltr'><strong>naturae</strong></span> <span class='ocrx_word' id='word_1_387' title='bbox 369 3381 535 3435; x_wconf 90' lang='lat' dir='ltr'><strong>communie</strong></span> <span class='ocrx_word' id='word_1_388' title='bbox 545 3397 603 3435; x_wconf 91' lang='lat' dir='ltr'><strong>nen</strong></span> <span class='ocrx_word' id='word_1_389' title='bbox 611 3381 737 3450; x_wconf 87' lang='lat' dir='ltr'><strong>repellit.</strong></span> <span class='ocrx_word' id='word_1_390' title='bbox 745 3381 810 3435; x_wconf 91' lang='lat' dir='ltr'><strong>Non</strong></span> <span class='ocrx_word' id='word_1_391' title='bbox 822 3381 900 3435; x_wconf 89' lang='lat' dir='ltr'><strong>enim</strong></span> 
     </span>
     <span class='ocr_line' id='line_1_53' title="bbox 63 3468 900 3542; baseline 0.002 -20"><span class='ocrx_word' id='word_1_392' title='bbox 63 3474 119 3522; x_wconf 86' lang='lat' dir='ltr'><strong>tem</strong></span> <span class='ocrx_word' id='word_1_393' title='bbox 136 3468 262 3523; x_wconf 83' lang='lat' dir='ltr'><strong>immitis</strong></span> <span class='ocrx_word' id='word_1_394' title='bbox 283 3471 329 3523; x_wconf 88' lang='lat' dir='ltr'><strong>est</strong></span> <span class='ocrx_word' id='word_1_395' title='bbox 351 3469 508 3538; x_wconf 91' lang='lat' dir='ltr'><strong>Dominus,</strong></span> <span class='ocrx_word' id='word_1_396' title='bbox 533 3473 565 3524; x_wconf 89' lang='lat' dir='ltr'><strong>ut</strong></span> <span class='ocrx_word' id='word_1_397' title='bbox 588 3486 647 3524; x_wconf 91' lang='lat' dir='ltr'><strong>non</strong></span> <span class='ocrx_word' id='word_1_398' title='bbox 663 3471 766 3542; x_wconf 80' lang='lat' dir='ltr'><strong>diliget</strong></span> <span class='ocrx_word' id='word_1_399' title='bbox 782 3485 900 3524; x_wconf 89' lang='lat' dir='ltr'><strong>carnem</strong></span> 
     </span>
     <span class='ocr_line' id='line_1_54' title="bbox 64 3557 901 3630; baseline 0.001 -19"><span class='ocrx_word' id='word_1_400' title='bbox 64 3573 159 3627; x_wconf 79' lang='lat' dir='ltr'><strong>sinam,</strong></span> <span class='ocrx_word' id='word_1_401' title='bbox 170 3557 305 3613; x_wconf 88' lang='lat' dir='ltr'><strong>membra</strong></span> <span class='ocrx_word' id='word_1_402' title='bbox 314 3573 378 3626; x_wconf 88' lang='lat' dir='ltr'><strong>sue,</strong></span> <span class='ocrx_word' id='word_1_403' title='bbox 390 3558 541 3614; x_wconf 82' lang='lat' dir='ltr'><strong>etviscera</strong></span> <span class='ocrx_word' id='word_1_404' title='bbox 551 3575 614 3613; x_wconf 86' lang='lat' dir='ltr'><strong>sua.</strong></span> <span class='ocrx_word' id='word_1_405' title='bbox 625 3558 792 3629; x_wconf 88' lang='lat' dir='ltr'><strong>Desperare</strong></span> <span class='ocrx_word' id='word_1_406' title='bbox 799 3559 901 3630; x_wconf 89' lang='lat' dir='ltr'><strong>utique</strong></span> 
     </span>
     <span class='ocr_line' id='line_1_55' title="bbox 64 3646 901 3717; baseline 0.001 -18"><span class='ocrx_word' id='word_1_407' title='bbox 64 3646 232 3716; x_wconf 90' lang='lat' dir='ltr'><strong>potuissem</strong></span> <span class='ocrx_word' id='word_1_408' title='bbox 247 3649 368 3717; x_wconf 87' lang='lat' dir='ltr'><strong>prepter</strong></span> <span class='ocrx_word' id='word_1_409' title='bbox 382 3648 471 3701; x_wconf 90' lang='lat' dir='ltr'><strong>nimia</strong></span> <span class='ocrx_word' id='word_1_410' title='bbox 485 3651 605 3717; x_wconf 87' lang='lat' dir='ltr'><strong>peccata</strong></span> <span class='ocrx_word' id='word_1_411' title='bbox 621 3650 649 3702; x_wconf 90' lang='lat' dir='ltr'><strong>et</strong></span> <span class='ocrx_word' id='word_1_412' title='bbox 662 3648 732 3701; x_wconf 91' lang='lat' dir='ltr'><strong>vitia</strong></span> <span class='ocrx_word' id='word_1_413' title='bbox 748 3663 822 3717; x_wconf 89' lang='lat' dir='ltr'><strong>mee,</strong></span> <span class='ocrx_word' id='word_1_414' title='bbox 840 3646 901 3700; x_wconf 89' lang='lat' dir='ltr'><strong>cul-</strong></span> 
     </span>
     <span class='ocr_line' id='line_1_56' title="bbox 64 3734 900 3808; baseline 0.002 -19"><span class='ocrx_word' id='word_1_415' title='bbox 64 3750 125 3804; x_wconf 81' lang='lat' dir='ltr'><strong>pes,</strong></span> <span class='ocrx_word' id='word_1_416' title='bbox 143 3738 173 3789; x_wconf 90' lang='lat' dir='ltr'><strong>et</strong></span> <span class='ocrx_word' id='word_1_417' title='bbox 186 3734 319 3790; x_wconf 86' lang='lat' dir='ltr'><strong>intinitas</strong></span> <span class='ocrx_word' id='word_1_418' title='bbox 335 3735 549 3808; x_wconf 88' lang='lat' dir='ltr'><strong>negligentias,</strong></span> <span class='ocrx_word' id='word_1_419' title='bbox 575 3752 641 3807; x_wconf 81' lang='lat' dir='ltr'><strong>quae</strong></span> <span class='ocrx_word' id='word_1_420' title='bbox 663 3737 711 3808; x_wconf 91' lang='lat' dir='ltr'><strong>egi</strong></span> <span class='ocrx_word' id='word_1_421' title='bbox 727 3740 756 3791; x_wconf 87' lang='lat' dir='ltr'><strong>et</strong></span> <span class='ocrx_word' id='word_1_422' title='bbox 770 3736 900 3807; x_wconf 91' lang='lat' dir='ltr'><strong>quetidie</strong></span> 
     </span>
     <span class='ocr_line' id='line_1_57' title="bbox 63 3823 899 3896; baseline 0.004 -20"><span class='ocrx_word' id='word_1_423' title='bbox 63 3823 268 3878; x_wconf 79' lang='lat' dir='ltr'><strong>indesinenter</strong></span> <span class='ocrx_word' id='word_1_424' title='bbox 282 3840 350 3896; x_wconf 90' lang='lat' dir='ltr'><strong>ege,</strong></span> <span class='ocrx_word' id='word_1_425' title='bbox 367 3825 471 3893; x_wconf 89' lang='lat' dir='ltr'><strong>corde,</strong></span> <span class='ocrx_word' id='word_1_426' title='bbox 498 3840 565 3893; x_wconf 91' lang='lat' dir='ltr'><strong>ere,</strong></span> <span class='ocrx_word' id='word_1_427' title='bbox 590 3840 694 3895; x_wconf 90' lang='lat' dir='ltr'><strong>opere,</strong></span> <span class='ocrx_word' id='word_1_428' title='bbox 718 3827 746 3879; x_wconf 92' lang='lat' dir='ltr'><strong>et</strong></span> <span class='ocrx_word' id='word_1_429' title='bbox 761 3825 899 3879; x_wconf 89' lang='lat' dir='ltr'><strong>omnibus</strong></span> 
     </span>
     <span class='ocr_line' id='line_1_58' title="bbox 63 3912 898 3985; baseline 0.004 -20"><span class='ocrx_word' id='word_1_430' title='bbox 63 3912 159 3966; x_wconf 84' lang='lat' dir='ltr'><strong>modis</strong></span> <span class='ocrx_word' id='word_1_431' title='bbox 168 3912 279 3982; x_wconf 84' lang='lat' dir='ltr'><strong>quihus</strong></span> <span class='ocrx_word' id='word_1_432' title='bbox 289 3912 415 3969; x_wconf 89' lang='lat' dir='ltr'><strong>humana</strong></span> <span class='ocrx_word' id='word_1_433' title='bbox 426 3913 709 3985; x_wconf 79' lang='lat' dir='ltr'><strong>fragilitas-peecare</strong></span> <span class='ocrx_word' id='word_1_434' title='bbox 721 3917 827 3984; x_wconf 87' lang='lat' dir='ltr'><strong>petest,</strong></span> <span class='ocrx_word' id='word_1_435' title='bbox 840 3915 898 3968; x_wconf 91' lang='lat' dir='ltr'><strong>nisi</strong></span> 
     </span>
    </p>
   </div>
   <div class='ocr_carea' id='block_1_11' title="bbox 959 1915 1819 2884">
    <p class='ocr_par' dir='ltr' id='par_1_11' title="bbox 959 1915 1819 2884">
     <span class='ocr_line' id='line_1_59' title="bbox 960 1915 1793 1994; baseline 0.007 -22"><span class='ocrx_word' id='word_1_436' title='bbox 960 1918 1110 1989; x_wconf 87' lang='lat' dir='ltr'><strong>splendor,</strong></span> <span class='ocrx_word' id='word_1_437' title='bbox 1127 1917 1167 1970; x_wconf 91' lang='lat' dir='ltr'><strong>ita</strong></span> <span class='ocrx_word' id='word_1_438' title='bbox 1182 1915 1339 1972; x_wconf 83' lang='lat' dir='ltr'><strong>ineffabilis</strong></span> <span class='ocrx_word' id='word_1_439' title='bbox 1356 1922 1401 1972; x_wconf 89' lang='lat' dir='ltr'><strong>est</strong></span> <span class='ocrx_word' id='word_1_440' title='bbox 1416 1922 1473 1973; x_wconf 73' lang='lat' dir='ltr'><strong>tuae</strong></span> <span class='ocrx_word' id='word_1_441' title='bbox 1490 1919 1793 1994; x_wconf 87' lang='lat' dir='ltr'><strong>charitatisbeuigni-</strong></span> 
     </span>
     <span class='ocr_line' id='line_1_60' title="bbox 959 2006 1793 2079; baseline 0.006 -18"><span class='ocrx_word' id='word_1_442' title='bbox 959 2011 1015 2077; x_wconf 90' lang='lat' dir='ltr'><strong>tas,</strong></span> <span class='ocrx_word' id='word_1_443' title='bbox 1031 2023 1088 2078; x_wconf 89' lang='lat' dir='ltr'><strong>qua</strong></span> <span class='ocrx_word' id='word_1_444' title='bbox 1104 2006 1183 2076; x_wconf 89' lang='lat' dir='ltr'><strong>illos,</strong></span> <span class='ocrx_word' id='word_1_445' title='bbox 1200 2022 1275 2078; x_wconf 89' lang='lat' dir='ltr'><strong>ques</strong></span> <span class='ocrx_word' id='word_1_446' title='bbox 1291 2007 1326 2060; x_wconf 91' lang='lat' dir='ltr'><strong>de</strong></span> <span class='ocrx_word' id='word_1_447' title='bbox 1343 2006 1435 2061; x_wconf 91' lang='lat' dir='ltr'><strong>nihile</strong></span> <span class='ocrx_word' id='word_1_448' title='bbox 1451 2008 1569 2078; x_wconf 88' lang='lat' dir='ltr'><strong>creasti,</strong></span> <span class='ocrx_word' id='word_1_449' title='bbox 1581 2009 1745 2079; x_wconf 88' lang='lat' dir='ltr'><strong>adeptesin</strong></span> <span class='ocrx_word' id='word_1_450' title='bbox 1756 2010 1793 2067; x_wconf 90' lang='lat' dir='ltr'><strong>tl-</strong></span> 
     </span>
     <span class='ocr_line' id='line_1_61' title="bbox 960 2095 1792 2170; baseline 0.008 -21"><span class='ocrx_word' id='word_1_451' title='bbox 960 2096 1017 2150; x_wconf 90' lang='lat' dir='ltr'><strong>lies</strong></span> <span class='ocrx_word' id='word_1_452' title='bbox 1033 2099 1062 2150; x_wconf 89' lang='lat' dir='ltr'><strong>ct</strong></span> <span class='ocrx_word' id='word_1_453' title='bbox 1076 2096 1129 2150; x_wconf 87' lang='lat' dir='ltr'><strong>tibi</strong></span> <span class='ocrx_word' id='word_1_454' title='bbox 1151 2095 1322 2167; x_wconf 81' lang='lat' dir='ltr'><strong>conjungis.</strong></span> <span class='ocrx_word' id='word_1_455' title='bbox 1348 2095 1372 2149; x_wconf 90' lang='grc' dir='ltr'>Ο</span> <span class='ocrx_word' id='word_1_456' title='bbox 1396 2096 1493 2150; x_wconf 89' lang='lat' dir='ltr'><strong>anima</strong></span> <span class='ocrx_word' id='word_1_457' title='bbox 1517 2113 1594 2167; x_wconf 89' lang='lat' dir='ltr'><strong>mee,</strong></span> <span class='ocrx_word' id='word_1_458' title='bbox 1618 2100 1645 2152; x_wconf 89' lang='lat' dir='ltr'><strong>si</strong></span> <span class='ocrx_word' id='word_1_459' title='bbox 1661 2100 1792 2170; x_wconf 90' lang='lat' dir='ltr'><strong>quetidie</strong></span> 
     </span>
     <span class='ocr_line' id='line_1_62' title="bbox 961 2185 1793 2261; baseline 0.011 -24"><span class='ocrx_word' id='word_1_460' title='bbox 961 2187 1108 2255; x_wconf 88' lang='lat' dir='ltr'><strong>oporteret</strong></span> <span class='ocrx_word' id='word_1_461' title='bbox 1124 2201 1179 2239; x_wconf 91' lang='lat' dir='ltr'><strong>nes</strong></span> <span class='ocrx_word' id='word_1_462' title='bbox 1201 2188 1345 2240; x_wconf 89' lang='lat' dir='ltr'><strong>tormenta</strong></span> <span class='ocrx_word' id='word_1_463' title='bbox 1370 2185 1502 2256; x_wconf 87' lang='lat' dir='ltr'><strong>periere,</strong></span> <span class='ocrx_word' id='word_1_464' title='bbox 1527 2188 1553 2240; x_wconf 87' lang='lat' dir='ltr'><strong>si</strong></span> <span class='ocrx_word' id='word_1_465' title='bbox 1568 2187 1662 2258; x_wconf 88' lang='lat' dir='ltr'><strong>ipsam</strong></span> <span class='ocrx_word' id='word_1_466' title='bbox 1677 2189 1793 2261; x_wconf 81' lang='lat' dir='ltr'><strong>gehen·</strong></span> 
     </span>
     <span class='ocr_line' id='line_1_63' title="bbox 960 2274 1794 2352; baseline 0.01 -25"><span class='ocrx_word' id='word_1_467' title='bbox 960 2290 1027 2328; x_wconf 87' lang='lat' dir='ltr'><strong>nam</strong></span> <span class='ocrx_word' id='word_1_468' title='bbox 1043 2274 1132 2346; x_wconf 85' lang='lat' dir='ltr'><strong>longe</strong></span> <span class='ocrx_word' id='word_1_469' title='bbox 1147 2277 1278 2344; x_wconf 88' lang='lat' dir='ltr'><strong>tempere</strong></span> <span class='ocrx_word' id='word_1_470' title='bbox 1298 2275 1438 2344; x_wconf 87' lang='lat' dir='ltr'><strong>tolerare,</strong></span> <span class='ocrx_word' id='word_1_471' title='bbox 1462 2278 1494 2329; x_wconf 89' lang='lat' dir='ltr'><strong>ut</strong></span> <span class='ocrx_word' id='word_1_472' title='bbox 1515 2274 1665 2332; x_wconf 80' lang='lat' dir='ltr'><strong>Christum</strong></span> <span class='ocrx_word' id='word_1_473' title='bbox 1680 2278 1711 2333; x_wconf 93' lang='lat' dir='ltr'><strong>in</strong></span> <span class='ocrx_word' id='word_1_474' title='bbox 1724 2278 1794 2352; x_wconf 85' lang='lat' dir='ltr'><strong>gle-</strong></span> 
     </span>
     <span class='ocr_line' id='line_1_64' title="bbox 959 2363 1792 2440; baseline 0.008 -23"><span class='ocrx_word' id='word_1_475' title='bbox 959 2365 1002 2417; x_wconf 92' lang='lat' dir='ltr'><strong>ria</strong></span> <span class='ocrx_word' id='word_1_476' title='bbox 1019 2380 1073 2417; x_wconf 87' lang='lat' dir='ltr'><strong>sua</strong></span> <span class='ocrx_word' id='word_1_477' title='bbox 1088 2363 1189 2418; x_wconf 89' lang='lat' dir='ltr'><strong>videre</strong></span> <span class='ocrx_word' id='word_1_478' title='bbox 1205 2379 1379 2434; x_wconf 88' lang='lat' dir='ltr'><strong>possemus,</strong></span> <span class='ocrx_word' id='word_1_479' title='bbox 1404 2367 1432 2418; x_wconf 92' lang='lat' dir='ltr'><strong>et</strong></span> <span class='ocrx_word' id='word_1_480' title='bbox 1453 2365 1565 2420; x_wconf 89' lang='lat' dir='ltr'><strong>sanctis</strong></span> <span class='ocrx_word' id='word_1_481' title='bbox 1589 2365 1656 2437; x_wconf 80' lang='lat' dir='ltr'><strong>ejus</strong></span> <span class='ocrx_word' id='word_1_482' title='bbox 1672 2367 1792 2440; x_wconf 87' lang='lat' dir='ltr'><strong>sociari,</strong></span> 
     </span>
     <span class='ocr_line' id='line_1_65' title="bbox 960 2452 1796 2529; baseline 0.012 -24"><span class='ocrx_word' id='word_1_483' title='bbox 960 2468 1057 2507; x_wconf 92' lang='lat' dir='ltr'><strong>nenne</strong></span> <span class='ocrx_word' id='word_1_484' title='bbox 1073 2456 1135 2507; x_wconf 89' lang='lat' dir='ltr'><strong>erat</strong></span> <span class='ocrx_word' id='word_1_485' title='bbox 1149 2452 1272 2525; x_wconf 92' lang='lat' dir='ltr'><strong>dignum</strong></span> <span class='ocrx_word' id='word_1_486' title='bbox 1294 2454 1353 2524; x_wconf 89' lang='lat' dir='ltr'><strong>peti</strong></span> <span class='ocrx_word' id='word_1_487' title='bbox 1377 2468 1462 2508; x_wconf 91' lang='lat' dir='ltr'><strong>omne</strong></span> <span class='ocrx_word' id='word_1_488' title='bbox 1486 2455 1565 2526; x_wconf 90' lang='lat' dir='ltr'><strong>qued</strong></span> <span class='ocrx_word' id='word_1_489' title='bbox 1585 2456 1669 2511; x_wconf 88' lang='lat' dir='ltr'><strong>triste</strong></span> <span class='ocrx_word' id='word_1_490' title='bbox 1685 2460 1746 2529; x_wconf 89' lang='lat' dir='ltr'><strong>est,</strong></span> <span class='ocrx_word' id='word_1_491' title='bbox 1762 2462 1796 2515; x_wconf 91' lang='lat' dir='ltr'><strong>ut</strong></span> 
     </span>
     <span class='ocr_line' id='line_1_66' title="bbox 959 2541 1794 2614; baseline 0.012 -20"><span class='ocrx_word' id='word_1_492' title='bbox 959 2542 1030 2595; x_wconf 90' lang='lat' dir='ltr'><strong>tanti</strong></span> <span class='ocrx_word' id='word_1_493' title='bbox 1045 2541 1115 2596; x_wconf 90' lang='lat' dir='ltr'><strong>beni</strong></span> <span class='ocrx_word' id='word_1_494' title='bbox 1131 2544 1277 2613; x_wconf 84' lang='lat' dir='ltr'><strong>tantaeque</strong></span> <span class='ocrx_word' id='word_1_495' title='bbox 1292 2542 1396 2614; x_wconf 80' lang='lat' dir='ltr'><strong>gloriae</strong></span> <span class='ocrx_word' id='word_1_496' title='bbox 1415 2544 1574 2614; x_wconf 82' lang='lat' dir='ltr'><strong>participes</strong></span> <span class='ocrx_word' id='word_1_497' title='bbox 1592 2545 1794 2605; x_wconf 76' lang='lat' dir='ltr'><strong>haberemur?</strong></span> 
     </span>
     <span class='ocr_line' id='line_1_67' title="bbox 960 2630 1794 2704; baseline 0.012 -21"><span class='ocrx_word' id='word_1_498' title='bbox 960 2630 1166 2685; x_wconf 89' lang='lat' dir='ltr'><strong>Indesinenter</strong></span> <span class='ocrx_word' id='word_1_499' title='bbox 1186 2632 1276 2704; x_wconf 89' lang='lat' dir='ltr'><strong>igitur</strong></span> <span class='ocrx_word' id='word_1_500' title='bbox 1296 2633 1446 2687; x_wconf 84' lang='lat' dir='ltr'><strong>daemones</strong></span> <span class='ocrx_word' id='word_1_501' title='bbox 1463 2635 1641 2703; x_wconf 87' lang='lat' dir='ltr'><strong>parentsuas</strong></span> <span class='ocrx_word' id='word_1_502' title='bbox 1656 2636 1794 2693; x_wconf 89' lang='lat' dir='ltr'><strong>tentatie-</strong></span> 
     </span>
     <span class='ocr_line' id='line_1_68' title="bbox 961 2719 1819 2798; baseline 0.012 -25"><span class='ocrx_word' id='word_1_503' title='bbox 961 2735 1025 2787; x_wconf 90' lang='lat' dir='ltr'><strong>nes,</strong></span> <span class='ocrx_word' id='word_1_504' title='bbox 1035 2719 1152 2793; x_wconf 82' lang='lat' dir='ltr'><strong>fragant</strong></span> <span class='ocrx_word' id='word_1_505' title='bbox 1163 2736 1272 2792; x_wconf 90' lang='lat' dir='ltr'><strong>cerpus</strong></span> <span class='ocrx_word' id='word_1_506' title='bbox 1281 2719 1405 2792; x_wconf 80' lang='lat' dir='ltr'><strong>jejunia,</strong></span> <span class='ocrx_word' id='word_1_507' title='bbox 1416 2724 1549 2792; x_wconf 90' lang='lat' dir='ltr'><strong>premant</strong></span> <span class='ocrx_word' id='word_1_508' title='bbox 1558 2723 1742 2798; x_wconf 89' lang='lat' dir='ltr'><strong>vestimenta,</strong></span> <span class='ocrx_word' id='word_1_509' title='bbox 1752 2726 1795 2782; x_wconf 92' lang='lat' dir='ltr'><strong>le·</strong></span> <span class='ocrx_word' id='word_1_510' title='bbox 1817 2793 1819 2797; x_wconf 11' lang='grc' dir='ltr'><em>Α</em></span> 
     </span>
     <span class='ocr_line' id='line_1_69' title="bbox 960 2810 1795 2884; baseline 0.01 -21"><span class='ocrx_word' id='word_1_511' title='bbox 960 2810 1050 2864; x_wconf 88' lang='lat' dir='ltr'><strong>hores</strong></span> <span class='ocrx_word' id='word_1_512' title='bbox 1061 2812 1196 2881; x_wconf 86' lang='lat' dir='ltr'><strong>gravent,</strong></span> <span class='ocrx_word' id='word_1_513' title='bbox 1205 2810 1315 2881; x_wconf 71' lang='lat' dir='ltr'><strong>vigiliae</strong></span> <span class='ocrx_word' id='word_1_514' title='bbox 1324 2810 1486 2879; x_wconf 84' lang='lat' dir='ltr'><strong>exsiccent,</strong></span> <span class='ocrx_word' id='word_1_515' title='bbox 1497 2827 1576 2866; x_wconf 75' lang='lat' dir='ltr'><strong>curre</strong></span> <span class='ocrx_word' id='word_1_516' title='bbox 1586 2814 1725 2884; x_wconf 87' lang='lat' dir='ltr'><strong>excitent,</strong></span> <span class='ocrx_word' id='word_1_517' title='bbox 1735 2815 1795 2871; x_wconf 89' lang='lat' dir='ltr'><strong>ela-</strong></span> 
     </span>
    </p>
   </div>
   <div class='ocr_carea' id='block_1_12' title="bbox 921 2897 1792 2994">
    <p class='ocr_par' dir='ltr' id='par_1_12' title="bbox 921 2897 1792 2994">
     <span class='ocr_line' id='line_1_70' title="bbox 921 2897 1792 2994; baseline 0.01 -43"><span class='ocrx_word' id='word_1_518' title='bbox 921 2902 1019 2994; x_wconf 72' lang='lat' dir='ltr'><strong>cmct</strong></span> <span class='ocrx_word' id='word_1_519' title='bbox 1029 2914 1075 2953; x_wconf 91' lang='lat' dir='ltr'><strong>me</strong></span> <span class='ocrx_word' id='word_1_520' title='bbox 1087 2898 1153 2968; x_wconf 91' lang='lat' dir='ltr'><strong>iste,</strong></span> <span class='ocrx_word' id='word_1_521' title='bbox 1167 2899 1308 2970; x_wconf 90' lang='lat' dir='ltr'><strong>inquietet</strong></span> <span class='ocrx_word' id='word_1_522' title='bbox 1323 2897 1385 2967; x_wconf 90' lang='lat' dir='ltr'><strong>ille,</strong></span> <span class='ocrx_word' id='word_1_523' title='bbox 1403 2898 1451 2953; x_wconf 91' lang='lat' dir='ltr'><strong>vel</strong></span> <span class='ocrx_word' id='word_1_524' title='bbox 1466 2900 1526 2970; x_wconf 92' lang='lat' dir='ltr'><strong>ille,</strong></span> <span class='ocrx_word' id='word_1_525' title='bbox 1539 2899 1636 2972; x_wconf 80' lang='lat' dir='ltr'><strong>frigus</strong></span> <span class='ocrx_word' id='word_1_526' title='bbox 1648 2903 1792 2977; x_wconf 90' lang='lat' dir='ltr'><strong>incurvet,</strong></span> 
     </span>
    </p>
   </div>
   <div class='ocr_carea' id='block_1_13' title="bbox 958 2986 1795 3591">
    <p class='ocr_par' dir='ltr' id='par_1_13' title="bbox 958 2986 1795 3591">
     <span class='ocr_line' id='line_1_71' title="bbox 961 2986 1794 3063; baseline 0.008 -22"><span class='ocrx_word' id='word_1_527' title='bbox 961 2987 1142 3042; x_wconf 87' lang='lat' dir='ltr'><strong>conscientia</strong></span> <span class='ocrx_word' id='word_1_528' title='bbox 1154 2989 1324 3057; x_wconf 89' lang='lat' dir='ltr'><strong>murmuret,</strong></span> <span class='ocrx_word' id='word_1_529' title='bbox 1333 2986 1414 3041; x_wconf 88' lang='lat' dir='ltr'><strong>celer</strong></span> <span class='ocrx_word' id='word_1_530' title='bbox 1424 2993 1497 3059; x_wconf 89' lang='lat' dir='ltr'><strong>urat,</strong></span> <span class='ocrx_word' id='word_1_531' title='bbox 1509 2991 1595 3058; x_wconf 89' lang='lat' dir='ltr'><strong>caput</strong></span> <span class='ocrx_word' id='word_1_532' title='bbox 1606 2990 1712 3063; x_wconf 90' lang='lat' dir='ltr'><strong>deleat,</strong></span> <span class='ocrx_word' id='word_1_533' title='bbox 1723 3008 1794 3063; x_wconf 90' lang='lat' dir='ltr'><strong>pec·</strong></span> 
     </span>
     <span class='ocr_line' id='line_1_72' title="bbox 959 3075 1793 3152; baseline 0.008 -22"><span class='ocrx_word' id='word_1_534' title='bbox 959 3079 1006 3130; x_wconf 90' lang='lat' dir='ltr'><strong>tus</strong></span> <span class='ocrx_word' id='word_1_535' title='bbox 1018 3075 1132 3141; x_wconf 91' lang='lat' dir='ltr'><strong>ardeat,</strong></span> <span class='ocrx_word' id='word_1_536' title='bbox 1147 3076 1265 3131; x_wconf 88' lang='lat' dir='ltr'><strong>intletur</strong></span> <span class='ocrx_word' id='word_1_537' title='bbox 1274 3076 1456 3147; x_wconf 87' lang='lat' dir='ltr'><strong>stomachus,</strong></span> <span class='ocrx_word' id='word_1_538' title='bbox 1469 3076 1612 3147; x_wconf 90' lang='lat' dir='ltr'><strong>pallescat</strong></span> <span class='ocrx_word' id='word_1_539' title='bbox 1621 3078 1732 3152; x_wconf 85' lang='lat' dir='ltr'><strong>vultus,</strong></span> <span class='ocrx_word' id='word_1_540' title='bbox 1745 3081 1793 3138; x_wconf 90' lang='lat' dir='ltr'><strong>in·</strong></span> 
     </span>
     <span class='ocr_line' id='line_1_73' title="bbox 959 3163 1795 3235; baseline 0.012 -17"><span class='ocrx_word' id='word_1_541' title='bbox 959 3165 1059 3219; x_wconf 90' lang='lat' dir='ltr'><strong>tlrmer</strong></span> <span class='ocrx_word' id='word_1_542' title='bbox 1069 3168 1158 3235; x_wconf 87' lang='lat' dir='ltr'><strong>tetus,</strong></span> <span class='ocrx_word' id='word_1_543' title='bbox 1171 3163 1290 3221; x_wconf 76' lang='lat' dir='ltr'><strong>deficiat</strong></span> <span class='ocrx_word' id='word_1_544' title='bbox 1301 3166 1332 3219; x_wconf 90' lang='lat' dir='ltr'><strong>in</strong></span> <span class='ocrx_word' id='word_1_545' title='bbox 1343 3164 1444 3220; x_wconf 87' lang='lat' dir='ltr'><strong>dolore</strong></span> <span class='ocrx_word' id='word_1_546' title='bbox 1459 3167 1518 3219; x_wconf 87' lang='lat' dir='ltr'><strong>vite</strong></span> <span class='ocrx_word' id='word_1_547' title='bbox 1528 3182 1603 3231; x_wconf 81' lang='lat' dir='ltr'><strong>area,</strong></span> <span class='ocrx_word' id='word_1_548' title='bbox 1614 3172 1644 3222; x_wconf 91' lang='lat' dir='ltr'><strong>et</strong></span> <span class='ocrx_word' id='word_1_549' title='bbox 1655 3168 1727 3225; x_wconf 88' lang='lat' dir='ltr'><strong>anni</strong></span> <span class='ocrx_word' id='word_1_550' title='bbox 1734 3171 1795 3228; x_wconf 87' lang='lat' dir='ltr'><strong>mei</strong></span> 
     </span>
     <span class='ocr_line' id='line_1_74' title="bbox 958 3253 1793 3328; baseline 0.014 -22"><span class='ocrx_word' id='word_1_551' title='bbox 958 3253 989 3306; x_wconf 90' lang='lat' dir='ltr'><strong>in</strong></span> <span class='ocrx_word' id='word_1_552' title='bbox 1004 3254 1166 3324; x_wconf 75' lang='lat' dir='ltr'><strong>gemitibus</strong></span> <span class='ocrx_word' id='word_1_553' title='bbox 1185 3253 1281 3325; x_wconf 87' lang='lat' dir='ltr'><strong>(Psal.</strong></span> <span class='ocrx_word' id='word_1_554' title='bbox 1300 3255 1374 3323; x_wconf 71' lang='lat' dir='ltr'><strong>xxa)</strong></span> <span class='ocrx_word' id='word_1_555' title='bbox 1384 3273 1393 3319; x_wconf 92' lang='lat'><strong>,·</strong></span> <span class='ocrx_word' id='word_1_556' title='bbox 1409 3254 1603 3325; x_wconf 74' lang='lat' dir='ltr'><strong>ingrediatur</strong></span> <span class='ocrx_word' id='word_1_557' title='bbox 1618 3258 1748 3328; x_wconf 84' lang='lat' dir='ltr'><strong>putredo</strong></span> <span class='ocrx_word' id='word_1_558' title='bbox 1760 3261 1793 3317; x_wconf 84' lang='lat' dir='ltr'><strong>in</strong></span> 
     </span>
     <span class='ocr_line' id='line_1_75' title="bbox 958 3342 1793 3419; baseline 0.012 -23"><span class='ocrx_word' id='word_1_559' title='bbox 958 3342 1077 3397; x_wconf 82' lang='lat' dir='ltr'><strong>ossibus</strong></span> <span class='ocrx_word' id='word_1_560' title='bbox 1086 3344 1171 3409; x_wconf 85' lang='lat' dir='ltr'><strong>meis,</strong></span> <span class='ocrx_word' id='word_1_561' title='bbox 1184 3348 1212 3398; x_wconf 88' lang='lat' dir='ltr'><strong>et</strong></span> <span class='ocrx_word' id='word_1_562' title='bbox 1224 3342 1330 3397; x_wconf 86' lang='lat' dir='ltr'><strong>subter</strong></span> <span class='ocrx_word' id='word_1_563' title='bbox 1337 3360 1383 3397; x_wconf 87' lang='lat' dir='ltr'><strong>me</strong></span> <span class='ocrx_word' id='word_1_564' title='bbox 1392 3349 1515 3407; x_wconf 85' lang='lat' dir='ltr'><strong>scateat,</strong></span> <span class='ocrx_word' id='word_1_565' title='bbox 1528 3347 1793 3419; x_wconf 84' lang='lat' dir='ltr'><strong>utrequieseamin</strong></span> 
     </span>
     <span class='ocr_line' id='line_1_76' title="bbox 958 3432 1792 3506; baseline 0.013 -19"><span class='ocrx_word' id='word_1_566' title='bbox 958 3432 1007 3487; x_wconf 88' lang='lat' dir='ltr'><strong>dio</strong></span> <span class='ocrx_word' id='word_1_567' title='bbox 1017 3432 1229 3499; x_wconf 79' lang='lat' dir='ltr'><strong>tribulationis,</strong></span> <span class='ocrx_word' id='word_1_568' title='bbox 1239 3437 1269 3487; x_wconf 90' lang='lat' dir='ltr'><strong>et</strong></span> <span class='ocrx_word' id='word_1_569' title='bbox 1277 3433 1433 3489; x_wconf 88' lang='lat' dir='ltr'><strong>escendam</strong></span> <span class='ocrx_word' id='word_1_570' title='bbox 1443 3433 1480 3488; x_wconf 84' lang='lat' dir='ltr'><strong>ad</strong></span> <span class='ocrx_word' id='word_1_571' title='bbox 1485 3434 1792 3506; x_wconf 80' lang='lat' dir='ltr'><strong>populnmeeoinctuna</strong></span> 
     </span>
     <span class='ocr_line' id='line_1_77' title="bbox 958 3520 1290 3591; baseline -0.003 -15"><span class='ocrx_word' id='word_1_572' title='bbox 958 3526 1091 3576; x_wconf 86' lang='lat' dir='ltr'><strong>nestrum</strong></span> <span class='ocrx_word' id='word_1_573' title='bbox 1100 3520 1224 3591; x_wconf 86' lang='lat' dir='ltr'><strong>(Huhac.</strong></span> <span class='ocrx_word' id='word_1_574' title='bbox 1237 3522 1290 3591; x_wconf 85' lang='lat' dir='ltr'><strong>ur).</strong></span> 
     </span>
    </p>
   </div>
   <div class='ocr_carea' id='block_1_14' title="bbox 958 3626 1792 3788">
    <p class='ocr_par' dir='ltr' id='par_1_14' title="bbox 958 3626 1792 3788">
     <span class='ocr_line' id='line_1_78' title="bbox 958 3626 1792 3709; baseline 0.012 -28"><span class='ocrx_word' id='word_1_575' title='bbox 958 3626 1027 3682; x_wconf 76' lang='lat' dir='ltr'><strong>Car.</strong></span> <span class='ocrx_word' id='word_1_576' title='bbox 1045 3628 1121 3683; x_wconf 89' lang='lat' dir='ltr'><strong>Vlll.</strong></span> <span class='ocrx_word' id='word_1_577' title='bbox 1138 3628 1182 3682; x_wconf 87' lang='lat' dir='ltr'><strong>De</strong></span> <span class='ocrx_word' id='word_1_578' title='bbox 1197 3627 1330 3683; x_wconf 84' lang='lat' dir='ltr'><strong>coelestis</strong></span> <span class='ocrx_word' id='word_1_579' title='bbox 1348 3626 1454 3700; x_wconf 77' lang='lat' dir='ltr'><strong>gloriae</strong></span> <span class='ocrx_word' id='word_1_580' title='bbox 1473 3631 1662 3699; x_wconf 83' lang='lat' dir='ltr'><strong>excellentie,</strong></span> <span class='ocrx_word' id='word_1_581' title='bbox 1680 3638 1712 3689; x_wconf 86' lang='lat' dir='ltr'><strong>et</strong></span> <span class='ocrx_word' id='word_1_582' title='bbox 1725 3636 1792 3709; x_wconf 77' lang='lat' dir='ltr'><strong>ejus</strong></span> 
     </span>
     <span class='ocr_line' id='line_1_79' title="bbox 1043 3716 1704 3788; baseline 0.012 -18"><span class='ocrx_word' id='word_1_583' title='bbox 1043 3716 1297 3788; x_wconf 75' lang='lat' dir='ltr'><strong>contemplatione,</strong></span> <span class='ocrx_word' id='word_1_584' title='bbox 1315 3722 1345 3771; x_wconf 89' lang='lat' dir='ltr'><strong>et</strong></span> <span class='ocrx_word' id='word_1_585' title='bbox 1359 3718 1445 3774; x_wconf 87' lang='lat' dir='ltr'><strong>medo</strong></span> <span class='ocrx_word' id='word_1_586' title='bbox 1459 3718 1616 3777; x_wconf 88' lang='lat' dir='ltr'><strong>obtinendi</strong></span> <span class='ocrx_word' id='word_1_587' title='bbox 1630 3738 1704 3778; x_wconf 86' lang='lat' dir='ltr'><strong>eam.</strong></span> 
     </span>
    </p>
   </div>
   <div class='ocr_carea' id='block_1_15' title="bbox 957 3822 1790 3993">
    <p class='ocr_par' dir='ltr' id='par_1_15' title="bbox 957 3822 1790 3993">
     <span class='ocr_line' id='line_1_80' title="bbox 992 3822 1789 3904; baseline 0.013 -27"><span class='ocrx_word' id='word_1_588' title='bbox 992 3822 1064 3888; x_wconf 79' lang='lat' dir='ltr'><strong>Qum</strong></span> <span class='ocrx_word' id='word_1_589' title='bbox 1088 3826 1157 3878; x_wconf 86' lang='lat' dir='ltr'><strong>tane</strong></span> <span class='ocrx_word' id='word_1_590' title='bbox 1182 3823 1237 3877; x_wconf 91' lang='lat' dir='ltr'><strong>erit</strong></span> <span class='ocrx_word' id='word_1_591' title='bbox 1258 3823 1496 3896; x_wconf 81' lang='lat' dir='ltr'><strong>uniuscujusque</strong></span> <span class='ocrx_word' id='word_1_592' title='bbox 1520 3829 1655 3883; x_wconf 89' lang='lat' dir='ltr'><strong>nestrum</strong></span> <span class='ocrx_word' id='word_1_593' title='bbox 1678 3830 1789 3904; x_wconf 78' lang='lat' dir='ltr'><strong>glorie,</strong></span> 
     </span>
     <span class='ocr_line' id='line_1_81' title="bbox 957 3912 1790 3993; baseline 0.014 -28"><span class='ocrx_word' id='word_1_594' title='bbox 957 3929 1044 3983; x_wconf 86' lang='lat' dir='ltr'><strong>quam</strong></span> <span class='ocrx_word' id='word_1_595' title='bbox 1065 3912 1188 3983; x_wconf 85' lang='lat' dir='ltr'><strong>grandis</strong></span> <span class='ocrx_word' id='word_1_596' title='bbox 1203 3916 1372 3967; x_wconf 88' lang='lat' dir='ltr'><strong>sanctorum</strong></span> <span class='ocrx_word' id='word_1_597' title='bbox 1389 3913 1502 3984; x_wconf 84' lang='lat' dir='ltr'><strong>laetitia,</strong></span> <span class='ocrx_word' id='word_1_598' title='bbox 1520 3930 1587 3970; x_wconf 92' lang='lat' dir='ltr'><strong>cum</strong></span> <span class='ocrx_word' id='word_1_599' title='bbox 1602 3933 1790 3993; x_wconf 72' lang='lat' dir='ltr'><strong>unaquaeque</strong></span> 
     </span>
    </p>
   </div>
   <div class='ocr_carea' id='block_1_16' title="bbox 56 3998 1798 5595">
    <p class='ocr_par' dir='ltr' id='par_1_16' title="bbox 56 3998 1798 5595">
     <span class='ocr_line' id='line_1_82' title="bbox 64 3998 1790 4080; baseline 0.015 -41"><span class='ocrx_word' id='word_1_600' title='bbox 64 3998 194 4055; x_wconf 57' lang='lat' dir='ltr'><strong>verbum</strong></span> <span class='ocrx_word' id='word_1_601' title='bbox 204 4003 287 4055; x_wconf 71' lang='lat' dir='ltr'><strong>tuum</strong></span> <span class='ocrx_word' id='word_1_602' title='bbox 297 4001 377 4056; x_wconf 69' lang='lat' dir='ltr'><strong>Deus</strong></span> <span class='ocrx_word' id='word_1_603' title='bbox 387 4017 455 4056; x_wconf 78' lang='lat' dir='ltr'><strong>aare</strong></span> <span class='ocrx_word' id='word_1_604' title='bbox 465 4003 558 4071; x_wconf 82' lang='lat' dir='ltr'><strong>fieret,</strong></span> <span class='ocrx_word' id='word_1_605' title='bbox 567 4005 594 4056; x_wconf 93' lang='lat' dir='ltr'><strong>et</strong></span> <span class='ocrx_word' id='word_1_606' title='bbox 603 4002 748 4057; x_wconf 85' lang='lat' dir='ltr'><strong>habitaret</strong></span> <span class='ocrx_word' id='word_1_607' title='bbox 757 4003 788 4056; x_wconf 93' lang='lat' dir='ltr'><strong>in</strong></span> <span class='ocrx_word' id='word_1_608' title='bbox 799 4003 896 4057; x_wconf 90' lang='lat' dir='ltr'><strong>nobis.</strong></span> <span class='ocrx_word' id='word_1_609' title='bbox 957 4001 1049 4054; x_wconf 85' lang='lat' dir='ltr'><strong>iacies</strong></span> <span class='ocrx_word' id='word_1_610' title='bbox 1059 4000 1223 4073; x_wconf 80' lang='lat' dir='ltr'><strong>fulgebitut</strong></span> <span class='ocrx_word' id='word_1_611' title='bbox 1232 4001 1288 4067; x_wconf 91' lang='lat' dir='ltr'><strong>sol,</strong></span> <span class='ocrx_word' id='word_1_612' title='bbox 1299 4018 1365 4056; x_wconf 92' lang='lat' dir='ltr'><strong>cum</strong></span> <span class='ocrx_word' id='word_1_613' title='bbox 1375 4003 1529 4058; x_wconf 84' lang='lat' dir='ltr'><strong>ordinibus</strong></span> <span class='ocrx_word' id='word_1_614' title='bbox 1539 4005 1687 4061; x_wconf 89' lang='lat' dir='ltr'><strong>distinctis</strong></span> <span class='ocrx_word' id='word_1_615' title='bbox 1696 4023 1790 4080; x_wconf 90' lang='lat' dir='ltr'><strong>popu·</strong></span> 
     </span>
     <span class='ocr_line' id='line_1_83' title="bbox 62 4088 1790 4168; baseline 0.006 -24"><span class='ocrx_word' id='word_1_616' title='bbox 62 4088 117 4144; x_wconf 85' lang='lat' dir='ltr'><strong>Sed</strong></span> <span class='ocrx_word' id='word_1_617' title='bbox 133 4089 297 4160; x_wconf 84' lang='lat' dir='ltr'><strong>desperare</strong></span> <span class='ocrx_word' id='word_1_618' title='bbox 309 4089 372 4161; x_wconf 80' lang='lat' dir='ltr'><strong>jem</strong></span> <span class='ocrx_word' id='word_1_619' title='bbox 392 4106 452 4145; x_wconf 91' lang='lat' dir='ltr'><strong>nen</strong></span> <span class='ocrx_word' id='word_1_620' title='bbox 473 4091 583 4160; x_wconf 91' lang='lat' dir='ltr'><strong>eudee,</strong></span> <span class='ocrx_word' id='word_1_621' title='bbox 606 4093 743 4162; x_wconf 89' lang='lat' dir='ltr'><strong>queniam</strong></span> <span class='ocrx_word' id='word_1_622' title='bbox 760 4091 898 4144; x_wconf 90' lang='lat' dir='ltr'><strong>subditus</strong></span> <span class='ocrx_word' id='word_1_623' title='bbox 955 4089 1015 4144; x_wconf 93' lang='lat' dir='ltr'><strong>lum</strong></span> <span class='ocrx_word' id='word_1_624' title='bbox 1032 4107 1118 4145; x_wconf 92' lang='lat' dir='ltr'><strong>suum</strong></span> <span class='ocrx_word' id='word_1_625' title='bbox 1130 4090 1273 4145; x_wconf 91' lang='lat' dir='ltr'><strong>Dominus</strong></span> <span class='ocrx_word' id='word_1_626' title='bbox 1285 4091 1418 4162; x_wconf 89' lang='lat' dir='ltr'><strong>inregne</strong></span> <span class='ocrx_word' id='word_1_627' title='bbox 1431 4092 1526 4148; x_wconf 83' lang='lat' dir='ltr'><strong>Patris</strong></span> <span class='ocrx_word' id='word_1_628' title='bbox 1538 4096 1586 4150; x_wconf 88' lang='lat' dir='ltr'><strong>sui</strong></span> <span class='ocrx_word' id='word_1_629' title='bbox 1602 4099 1725 4168; x_wconf 75' lang='lat' dir='ltr'><strong>crepent</strong></span> <span class='ocrx_word' id='word_1_630' title='bbox 1739 4113 1790 4154; x_wconf 86' lang='lat' dir='ltr'><strong>re-</strong></span> 
     </span>
     <span class='ocr_line' id='line_1_84' title="bbox 63 4176 1790 4259; baseline 0.009 -29"><span class='ocrx_word' id='word_1_631' title='bbox 63 4176 107 4233; x_wconf 90' lang='lat' dir='ltr'><strong>ille</strong></span> <span class='ocrx_word' id='word_1_632' title='bbox 122 4178 177 4233; x_wconf 90' lang='lat' dir='ltr'><strong>tihi</strong></span> <span class='ocrx_word' id='word_1_633' title='bbox 195 4179 344 4251; x_wconf 84' lang='lat' dir='ltr'><strong>usquead</strong></span> <span class='ocrx_word' id='word_1_634' title='bbox 364 4183 503 4249; x_wconf 89' lang='lat' dir='ltr'><strong>mortem,</strong></span> <span class='ocrx_word' id='word_1_635' title='bbox 528 4183 652 4235; x_wconf 91' lang='lat' dir='ltr'><strong>mertem</strong></span> <span class='ocrx_word' id='word_1_636' title='bbox 674 4183 770 4235; x_wconf 89' lang='lat' dir='ltr'><strong>autem</strong></span> <span class='ocrx_word' id='word_1_637' title='bbox 786 4180 896 4250; x_wconf 87' lang='lat' dir='ltr'><strong>crucis,</strong></span> <span class='ocrx_word' id='word_1_638' title='bbox 956 4195 1089 4248; x_wconf 85' lang='lat' dir='ltr'><strong>censere,</strong></span> <span class='ocrx_word' id='word_1_639' title='bbox 1103 4183 1131 4233; x_wconf 90' lang='lat' dir='ltr'><strong>et</strong></span> <span class='ocrx_word' id='word_1_640' title='bbox 1142 4180 1255 4234; x_wconf 90' lang='lat' dir='ltr'><strong>meritis</strong></span> <span class='ocrx_word' id='word_1_641' title='bbox 1265 4184 1352 4250; x_wconf 88' lang='lat' dir='ltr'><strong>atque</strong></span> <span class='ocrx_word' id='word_1_642' title='bbox 1364 4182 1504 4252; x_wconf 83' lang='lat' dir='ltr'><strong>operibus</strong></span> <span class='ocrx_word' id='word_1_643' title='bbox 1516 4184 1790 4259; x_wconf 82' lang='lat' dir='ltr'><strong>singulorumpree·</strong></span> 
     </span>
     <span class='ocr_line' id='line_1_85' title="bbox 62 4253 1789 4347; baseline 0.008 -28"><span class='ocrx_word' id='word_1_644' title='bbox 62 4267 124 4323; x_wconf 89' lang='lat' dir='ltr'><strong>tulit</strong></span> <span class='ocrx_word' id='word_1_645' title='bbox 139 4267 376 4340; x_wconf 86' lang='lat' dir='ltr'><strong>chirographum</strong></span> <span class='ocrx_word' id='word_1_646' title='bbox 389 4271 579 4339; x_wconf 88' lang='lat' dir='ltr'><strong>peccaterum</strong></span> <span class='ocrx_word' id='word_1_647' title='bbox 594 4272 775 4338; x_wconf 89' lang='lat' dir='ltr'><strong>nostrerum,</strong></span> <span class='ocrx_word' id='word_1_648' title='bbox 791 4272 819 4323; x_wconf 88' lang='lat' dir='ltr'><strong>et</strong></span> <span class='ocrx_word' id='word_1_649' title='bbox 834 4269 898 4323; x_wconf 86' lang='lat' dir='ltr'><strong>aill-</strong></span> <span class='ocrx_word' id='word_1_650' title='bbox 912 4253 939 4314; x_wconf 88' lang='lat' dir='ltr'><strong>D</strong></span> <span class='ocrx_word' id='word_1_651' title='bbox 954 4269 1011 4322; x_wconf 90' lang='lat' dir='ltr'><strong>mie</strong></span> <span class='ocrx_word' id='word_1_652' title='bbox 1027 4269 1176 4338; x_wconf 89' lang='lat' dir='ltr'><strong>promissa</strong></span> <span class='ocrx_word' id='word_1_653' title='bbox 1192 4269 1339 4338; x_wconf 90' lang='lat' dir='ltr'><strong>restituet,</strong></span> <span class='ocrx_word' id='word_1_654' title='bbox 1357 4286 1410 4340; x_wconf 93' lang='lat' dir='ltr'><strong>pre</strong></span> <span class='ocrx_word' id='word_1_655' title='bbox 1426 4273 1553 4326; x_wconf 90' lang='lat' dir='ltr'><strong>terrenis</strong></span> <span class='ocrx_word' id='word_1_656' title='bbox 1569 4274 1717 4346; x_wconf 84' lang='lat' dir='ltr'><strong>eoelestia,</strong></span> <span class='ocrx_word' id='word_1_657' title='bbox 1733 4292 1789 4347; x_wconf 88' lang='lat' dir='ltr'><strong>pro</strong></span> 
     </span>
     <span class='ocr_line' id='line_1_86' title="bbox 63 4356 1790 4436; baseline 0.006 -27"><span class='ocrx_word' id='word_1_658' title='bbox 63 4371 136 4427; x_wconf 87' lang='lat' dir='ltr'><strong>gens</strong></span> <span class='ocrx_word' id='word_1_659' title='bbox 165 4356 240 4411; x_wconf 90' lang='lat' dir='ltr'><strong>illud</strong></span> <span class='ocrx_word' id='word_1_660' title='bbox 264 4356 345 4411; x_wconf 89' lang='lat' dir='ltr'><strong>cruci</strong></span> <span class='ocrx_word' id='word_1_661' title='bbox 370 4361 523 4427; x_wconf 89' lang='lat' dir='ltr'><strong>peecatum</strong></span> <span class='ocrx_word' id='word_1_662' title='bbox 549 4358 695 4413; x_wconf 81' lang='lat' dir='ltr'><strong>crucifixit</strong></span> <span class='ocrx_word' id='word_1_663' title='bbox 718 4361 746 4412; x_wconf 90' lang='lat' dir='ltr'><strong>et</strong></span> <span class='ocrx_word' id='word_1_664' title='bbox 772 4362 897 4413; x_wconf 90' lang='lat' dir='ltr'><strong>mertem</strong></span> <span class='ocrx_word' id='word_1_665' title='bbox 954 4357 1166 4427; x_wconf 88' lang='lat' dir='ltr'><strong>temporalibus</strong></span> <span class='ocrx_word' id='word_1_666' title='bbox 1191 4358 1388 4427; x_wconf 88' lang='lat' dir='ltr'><strong>sempiterna,</strong></span> <span class='ocrx_word' id='word_1_667' title='bbox 1419 4375 1472 4429; x_wconf 91' lang='lat' dir='ltr'><strong>pre</strong></span> <span class='ocrx_word' id='word_1_668' title='bbox 1503 4360 1629 4415; x_wconf 90' lang='lat' dir='ltr'><strong>medicis</strong></span> <span class='ocrx_word' id='word_1_669' title='bbox 1656 4366 1790 4436; x_wconf 74' lang='lat' dir='ltr'><strong>magnai</strong></span> 
     </span>
     <span class='ocr_line' id='line_1_87' title="bbox 62 4444 1790 4518; baseline 0.008 -20"><span class='ocrx_word' id='word_1_670' title='bbox 62 4444 187 4515; x_wconf 73' lang='lat' dir='ltr'><strong>(doleas.</strong></span> <span class='ocrx_word' id='word_1_671' title='bbox 197 4448 240 4516; x_wconf 88' lang='grc' dir='ltr'>ιι).</span> <span class='ocrx_word' id='word_1_672' title='bbox 253 4445 286 4500; x_wconf 91' lang='lat' dir='ltr'><strong>ln</strong></span> <span class='ocrx_word' id='word_1_673' title='bbox 296 4444 363 4516; x_wconf 82' lang='lat' dir='ltr'><strong>ipse</strong></span> <span class='ocrx_word' id='word_1_674' title='bbox 371 4448 469 4501; x_wconf 86' lang='lat' dir='ltr'><strong>autem</strong></span> <span class='ocrx_word' id='word_1_675' title='bbox 477 4462 604 4501; x_wconf 87' lang='lat' dir='ltr'><strong>securus</strong></span> <span class='ocrx_word' id='word_1_676' title='bbox 613 4447 739 4517; x_wconf 88' lang='lat' dir='ltr'><strong>respiro,</strong></span> <span class='ocrx_word' id='word_1_677' title='bbox 752 4448 802 4518; x_wconf 87' lang='lat' dir='ltr'><strong>qui</strong></span> <span class='ocrx_word' id='word_1_678' title='bbox 814 4447 898 4502; x_wconf 85' lang='lat' dir='ltr'><strong>sedet</strong></span> <span class='ocrx_word' id='word_1_679' title='bbox 956 4447 1071 4501; x_wconf 77' lang='lat' dir='ltr'><strong>lievere</strong></span> <span class='ocrx_word' id='word_1_680' title='bbox 1083 4445 1220 4500; x_wconf 86' lang='lat' dir='ltr'><strong>cumulus</strong></span> <span class='ocrx_word' id='word_1_681' title='bbox 1231 4445 1380 4501; x_wconf 80' lang='lat' dir='ltr'><strong>felicitatis</strong></span> <span class='ocrx_word' id='word_1_682' title='bbox 1392 4447 1455 4516; x_wconf 92' lang='lat' dir='ltr'><strong>erit,</strong></span> <span class='ocrx_word' id='word_1_683' title='bbox 1469 4463 1535 4502; x_wconf 93' lang='lat' dir='ltr'><strong>cum</strong></span> <span class='ocrx_word' id='word_1_684' title='bbox 1547 4449 1690 4507; x_wconf 85' lang='lat' dir='ltr'><strong>Dominus</strong></span> <span class='ocrx_word' id='word_1_685' title='bbox 1701 4452 1790 4510; x_wconf 85' lang='lat' dir='ltr'><strong>addu-</strong></span> 
     </span>
     <span class='ocr_line' id='line_1_88' title="bbox 62 4520 1789 4609; baseline 0.006 -21"><span class='ocrx_word' id='word_1_686' title='bbox 62 4534 92 4589; x_wconf 86' lang='lat' dir='ltr'><strong>ed</strong></span> <span class='ocrx_word' id='word_1_687' title='bbox 108 4520 271 4589; x_wconf 82' lang='lat' dir='ltr'><strong>dexteram</strong></span> <span class='ocrx_word' id='word_1_688' title='bbox 281 4537 361 4589; x_wconf 89' lang='lat' dir='ltr'><strong>tuem</strong></span> <span class='ocrx_word' id='word_1_689' title='bbox 376 4536 406 4590; x_wconf 90' lang='lat' dir='ltr'><strong>et</strong></span> <span class='ocrx_word' id='word_1_690' title='bbox 419 4534 584 4606; x_wconf 90' lang='lat' dir='ltr'><strong>interpollet</strong></span> <span class='ocrx_word' id='word_1_691' title='bbox 598 4550 651 4606; x_wconf 91' lang='lat' dir='ltr'><strong>pro</strong></span> <span class='ocrx_word' id='word_1_692' title='bbox 666 4536 764 4590; x_wconf 85' lang='lat' dir='ltr'><strong>uobis.</strong></span> <span class='ocrx_word' id='word_1_693' title='bbox 782 4536 814 4588; x_wconf 92' lang='lat' dir='ltr'><strong>ln</strong></span> <span class='ocrx_word' id='word_1_694' title='bbox 832 4535 896 4605; x_wconf 89' lang='lat' dir='ltr'><strong>ipse</strong></span> <span class='ocrx_word' id='word_1_695' title='bbox 955 4537 1001 4589; x_wconf 88' lang='lat' dir='ltr'><strong>cet</strong></span> <span class='ocrx_word' id='word_1_696' title='bbox 1016 4539 1137 4590; x_wconf 88' lang='lat' dir='ltr'><strong>sanctos</strong></span> <span class='ocrx_word' id='word_1_697' title='bbox 1153 4535 1184 4589; x_wconf 93' lang='lat' dir='ltr'><strong>in</strong></span> <span class='ocrx_word' id='word_1_698' title='bbox 1198 4535 1347 4590; x_wconf 89' lang='lat' dir='ltr'><strong>visionem</strong></span> <span class='ocrx_word' id='word_1_699' title='bbox 1356 4538 1485 4606; x_wconf 82' lang='lat' dir='ltr'><strong>patemoe</strong></span> <span class='ocrx_word' id='word_1_700' title='bbox 1494 4537 1608 4609; x_wconf 79' lang='lat' dir='ltr'><strong>gloriae,</strong></span> <span class='ocrx_word' id='word_1_701' title='bbox 1622 4542 1651 4593; x_wconf 90' lang='lat' dir='ltr'><strong>et</strong></span> <span class='ocrx_word' id='word_1_702' title='bbox 1660 4539 1748 4597; x_wconf 80' lang='lat' dir='ltr'><strong>faciet</strong></span> <span class='ocrx_word' id='word_1_703' title='bbox 1758 4542 1789 4600; x_wconf 89' lang='lat' dir='ltr'><strong>in</strong></span> 
     </span>
     <span class='ocr_line' id='line_1_89' title="bbox 61 4622 1788 4696; baseline 0.008 -19"><span class='ocrx_word' id='word_1_704' title='bbox 61 4623 196 4679; x_wconf 83' lang='lat' dir='ltr'><strong>conflens</strong></span> <span class='ocrx_word' id='word_1_705' title='bbox 205 4622 242 4677; x_wconf 85' lang='lat' dir='ltr'><strong>ed</strong></span> <span class='ocrx_word' id='word_1_706' title='bbox 252 4625 282 4678; x_wconf 84' lang='lat' dir='ltr'><strong>te</strong></span> <span class='ocrx_word' id='word_1_707' title='bbox 290 4624 448 4694; x_wconf 89' lang='lat' dir='ltr'><strong>pervenire</strong></span> <span class='ocrx_word' id='word_1_708' title='bbox 458 4624 607 4693; x_wconf 89' lang='lat' dir='ltr'><strong>desidere,</strong></span> <span class='ocrx_word' id='word_1_709' title='bbox 619 4624 649 4678; x_wconf 93' lang='lat' dir='ltr'><strong>in</strong></span> <span class='ocrx_word' id='word_1_710' title='bbox 660 4624 789 4696; x_wconf 74' lang='lat' dir='ltr'><strong>quoiam</strong></span> <span class='ocrx_word' id='word_1_711' title='bbox 800 4640 898 4678; x_wconf 90' lang='lat' dir='ltr'><strong>resur·</strong></span> <span class='ocrx_word' id='word_1_712' title='bbox 955 4623 1128 4678; x_wconf 85' lang='lat' dir='ltr'><strong>coelestibus</strong></span> <span class='ocrx_word' id='word_1_713' title='bbox 1139 4624 1344 4694; x_wconf 86' lang='lat' dir='ltr'><strong>considere,ut</strong></span> <span class='ocrx_word' id='word_1_714' title='bbox 1355 4625 1393 4679; x_wconf 92' lang='lat' dir='ltr'><strong>sit</strong></span> <span class='ocrx_word' id='word_1_715' title='bbox 1403 4624 1483 4680; x_wconf 89' lang='lat' dir='ltr'><strong>Deus</strong></span> <span class='ocrx_word' id='word_1_716' title='bbox 1493 4627 1590 4681; x_wconf 92' lang='lat' dir='ltr'><strong>omnie</strong></span> <span class='ocrx_word' id='word_1_717' title='bbox 1598 4628 1629 4685; x_wconf 91' lang='lat' dir='ltr'><strong>in</strong></span> <span class='ocrx_word' id='word_1_718' title='bbox 1637 4630 1788 4689; x_wconf 81' lang='lat' dir='ltr'><strong>omnibus.</strong></span> 
     </span>
     <span class='ocr_line' id='line_1_90' title="bbox 61 4711 1790 4788; baseline 0.008 -23"><span class='ocrx_word' id='word_1_719' title='bbox 61 4713 206 4781; x_wconf 81' lang='lat' dir='ltr'><strong>reximus,</strong></span> <span class='ocrx_word' id='word_1_720' title='bbox 220 4713 252 4766; x_wconf 89' lang='lat' dir='ltr'><strong>et</strong></span> <span class='ocrx_word' id='word_1_721' title='bbox 263 4711 439 4782; x_wconf 83' lang='lat' dir='ltr'><strong>reviximus,</strong></span> <span class='ocrx_word' id='word_1_722' title='bbox 455 4715 485 4767; x_wconf 91' lang='lat' dir='ltr'><strong>et</strong></span> <span class='ocrx_word' id='word_1_723' title='bbox 501 4712 563 4784; x_wconf 81' lang='lat' dir='ltr'><strong>jem</strong></span> <span class='ocrx_word' id='word_1_724' title='bbox 579 4713 609 4766; x_wconf 95' lang='lat' dir='ltr'><strong>in</strong></span> <span class='ocrx_word' id='word_1_725' title='bbox 625 4713 732 4768; x_wconf 87' lang='lat' dir='ltr'><strong>eoelum</strong></span> <span class='ocrx_word' id='word_1_726' title='bbox 748 4729 896 4769; x_wconf 88' lang='lat' dir='ltr'><strong>conscen-</strong></span> <span class='ocrx_word' id='word_1_727' title='bbox 952 4712 976 4767; x_wconf 89' lang='grc' dir='ltr'><strong>Ο</strong></span> <span class='ocrx_word' id='word_1_728' title='bbox 991 4711 1064 4767; x_wconf 81' lang='lat' dir='ltr'><strong>felix</strong></span> <span class='ocrx_word' id='word_1_729' title='bbox 1075 4711 1259 4784; x_wconf 81' lang='lat' dir='ltr'><strong>jucunditas,</strong></span> <span class='ocrx_word' id='word_1_730' title='bbox 1276 4715 1304 4767; x_wconf 90' lang='lat' dir='ltr'><strong>et</strong></span> <span class='ocrx_word' id='word_1_731' title='bbox 1317 4712 1449 4784; x_wconf 79' lang='lat' dir='ltr'><strong>jucunde</strong></span> <span class='ocrx_word' id='word_1_732' title='bbox 1460 4713 1597 4788; x_wconf 81' lang='lat' dir='ltr'><strong>felicitas,</strong></span> <span class='ocrx_word' id='word_1_733' title='bbox 1610 4722 1732 4776; x_wconf 87' lang='lat' dir='ltr'><strong>sanctes</strong></span> <span class='ocrx_word' id='word_1_734' title='bbox 1742 4720 1790 4777; x_wconf 89' lang='lat' dir='ltr'><strong>vi-</strong></span> 
     </span>
     <span class='ocr_line' id='line_1_91' title="bbox 60 4800 1791 4872; baseline 0.009 -18"><span class='ocrx_word' id='word_1_735' title='bbox 60 4800 167 4870; x_wconf 81' lang='lat' dir='ltr'><strong>dimus,</strong></span> <span class='ocrx_word' id='word_1_736' title='bbox 184 4802 216 4855; x_wconf 84' lang='lat' dir='ltr'><strong>et</strong></span> <span class='ocrx_word' id='word_1_737' title='bbox 229 4800 259 4854; x_wconf 91' lang='lat' dir='ltr'><strong>in</strong></span> <span class='ocrx_word' id='word_1_738' title='bbox 276 4800 450 4856; x_wconf 87' lang='lat' dir='ltr'><strong>caelestibus</strong></span> <span class='ocrx_word' id='word_1_739' title='bbox 464 4801 666 4856; x_wconf 86' lang='lat' dir='ltr'><strong>consedimus.</strong></span> <span class='ocrx_word' id='word_1_740' title='bbox 678 4801 743 4856; x_wconf 89' lang='lat' dir='ltr'><strong>Tibi</strong></span> <span class='ocrx_word' id='word_1_741' title='bbox 754 4800 830 4871; x_wconf 90' lang='lat' dir='ltr'><strong>laus,</strong></span> <span class='ocrx_word' id='word_1_742' title='bbox 842 4801 895 4856; x_wconf 88' lang='lat' dir='ltr'><strong>tibi</strong></span> <span class='ocrx_word' id='word_1_743' title='bbox 953 4802 1036 4865; x_wconf 86' lang='lat' dir='ltr'><strong>dere,</strong></span> <span class='ocrx_word' id='word_1_744' title='bbox 1062 4817 1129 4856; x_wconf 93' lang='lat' dir='ltr'><strong>eum</strong></span> <span class='ocrx_word' id='word_1_745' title='bbox 1152 4802 1264 4856; x_wconf 90' lang='lat' dir='ltr'><strong>sanctis</strong></span> <span class='ocrx_word' id='word_1_746' title='bbox 1288 4816 1372 4872; x_wconf 90' lang='lat' dir='ltr'><strong>esse,</strong></span> <span class='ocrx_word' id='word_1_747' title='bbox 1396 4805 1425 4857; x_wconf 90' lang='lat' dir='ltr'><strong>et</strong></span> <span class='ocrx_word' id='word_1_748' title='bbox 1448 4819 1517 4859; x_wconf 86' lang='lat' dir='ltr'><strong>esse</strong></span> <span class='ocrx_word' id='word_1_749' title='bbox 1533 4810 1682 4864; x_wconf 84' lang='lat' dir='ltr'><strong>sanetum.</strong></span> <span class='ocrx_word' id='word_1_750' title='bbox 1695 4809 1791 4868; x_wconf 90' lang='lat' dir='ltr'><strong>Deum</strong></span> 
     </span>
     <span class='ocr_line' id='line_1_92' title="bbox 59 4887 1791 4962; baseline 0.011 -24"><span class='ocrx_word' id='word_1_751' title='bbox 59 4890 163 4960; x_wconf 77' lang='lat' dir='ltr'><strong>gloria,</strong></span> <span class='ocrx_word' id='word_1_752' title='bbox 174 4888 228 4943; x_wconf 88' lang='lat' dir='ltr'><strong>tibi</strong></span> <span class='ocrx_word' id='word_1_753' title='bbox 240 4887 346 4957; x_wconf 87' lang='lat' dir='ltr'><strong>boner,</strong></span> <span class='ocrx_word' id='word_1_754' title='bbox 358 4892 387 4944; x_wconf 91' lang='lat' dir='ltr'><strong>et</strong></span> <span class='ocrx_word' id='word_1_755' title='bbox 401 4889 565 4962; x_wconf 86' lang='lat' dir='ltr'><strong>gratiarum</strong></span> <span class='ocrx_word' id='word_1_756' title='bbox 581 4890 668 4959; x_wconf 88' lang='lat' dir='ltr'><strong>actio,</strong></span> <span class='ocrx_word' id='word_1_757' title='bbox 684 4890 819 4961; x_wconf 87' lang='lat' dir='ltr'><strong>piissime</strong></span> <span class='ocrx_word' id='word_1_758' title='bbox 835 4891 895 4946; x_wconf 93' lang='lat' dir='ltr'><strong>De·</strong></span> <span class='ocrx_word' id='word_1_759' title='bbox 953 4891 1067 4960; x_wconf 88' lang='lat' dir='ltr'><strong>videre,</strong></span> <span class='ocrx_word' id='word_1_760' title='bbox 1085 4893 1113 4944; x_wconf 89' lang='lat' dir='ltr'><strong>et</strong></span> <span class='ocrx_word' id='word_1_761' title='bbox 1128 4890 1221 4944; x_wconf 92' lang='lat' dir='ltr'><strong>Deum</strong></span> <span class='ocrx_word' id='word_1_762' title='bbox 1237 4889 1347 4944; x_wconf 89' lang='lat' dir='ltr'><strong>habere</strong></span> <span class='ocrx_word' id='word_1_763' title='bbox 1369 4890 1399 4945; x_wconf 91' lang='lat' dir='ltr'><strong>in</strong></span> <span class='ocrx_word' id='word_1_764' title='bbox 1421 4896 1564 4949; x_wconf 87' lang='lat' dir='ltr'><strong>aeternum</strong></span> <span class='ocrx_word' id='word_1_765' title='bbox 1578 4898 1606 4950; x_wconf 91' lang='lat' dir='ltr'><strong>et</strong></span> <span class='ocrx_word' id='word_1_766' title='bbox 1620 4897 1707 4955; x_wconf 88' lang='lat' dir='ltr'><strong>ultra.</strong></span> <span class='ocrx_word' id='word_1_767' title='bbox 1724 4899 1791 4957; x_wconf 91' lang='lat' dir='ltr'><strong>Hoe</strong></span> 
     </span>
     <span class='ocr_line' id='line_1_93' title="bbox 59 4977 1790 5051; baseline 0.008 -18"><span class='ocrx_word' id='word_1_768' title='bbox 59 4980 143 5046; x_wconf 86' lang='lat' dir='ltr'><strong>nine,</strong></span> <span class='ocrx_word' id='word_1_769' title='bbox 157 4977 278 5049; x_wconf 87' lang='lat' dir='ltr'><strong>quinos</strong></span> <span class='ocrx_word' id='word_1_770' title='bbox 289 4978 335 5032; x_wconf 84' lang='lat' dir='ltr'><strong>sie</strong></span> <span class='ocrx_word' id='word_1_771' title='bbox 345 4979 459 5049; x_wconf 82' lang='lat' dir='ltr'><strong>amasti,</strong></span> <span class='ocrx_word' id='word_1_772' title='bbox 472 4983 501 5033; x_wconf 89' lang='lat' dir='ltr'><strong>et</strong></span> <span class='ocrx_word' id='word_1_773' title='bbox 512 4979 645 5049; x_wconf 83' lang='lat' dir='ltr'><strong>salvasti,</strong></span> <span class='ocrx_word' id='word_1_774' title='bbox 657 4979 702 5033; x_wconf 91' lang='lat' dir='ltr'><strong>sic</strong></span> <span class='ocrx_word' id='word_1_775' title='bbox 710 4978 893 5051; x_wconf 74' lang='lat' dir='ltr'><strong>iustificesti,</strong></span> <span class='ocrx_word' id='word_1_776' title='bbox 953 4981 1056 5036; x_wconf 89' lang='lat' dir='ltr'><strong>sedula</strong></span> <span class='ocrx_word' id='word_1_777' title='bbox 1067 4982 1163 5034; x_wconf 86' lang='lat' dir='ltr'><strong>mente</strong></span> <span class='ocrx_word' id='word_1_778' title='bbox 1176 4980 1355 5051; x_wconf 89' lang='lat' dir='ltr'><strong>cogitemus.</strong></span> <span class='ocrx_word' id='word_1_779' title='bbox 1366 4981 1430 5036; x_wconf 91' lang='lat' dir='ltr'><strong>Hoc</strong></span> <span class='ocrx_word' id='word_1_780' title='bbox 1441 4983 1590 5040; x_wconf 89' lang='lat' dir='ltr'><strong>desiderio</strong></span> <span class='ocrx_word' id='word_1_781' title='bbox 1601 4988 1662 5043; x_wconf 91' lang='lat' dir='ltr'><strong>tote</strong></span> <span class='ocrx_word' id='word_1_782' title='bbox 1672 4988 1790 5047; x_wconf 86' lang='lat' dir='ltr'><strong>deside·</strong></span> 
     </span>
     <span class='ocr_line' id='line_1_94' title="bbox 58 5066 1789 5149; baseline 0.01 -29"><span class='ocrx_word' id='word_1_783' title='bbox 58 5071 79 5122; x_wconf 91' lang='lat' dir='ltr'><strong>et</strong></span> <span class='ocrx_word' id='word_1_784' title='bbox 93 5066 281 5123; x_wconf 84' lang='lat' dir='ltr'><strong>sublimasti.</strong></span> <span class='ocrx_word' id='word_1_785' title='bbox 302 5066 440 5122; x_wconf 89' lang='lat' dir='ltr'><strong>Piissimc</strong></span> <span class='ocrx_word' id='word_1_786' title='bbox 464 5068 601 5135; x_wconf 85' lang='lat' dir='ltr'><strong>Domine,</strong></span> <span class='ocrx_word' id='word_1_787' title='bbox 627 5084 715 5139; x_wconf 88' lang='lat' dir='ltr'><strong>quam</strong></span> <span class='ocrx_word' id='word_1_788' title='bbox 738 5068 834 5122; x_wconf 91' lang='lat' dir='ltr'><strong>dulcis</strong></span> <span class='ocrx_word' id='word_1_789' title='bbox 850 5072 896 5123; x_wconf 90' lang='lat' dir='ltr'><strong>est</strong></span> <span class='ocrx_word' id='word_1_790' title='bbox 952 5085 1063 5138; x_wconf 90' lang='lat' dir='ltr'><strong>remus,</strong></span> <span class='ocrx_word' id='word_1_791' title='bbox 1077 5069 1134 5123; x_wconf 88' lang='lat' dir='ltr'><strong>cite</strong></span> <span class='ocrx_word' id='word_1_792' title='bbox 1143 5071 1174 5122; x_wconf 92' lang='lat' dir='ltr'><strong>ut</strong></span> <span class='ocrx_word' id='word_1_793' title='bbox 1183 5069 1218 5122; x_wconf 90' lang='lat' dir='ltr'><strong>ad</strong></span> <span class='ocrx_word' id='word_1_794' title='bbox 1229 5084 1281 5123; x_wconf 90' lang='lat' dir='ltr'><strong>ees</strong></span> <span class='ocrx_word' id='word_1_795' title='bbox 1291 5071 1447 5140; x_wconf 89' lang='lat' dir='ltr'><strong>pervenire</strong></span> <span class='ocrx_word' id='word_1_796' title='bbox 1456 5073 1617 5130; x_wconf 86' lang='lat' dir='ltr'><strong>valeamus.</strong></span> <span class='ocrx_word' id='word_1_797' title='bbox 1628 5076 1659 5130; x_wconf 91' lang='lat' dir='ltr'><strong>Si</strong></span> <span class='ocrx_word' id='word_1_798' title='bbox 1670 5094 1789 5149; x_wconf 82' lang='lat' dir='ltr'><strong>quaeres</strong></span> 
     </span>
     <span class='ocr_line' id='line_1_95' title="bbox 58 5155 1790 5240; baseline 0.014 -40"><span class='ocrx_word' id='word_1_799' title='bbox 58 5156 198 5212; x_wconf 68' lang='lat' dir='ltr'><strong>memoria</strong></span> <span class='ocrx_word' id='word_1_800' title='bbox 213 5155 280 5210; x_wconf 76' lang='lat' dir='ltr'><strong>ruit</strong></span> <span class='ocrx_word' id='word_1_801' title='bbox 296 5159 405 5227; x_wconf 84' lang='lat' dir='ltr'><strong>quante</strong></span> <span class='ocrx_word' id='word_1_802' title='bbox 420 5158 517 5229; x_wconf 88' lang='lat' dir='ltr'><strong>magis</strong></span> <span class='ocrx_word' id='word_1_803' title='bbox 533 5157 563 5211; x_wconf 90' lang='lat' dir='ltr'><strong>in</strong></span> <span class='ocrx_word' id='word_1_804' title='bbox 578 5160 607 5212; x_wconf 89' lang='lat' dir='ltr'><strong>te</strong></span> <span class='ocrx_word' id='word_1_805' title='bbox 622 5157 758 5227; x_wconf 89' lang='lat' dir='ltr'><strong>mediter,</strong></span> <span class='ocrx_word' id='word_1_806' title='bbox 770 5160 850 5212; x_wconf 89' lang='lat' dir='ltr'><strong>tante</strong></span> <span class='ocrx_word' id='word_1_807' title='bbox 862 5173 895 5213; x_wconf 91' lang='lat' dir='ltr'><strong>es</strong></span> <span class='ocrx_word' id='word_1_808' title='bbox 952 5157 1099 5228; x_wconf 88' lang='lat' dir='ltr'><strong>quomode</strong></span> <span class='ocrx_word' id='word_1_809' title='bbox 1115 5158 1194 5212; x_wconf 91' lang='lat' dir='ltr'><strong>istud</strong></span> <span class='ocrx_word' id='word_1_810' title='bbox 1206 5162 1303 5228; x_wconf 89' lang='lat' dir='ltr'><strong>petest</strong></span> <span class='ocrx_word' id='word_1_811' title='bbox 1321 5159 1384 5214; x_wconf 82' lang='lat' dir='ltr'><strong>fieri</strong></span> <span class='ocrx_word' id='word_1_812' title='bbox 1397 5161 1443 5216; x_wconf 91' lang='lat' dir='ltr'><strong>vel</strong></span> <span class='ocrx_word' id='word_1_813' title='bbox 1464 5163 1574 5233; x_wconf 88' lang='lat' dir='ltr'><strong>quibus</strong></span> <span class='ocrx_word' id='word_1_814' title='bbox 1585 5167 1709 5239; x_wconf 88' lang='lat' dir='ltr'><strong>meritis,</strong></span> <span class='ocrx_word' id='word_1_815' title='bbox 1722 5169 1790 5240; x_wconf 92' lang='lat' dir='ltr'><strong>qui-</strong></span> 
     </span>
     <span class='ocr_line' id='line_1_96' title="bbox 58 5244 1791 5326; baseline 0.009 -28"><span class='ocrx_word' id='word_1_816' title='bbox 58 5246 122 5299; x_wconf 87' lang='lat' dir='ltr'><strong>nibi</strong></span> <span class='ocrx_word' id='word_1_817' title='bbox 152 5244 274 5299; x_wconf 86' lang='lat' dir='ltr'><strong>dulcior</strong></span> <span class='ocrx_word' id='word_1_818' title='bbox 300 5247 329 5298; x_wconf 90' lang='lat' dir='ltr'><strong>et</strong></span> <span class='ocrx_word' id='word_1_819' title='bbox 358 5245 521 5301; x_wconf 89' lang='lat' dir='ltr'><strong>amabilior.</strong></span> <span class='ocrx_word' id='word_1_820' title='bbox 555 5247 667 5300; x_wconf 89' lang='lat' dir='ltr'><strong>idcireo</strong></span> <span class='ocrx_word' id='word_1_821' title='bbox 700 5246 826 5301; x_wconf 89' lang='lat' dir='ltr'><strong>delectat</strong></span> <span class='ocrx_word' id='word_1_822' title='bbox 850 5263 896 5301; x_wconf 93' lang='lat' dir='ltr'><strong>mo</strong></span> <span class='ocrx_word' id='word_1_823' title='bbox 952 5246 1047 5300; x_wconf 89' lang='lat' dir='ltr'><strong>busve</strong></span> <span class='ocrx_word' id='word_1_824' title='bbox 1063 5246 1191 5316; x_wconf 87' lang='lat' dir='ltr'><strong>auxiliis,</strong></span> <span class='ocrx_word' id='word_1_825' title='bbox 1205 5249 1282 5301; x_wconf 91' lang='lat' dir='ltr'><strong>audi.</strong></span> <span class='ocrx_word' id='word_1_826' title='bbox 1298 5249 1357 5303; x_wconf 84' lang='lat' dir='ltr'><strong>llos</strong></span> <span class='ocrx_word' id='word_1_827' title='bbox 1370 5250 1427 5304; x_wconf 89' lang='lat' dir='ltr'><strong>iste</strong></span> <span class='ocrx_word' id='word_1_828' title='bbox 1440 5253 1536 5321; x_wconf 92' lang='lat' dir='ltr'><strong>posita</strong></span> <span class='ocrx_word' id='word_1_829' title='bbox 1548 5257 1593 5308; x_wconf 92' lang='lat' dir='ltr'><strong>cst</strong></span> <span class='ocrx_word' id='word_1_830' title='bbox 1606 5255 1791 5326; x_wconf 73' lang='lat' dir='ltr'><strong>inpetentete</strong></span> 
     </span>
     <span class='ocr_line' id='line_1_97' title="bbox 57 5334 1791 5415; baseline 0.007 -28"><span class='ocrx_word' id='word_1_831' title='bbox 57 5334 137 5389; x_wconf 85' lang='lat' dir='ltr'><strong>valde</strong></span> <span class='ocrx_word' id='word_1_832' title='bbox 150 5334 233 5389; x_wconf 89' lang='lat' dir='ltr'><strong>bene</strong></span> <span class='ocrx_word' id='word_1_833' title='bbox 248 5336 297 5388; x_wconf 91' lang='lat' dir='ltr'><strong>tua</strong></span> <span class='ocrx_word' id='word_1_834' title='bbox 312 5350 388 5405; x_wconf 90' lang='lat' dir='ltr'><strong>pure</strong></span> <span class='ocrx_word' id='word_1_835' title='bbox 403 5336 511 5389; x_wconf 91' lang='lat' dir='ltr'><strong>mentis</strong></span> <span class='ocrx_word' id='word_1_836' title='bbox 535 5336 655 5404; x_wconf 92' lang='lat' dir='ltr'><strong>intuitu,</strong></span> <span class='ocrx_word' id='word_1_837' title='bbox 674 5339 702 5390; x_wconf 91' lang='lat' dir='ltr'><strong>et</strong></span> <span class='ocrx_word' id='word_1_838' title='bbox 719 5335 895 5390; x_wconf 87' lang='lat' dir='ltr'><strong>dulcissime</strong></span> <span class='ocrx_word' id='word_1_839' title='bbox 953 5334 1102 5403; x_wconf 82' lang='lat' dir='ltr'><strong>incientis,</strong></span> <span class='ocrx_word' id='word_1_840' title='bbox 1129 5336 1268 5406; x_wconf 89' lang='lat' dir='ltr'><strong>quoniam</strong></span> <span class='ocrx_word' id='word_1_841' title='bbox 1292 5354 1418 5409; x_wconf 79' lang='lat' dir='ltr'><strong>rrpnum</strong></span> <span class='ocrx_word' id='word_1_842' title='bbox 1440 5340 1579 5396; x_wconf 69' lang='lat' dir='ltr'><strong>coelerum</strong></span> <span class='ocrx_word' id='word_1_843' title='bbox 1600 5344 1657 5398; x_wconf 86' lang='lat' dir='ltr'><strong>vim</strong></span> <span class='ocrx_word' id='word_1_844' title='bbox 1673 5344 1791 5415; x_wconf 79' lang='lat' dir='ltr'><strong>petitur·</strong></span> 
     </span>
     <span class='ocr_line' id='line_1_98' title="bbox 56 5420 1786 5501; baseline 0.008 -26"><span class='ocrx_word' id='word_1_845' title='bbox 56 5422 216 5491; x_wconf 84' lang='lat' dir='ltr'><strong>piiamem&#39;s</strong></span> <span class='ocrx_word' id='word_1_846' title='bbox 227 5420 335 5478; x_wconf 78' lang='lat' dir='ltr'><strong>ellectu</strong></span> <span class='ocrx_word' id='word_1_847' title='bbox 346 5423 449 5479; x_wconf 90' lang='lat' dir='ltr'><strong>iuloeo</strong></span> <span class='ocrx_word' id='word_1_848' title='bbox 461 5424 709 5496; x_wconf 90' lang='lat' dir='ltr'><strong>peregrinationis</strong></span> <span class='ocrx_word' id='word_1_849' title='bbox 721 5423 895 5495; x_wconf 74' lang='lat' dir='ltr'><strong>meaejuxte</strong></span> <span class='ocrx_word' id='word_1_850' title='bbox 954 5425 1074 5492; x_wconf 51' lang='lat' dir='ltr'><strong>(nllatth.</strong></span> <span class='ocrx_word' id='word_1_851' title='bbox 1092 5425 1143 5489; x_wconf 75' lang='lat' dir='ltr'><strong>xri.</strong></span> <span class='ocrx_word' id='word_1_852' title='bbox 1162 5426 1299 5497; x_wconf 79' lang='lat' dir='ltr'><strong>Regnum</strong></span> <span class='ocrx_word' id='word_1_853' title='bbox 1315 5428 1466 5497; x_wconf 75' lang='lat' dir='ltr'><strong>eceteram,</strong></span> <span class='ocrx_word' id='word_1_854' title='bbox 1485 5446 1501 5484; x_wconf 95' lang='lat' dir='ltr'><strong>e</strong></span> <span class='ocrx_word' id='word_1_855' title='bbox 1518 5430 1615 5501; x_wconf 93' lang='lat' dir='ltr'><strong>home,</strong></span> <span class='ocrx_word' id='word_1_856' title='bbox 1633 5432 1712 5487; x_wconf 86' lang='lat' dir='ltr'><strong>aliud</strong></span> <span class='ocrx_word' id='word_1_857' title='bbox 1726 5448 1786 5490; x_wconf 90' lang='lat' dir='ltr'><strong>nen</strong></span> 
     </span>
     <span class='ocr_line' id='line_1_99' title="bbox 57 5511 1798 5595; baseline 0.015 -41"><span class='ocrx_word' id='word_1_858' title='bbox 57 5511 207 5569; x_wconf 70' lang='lat' dir='ltr'><strong>modulum</strong></span> <span class='ocrx_word' id='word_1_859' title='bbox 217 5527 316 5570; x_wconf 77' lang='lat' dir='ltr'><strong>meum</strong></span> <span class='ocrx_word' id='word_1_860' title='bbox 325 5512 443 5569; x_wconf 84' lang='lat' dir='ltr'><strong>interim</strong></span> <span class='ocrx_word' id='word_1_861' title='bbox 452 5513 581 5586; x_wconf 89' lang='lat' dir='ltr'><strong>quaudiu</strong></span> <span class='ocrx_word' id='word_1_862' title='bbox 591 5513 638 5570; x_wconf 91' lang='lat' dir='ltr'><strong>his</strong></span> <span class='ocrx_word' id='word_1_863' title='bbox 649 5512 806 5588; x_wconf 77' lang='lat' dir='ltr'><strong>fragilibus</strong></span> <span class='ocrx_word' id='word_1_864' title='bbox 821 5513 894 5570; x_wconf 90' lang='lat' dir='ltr'><strong>sub·</strong></span> <span class='ocrx_word' id='word_1_865' title='bbox 955 5514 1061 5585; x_wconf 72' lang='lat' dir='ltr'><strong>quaerit</strong></span> <span class='ocrx_word' id='word_1_866' title='bbox 1075 5513 1201 5585; x_wconf 89' lang='lat' dir='ltr'><strong>pretium</strong></span> <span class='ocrx_word' id='word_1_867' title='bbox 1216 5515 1275 5572; x_wconf 88' lang='lat' dir='ltr'><strong>nisi</strong></span> <span class='ocrx_word' id='word_1_868' title='bbox 1289 5516 1427 5589; x_wconf 90' lang='lat' dir='ltr'><strong>teipsum.</strong></span> <span class='ocrx_word' id='word_1_869' title='bbox 1444 5517 1529 5575; x_wconf 85' lang='lat' dir='ltr'><strong>Tanti</strong></span> <span class='ocrx_word' id='word_1_870' title='bbox 1543 5520 1633 5593; x_wconf 86' lang='lat' dir='ltr'><strong>valet,</strong></span> <span class='ocrx_word' id='word_1_871' title='bbox 1647 5522 1798 5595; x_wconf 65' lang='lat' dir='ltr'><strong>quautam</strong></span> 
     </span>
    </p>
   </div>
   <div class='ocr_carea' id='block_1_17' title="bbox 0 0 1902 6022">
    <p class='ocr_par' dir='ltr' id='par_1_17' title="bbox 0 0 1902 6022">
     <span class='ocr_line' id='line_1_100' title="bbox 0 0 1902 6022; baseline 0 0"><span class='ocrx_word' id='word_1_872' title='bbox 0 0 1902 6022; x_wconf 95' lang='lat' dir='ltr'><strong> </strong></span> 
     </span>
    </p>
   </div>
  </div>
 </body>
</html>
