3796 6022
362 274 416 340 DE
430 274 591 339 BESTIIS
608 276 660 338 ET
675 273 786 337 ALIIS
800 272 940 339 REBUS
957 273 1087 337 LIBER
1101 275 1275 342 PRIMUS.

1643 273 1685 343 50

58 478 168 549 quoties
183 478 219 532 ad
233 479 404 533 memoriam
418 495 502 533 suam
512 478 658 532 bonorum
675 491 796 546 operum
811 453 841 515 Α
854 478 994 545 tempora.
1018 475 1092 530 Nem
1108 480 1209 531 castate
1233 478 1355 549 depulsa
1378 479 1468 534 maria
1493 480 1687 536 transvolant.

58 584 85 621 m
101 568 318 623 multitudinem
332 568 454 622 reducit.
467 568 509 621 ad
519 567 634 620 radium
649 565 724 620 solis
740 565 795 618 alis

58 680 62 711 ι
76 657 277 712 voluntarium
293 657 409 726 excitat,
426 657 493 728 quia
511 659 637 711 mentem
653 656 708 709 alis
724 670 797 708 con-

58 747 162 800 itionis
179 747 335 801 excitatam
347 745 450 817 justus
466 746 571 799 aratore
588 745 687 798 Sancti
702 743 797 814 Spiri-

58 836 204 891 rdammat.
234 836 283 890 Sic
299 835 389 906 igitur
405 834 526 905 pboenix
551 834 726 899 incenditur,
744 834 798 887 sed

58 942 79 979 rs
89 926 190 979 cinere
203 925 323 994 pboenix
336 925 439 979 iterum
450 928 631 993 procreatur.
643 923 715 976 llum
725 939 797 993 ergo

57 1014 85 1067 ix
107 1015 242 1080 moritur,
258 1018 285 1068 et
302 1030 338 1068 ox
359 1013 425 1083 ejus
441 1014 540 1067 cinere
556 1013 677 1082 plroeuix
692 1012 798 1065 iterum

60 1119 107 1170 ur,
115 1103 169 1157 bec
179 1102 314 1173 exemplo
323 1103 429 1173 agitur,
442 1107 473 1156 ut
484 1102 591 1155 futurae
601 1101 799 1155 resurrectio-

58 1192 136 1245 eritas
152 1208 167 1244 a
184 1191 312 1264 singulis
330 1191 392 1245 lieri
412 1192 558 1259 credatur,
574 1196 602 1245 ct
619 1191 798 1246 resurrectio

58 1279 110 1334 icis
126 1284 173 1334 est
183 1296 264 1349 spes,
275 1284 303 1332 ct
314 1280 443 1348 species,
456 1296 509 1333 seu
525 1280 675 1349 specimen
693 1279 798 1333 futurae

58 1369 205 1423 rectionis.
216 1369 281 1421 Non
294 1372 340 1422 est
350 1369 709 1439 erpornajusmiraculum
724 1368 798 1422 tides

58 1473 73 1511 a
87 1457 330 1525 resurrectionis
347 1473 433 1526 quam
446 1474 483 1511 ex
498 1458 596 1511 cinere
608 1457 682 1511 lacta
695 1472 797 1511 resur-

65 1546 223 1617 pbacnicis
241 1546 480 1600 Eccerolucrum
497 1551 599 1600 natura
611 1546 797 1616 simplicibus

58 1637 194 1689 rectionis
206 1639 412 1706 augumentum
427 1639 548 1705 praestat
564 1639 591 1689 et
607 1636 686 1706 quod
698 1634 797 1704 Scrip-

58 1725 195 1792 ›raedicat
213 1741 288 1793 opus
304 1727 414 1779 notura
431 1725 593 1779 contii-mat.

151 1812 219 1867 Car.
237 1814 269 1867 li.
290 1813 333 1867 lle
345 1815 480 1885 perdicis
496 1819 607 1867 ancora.

58 1906 109 1955 nat
124 1903 238 1972 perdix,
257 1909 284 1956 et
300 1920 488 1975 congregans
501 1903 579 1956 toret
595 1918 649 1954 exa
661 1917 794 1971 quar-non

58 1992 85 2059 lt,
99 1991 213 2044 iaciens
229 1992 287 2045 sibi
303 2009 361 2046 non
378 2009 443 2046 cum
459 1992 571 2062 judicio
588 1991 715 2045 divitias:
736 2011 747 2037 ι
764 1990 795 2043 In

73 2080 153 2133 enim
170 2080 283 2133 dierum
299 2098 421 2135 suorum
437 2082 620 2151 derelinquet
638 2096 699 2145 cas,
719 2085 747 2135 et
766 2081 796 2133 in

58 2168 138 2222 rimis
153 2170 217 2222 suis
247 2171 302 2223 erit
322 2170 466 2239 insipiens
489 2169 563 2223 t'dcr.
582 2171 663 2236 xrnt.
682 2190 693 2217 r
712 2170 796 2224 Unde

58 2271 110 2310 us:
130 2278 142 2303 ι
159 2257 267 2311 Perdix
284 2259 319 2313 do
343 2275 415 2312 voce
430 2275 538 2310 nornen
554 2258 652 2321 babet,
670 2258 734 2310 aris
750 2262 796 2311 est

58 2346 165 2413 i,a‹leo
195 2351 292 2400 autern
320 2346 514 2409 lrarnlulcnla,
533 2350 563 2399 ut
587 2345 708 2399 alterius
738 2361 793 2399 ova

58 2450 103 2487 ens
120 2433 226 2488 foreat.
246 2457 257 2484 a
275 2435 332 2489 Sed
357 2436 438 2488 fraus
464 2436 591 2488 fructum
608 2451 665 2488 non
696 2435 792 2489 babet.

58 2538 115 2576 tum
131 2523 201 2592 pulli
217 2540 321 2578 rocem
337 2524 463 2593 prrqrria·
472 2524 625 2594 genitricis
636 2523 791 2576 audierint.

60 2609 82 2664 li
96 2612 226 2682 quodum
240 2613 382 2666 instinctu
398 2613 483 2675 banc,
501 2629 567 2682 qnae
584 2629 636 2666 eos
657 2613 729 2666 tavit
744 2628 792 2666 ro-

61 2702 103 2767 nt,
135 2704 163 2753 et
191 2701 228 2754 ad
258 2717 331 2767 eam,
361 2718 427 2771 quae
449 2702 559 2772 gruarii,
590 2703 789 2755 revertuntur.

58 2789 214 2843 llabanus:
234 2812 243 2837 a
258 2789 401 2843 Diabolus
415 2806 468 2859 per
477 2789 627 2858 principes
638 2790 792 2844 baeretioo-

58 2879 228 2949 segregarit
242 2878 377 2947 populos,
391 2896 466 2948 iquos
484 2896 541 2931 nan
558 2880 680 2949 pepulit,
698 2883 725 2933 et
741 2879 791 2932 de-

58 2982 108 3021 um
138 2967 197 3019 sibi
225 2967 439 3021 multitudinem
472 2969 677 3035 consociavit,
713 2984 789 3039 quos

64 3056 188 3124 dimisit,
201 3060 229 3109 et
240 3056 368 3109 omnium
383 3055 495 3125 judicio
507 3057 703 3111 stultissimus
718 3073 787 3112 esse

853 564 1057 636 ortygometra
1085 567 1192 621 dicitur
1225 569 1299 637 aris,
1327 584 1393 639 quae
1428 586 1553 641 gregem
1586 571 1685 641 ducit;

852 670 917 708 eam
930 659 1018 710 terrae
1038 656 1282 727 propinquantem
1307 658 1448 728 aooqaiter
1468 659 1573 713 videns
1596 661 1685 731 rapit,

850 760 884 798 ac
900 748 1054 815 propterea
1070 761 1140 800 cura
1160 751 1205 800 est
1228 747 1377 801 universis
1402 748 1508 801 ducem
1523 749 1685 804 sollicitare

851 834 965 889 externi
974 836 1104 906 generis,
1114 836 1684 906 perquamprirnacaveantdiserimiaa.

852 923 919 976 Sola
934 924 998 978 baec
1014 925 1087 991 aris,
1106 925 1184 978 sicut
1198 908 1684 995 etbomo,aaducumpatiturroor-

852 1012 932 1066 bum.
949 1012 1122 1067 Coturuices
1137 1013 1313 1066 adveniendi
1329 1012 1438 1067 babent
1454 1016 1595 1084 tempora.
1613 1015 1690 1071 Nam

854 1102 944 1155 maria
959 1101 1143 1155 transvolant
1158 1104 1260 1155 aestate
1275 1102 1410 1172 depulsa.
1434 1101 1574 1156 Colarnix
1599 1104 1692 1159 marie

853 1190 1042 1244 transvolans
1072 1194 1117 1243 cst
1145 1191 1240 1244 anima
1275 1190 1372 1244 omnia
1404 1192 1531 1246 labentia
1556 1193 1689 1249 calcans.

853 1280 940 1333 Calor
953 1279 1064 1332 aestatis
1077 1281 1123 1332 ost
1133 1279 1222 1332 arrlor
1233 1279 1395 1334 charitatis.
1409 1281 1517 1352 Frigus
1526 1281 1632 1336 hiemis
1642 1284 1690 1336 est

854 1367 1290 1437 tentatiorefrigeratacrnentis.
1305 1369 1349 1421 Ab
1360 1369 1690 1440 amoreigiturproximi

852 1473 905 1527 per
920 1471 999 1509 mare
1012 1456 1112 1509 mundi
1124 1455 1215 1525 bajus
1227 1459 1387 1510 transmeat
1397 1456 1498 1528 justus
1510 1458 1546 1511 ad
1557 1474 1690 1512 amorem

853 1545 915 1614 Dei,
924 1544 990 1598 utin
1007 1544 1099 1597 calida
1111 1544 1360 1615 regionesemper
1371 1550 1495 1612 maneat,
1508 1547 1558 1616 qui
1569 1561 1689 1616 semper

853 1633 1123 1688 calorcdilectionis
1134 1633 1162 1686 in
1174 1633 1336 1702 semetipso
1349 1633 1463 1705 flagrat,
1471 1639 1502 1688 ut
1512 1634 1583 1688 vitet
1589 1634 1687 1705 frigus

853 1722 970 1788 lriernis,
979 1722 1125 1791 procellas
1141 1722 1255 1775 scilicet
1266 1726 1293 1775 et
1304 1726 1409 1776 ventos
1421 1723 1690 1792 improvisaetenta·

812 1776 838 1837 Β
856 1811 954 1865 tionis
966 1809 1292 1880 Ortygometradicitur,
1303 1827 1369 1881 quae
1380 1827 1503 1882 gregem
1515 1811 1603 1865 ducit.
1616 1810 1688 1867 Eam

855 1904 942 1954 terrae
960 1900 1204 1970 propinquantem
1220 1900 1361 1969 accipiter
1374 1900 1479 1954 ridens
1494 1900 1578 1969 rapit.
1596 1900 1688 1955 Terre

854 1993 922 2043 sunt
938 1993 1054 2043 terrena
1070 1989 1227 2058 desideria,
1240 1989 1331 2042 maria
1341 1988 1441 2042 mundi
1453 1989 1593 2058 pericula,
1609 1990 1687 2044 aeci·

851 2078 927 2147 piter
942 2077 1087 2131 insidians
1103 2078 1238 2132 diabolus
1253 2092 1307 2147 per
1315 2077 1541 2148 suggestionem
1555 2080 1684 2133 tentans.

851 2167 1099 2237 l‘ropinquantem
1115 2166 1204 2237 igitur
1218 2170 1305 2220 terrae
1320 2165 1462 2235 accipiter
1476 2164 1582 2220 videns
1597 2167 1682 2236 rapit,

850 2257 918 2325 quio
935 2271 988 2310 eos
1004 2256 1054 2326 qui
1069 2258 1338 2326 terrenaquoerunt,
1356 2253 1491 2308 diabolus
1508 2269 1610 2309 secum
1626 2258 1684 2310 tra·

849 2344 900 2397 hit.
919 2344 1063 2398 Praelatus
1079 2345 1178 2415 igitur,
1196 2344 1246 2415 qui
1258 2343 1543 2415 grogementeeedit,
1559 2343 1685 2416 diligen-

850 2436 893 2486 ter
908 2433 1059 2502 provideat
1074 2448 1131 2502 qua
1144 2432 1303 2486 intentione
1315 2435 1431 2487 terrena
1446 2435 1534 2503 petat,
1544 2435 1643 2488 utrum
1653 2432 1684 2489 in

848 2537 921 2575 suos
933 2537 1007 2576 usus
1023 2537 1056 2575 ea
1065 2521 1189 2591 redigat,
1202 2538 1239 2575 en
1250 2522 1285 2574 ad
1298 2521 1507 2576 necessitatem
1514 2522 1638 2577 fratrum
1649 2536 1684 2577 ea

847 2613 970 2679 quierat,
987 2626 1023 2663 ne
1039 2609 1188 2679 accipiter,
1212 2610 1240 2664 id
1269 2613 1315 2664 est
1331 2609 1466 2664 diabolus
1482 2625 1549 2665 eum
1576 2611 1682 2681 rapiat.

847 2700 897 2768 qui
921 2699 1096 2768 postpositis
1122 2698 1316 2768 spiritalibus
1343 2700 1470 2754 terrenis
1493 2699 1607 2754 inhiare
1622 2714 1682 2755 non

847 2790 954 2840 cessat.
967 2787 1091 2856 Propter
1101 2789 1180 2858 quod
1199 2803 1270 2842 cura
1283 2788 1498 2855 estuniversis,
1511 2788 1683 2844 duoemsol·

846 2874 957 2930 licitare
972 2877 1092 2947 generis
1108 2876 1231 2943 externi,
1258 2892 1418 2946 perquem
1441 2877 1534 2947 prima
1558 2880 1681 2932 caveant

846 2963 1026 3017 discrimina.
1053 2963 1117 3018 Duo
1142 2968 1210 3018 sunt
1225 2963 1376 3018 hominum
1400 2980 1510 3036 genera
1532 2965 1680 3022 bonorum

847 3052 961 3108 scilicet
976 3057 1005 3115 et
1019 3053 1171 3107 malorum.
1187 3053 1312 3107 Generis
1329 3053 1443 3107 externi
1458 3056 1527 3107 sunt
1541 3053 1678 3110 homines

58 3144 173 3198 otiatur,
194 3166 204 3190 s
222 3145 388 3199 Possumus
402 3162 474 3216 ergo
499 3146 663 3217 intelligere
683 3147 786 3201 diabo-
807 3153 832 3216 c
848 3143 990 3211 perversi.
1003 3141 1176 3212 ‹lustiigitur
1184 3141 1599 3211 perversossibipreeponunt,
1608 3143 1678 3198 dum

58 3248 94 3286 er
108 3232 270 3302 perdicem,
288 3249 340 3302 por
360 3250 448 3287 orum
464 3250 557 3304 spem.
585 3235 692 3289 Perdix
715 3251 786 3289 rero
847 3252 935 3289 casus
947 3239 975 3290 et
990 3239 1114 3290 eventus
1130 3250 1234 3290 narum
1249 3236 1407 3307 diligenter
1421 3237 1581 3291 attendunt.
1601 3236 1677 3291 Dum

58 3320 108 3391 jus
133 3337 189 3374 ora
214 3322 349 3376 diabolus
373 3323 497 3389 tur-atur,
524 3323 658 3377 Ecclesia
683 3323 785 3392 procul
844 3323 933 3394 igitur
957 3324 1021 3378 brec
1050 3328 1157 3379 attente
1187 3326 1385 3393 considerant,
1414 3326 1508 3394 prima
1531 3325 1676 3396 peccandi

67 3410 253 3480 intelligitur.
290 3411 321 3464 ln
352 3411 470 3480 perdice
508 3411 598 3483 igitur
634 3412 786 3482 Scriptura
841 3412 1675 3470 discriminaconsiderandoritant.llaecavissieutbomo

58 3514 100 3552 rm
117 3499 205 3552 nobis
221 3499 323 3563 innuit,
337 3500 386 3570 qui
401 3517 455 3553 ora
471 3501 592 3555 alterius
609 3501 784 3571 perdicis,id
839 3501 981 3555 caducum
1006 3503 1141 3556 morbum
1165 3504 1281 3573 patitur,
1307 3503 1374 3574 quia
1397 3502 1559 3573 spiritualis
1586 3503 1674 3558 homo

58 3590 158 3641 rentes
174 3604 257 3657 spem
273 3589 378 3643 salutis
406 3590 529 3657 iuratur,
549 3590 621 3644 tavit
640 3594 668 3643 et
684 3590 781 3643 nutrit.
838 3590 914 3642 sicut
938 3592 1066 3646 carnalis
1090 3592 1247 3662 aliquoties
1262 3607 1387 3662 peccare
1410 3592 1592 3663 perhibetur,
1618 3607 1673 3648 aec

59 3691 85 3745 r,
116 3676 187 3728 dum
216 3692 299 3746 spem
320 3678 424 3733 salutis
449 3680 493 3733 eis
519 3679 674 3745 sulrtrabit,
706 3678 785 3732 foret
837 3678 1080 3750 quoticspeoeat,
1107 3680 1239 3745 moritur,
1258 3680 1326 3750 quia
1349 3680 1376 3734 ei
1398 3680 1670 3753 poenitendigratia

73 3763 270 3818 delectatione
282 3767 379 3833 nutrit,
394 3767 473 3821 soret
482 3768 609 3821 terrenis
626 3767 784 3821 desideriis
836 3771 1035 3838 nonnegatur.
1046 3768 1130 3821 Unde
1142 3769 1346 3837 scriptumest:
1357 3769 1514 3840 Septicsr’n
1523 3769 1670 3835 discedit,

58 3853 222 3907 rer-natibus
237 3855 477 3910 illecebrisCum
488 3859 584 3910 autem
599 3856 783 3926 pullivocem
829 3854 932 3924 justus
946 3856 1050 3926 (Pror.
1069 3857 1161 3925 xxxvl,
1178 3872 1232 3910 neo
1242 3861 1338 3910 tamen
1350 3857 1459 3911 desinit
1474 3872 1543 3911 esse
1556 3857 1670 3929 Justus.

58 3943 518 4016 egenitricisaudiunt,quodam
533 3945 658 4000 naturali
674 3945 783 4000 instin-
835 3942 956 4008 Quoties
964 3944 1149 4016 enimjustus
1158 3945 1476 4017 peccat,totiesadjicit
1484 3948 1670 4019 utresurgat.

58 4036 313 4102 ireeognoscunt.
327 4033 782 4104 Similitercumuliquisdiabolo
1029 4032 1099 4086 Car.
1118 4034 1164 4087 lrl.
1182 4034 1225 4088 De
1241 4051 1341 4106 upuprc
1356 4041 1472 4088 nature.

58 4122 106 4173 lus
114 4118 213 4188 fucrit,
224 4124 251 4176 et
262 4123 587 4177 vocemecclesiasticce
597 4123 783 4192 protractio·
872 4122 1006 4192 lqupam
1032 4121 1145 4177 Graecis
1169 4121 1227 4190 trad
1247 4120 1256 4194 [
1274 4122 1391 4194 epops]
1413 4123 1604 4193 appellatur,
1630 4125 1668 4180 ab

58 4206 99 4275 lit,
118 4209 154 4260 ad
172 4208 335 4264 Ecclesiam
351 4212 437 4282 quasi
461 4212 496 4265 ad
517 4211 691 4282 genitricem
712 4228 781 4282 pro·
839 4210 972 4282 ἐπιψάομαι
990 4207 1199 4281 {epopsaamai
1210 4209 1230 4283 l,
1243 4212 1321 4282 quod
1333 4211 1536 4266 estobsonium
1545 4211 1669 4269 taeioeo

58 4294 162 4350 relicto
179 4296 295 4351 diabolo
307 4299 479 4366 transvolat,
495 4303 525 4354 nt
538 4300 593 4353 sub
610 4300 780 4355 alisdivinae
835 4308 913 4378 quod
929 4310 1061 4360 stercora
1077 4308 1203 4362 bumana
1220 4309 1389 4363 consideret
1404 4325 1438 4363 ec
1450 4313 1624 4381 congreget,
1640 4311 1670 4365 et

60 4383 141 4438 ionis
158 4385 281 4440 ulterius
307 4388 336 4440 in
358 4404 430 4458 paee
446 4388 533 4442 vivat.
561 4389 638 4443 Eece
654 4388 819 4472 qualiterD
836 4395 936 4449 fetenti
951 4399 1091 4465 pascatur
1106 4397 1183 4450 timo.
1201 4397 1327 4451 Avisest
1342 4399 1548 4469 spurcissima,
1566 4399 1669 4453 cristis

63 4486 132 4541 ova,
149 4489 216 4544 quae
245 4475 357 4530 iuratur
379 4481 407 4530 et
432 4480 604 4549 congregat,
634 4493 664 4530 in
689 4477 777 4547 pullis

58 4562 193 4632 quianon
208 4565 368 4619 estmirum
384 4565 410 4619 si
426 4582 501 4636 quos
518 4566 593 4619 male
610 4581 778 4637 congrega-

58 4650 192 4720 .iebolus,
206 4652 461 4721 judicioveritatis
476 4655 586 4724 perdat.
606 4655 638 4708 In
653 4655 780 4709 novissi-

58 4754 92 4810 po
107 4740 176 4793 suis
192 4741 327 4795 diabolus
344 4742 488 4812 insipiens
514 4744 578 4811 erit,
596 4744 664 4814 quia
687 4744 779 4799 indie

65 4829 177 4881 aeterna
194 4829 399 4884 benedictione
416 4832 536 4899 carebit,
555 4836 581 4885 et
597 4836 666 4885 tunc
682 4832 780 4887 audiet

58 4930 127 4969 cuni
142 4917 278 4985 perditis,
289 4919 316 4971 id
329 4922 374 4972 est
386 4919 522 4973 diabolus
539 4920 757 4990 curnsubjeotis
772 4937 777 4975 :

58 5003 101 5057 ite
125 5021 212 5071 arne,
232 5005 391 5075 uralodictr,
407 5008 439 5060 r'u
455 5009 552 5078 iprrcrn
571 5015 715 5063 arternum
732 5011 781 5082 qui

58 5097 123 5147 sest
138 5093 264 5157 diabolo,
276 5101 305 5148 ct
316 5094 433 5165 arrpelis
441 5097 506 5166 ejus
516 5098 635 5168 (llatllr.
644 5108 726 5167 xxv).
734 5100 779 5153 Ad

58 5180 98 5234 im
109 5182 233 5236 tendunt
248 5183 296 5252 qui
307 5183 336 5236 in
353 5183 476 5237 bacvita
487 5185 604 5240 diabolo
620 5189 778 5244 serviendo

58 5269 136 5324 bunt.

58 5375 102 5413 ar.
121 5359 167 5414 Ll.
184 5362 229 5415 De
245 5365 405 5428 coturnice,
429 5383 482 5419 scu
502 5364 604 5437 quales
625 5381 689 5419 ere.

58 5447 157 5502 rnices
185 5466 201 5502 a
226 5467 301 5506 sono
324 5453 408 5506 vocis
433 5453 527 5507 ‹lictas
551 5457 681 5522 constat,
705 5471 780 5526 quas

62 5538 186 5608 ortygas
200 5543 317 5609 vocant,
343 5556 377 5594 eo
400 5541 478 5611 quod
501 5541 574 5596 visae
597 5542 706 5596 suerint
721 5544 780 5612 pri·

58 5639 78 5679 n
106 5623 227 5700 Ortygie
259 5629 367 5685 insula.
395 5630 447 5684 Hae
470 5630 647 5688 adveniendi
672 5633 781 5690 habent

835 4484 1021 4539 exstantibus
1030 4485 1154 4555 galeata,
1166 4487 1319 4555 semperin
1331 4486 1488 4557 sepulcris,
1500 4491 1528 4541 et
1539 4486 1667 4540 humano

835 4576 966 4627 stercore
983 4589 1179 4628 commorans.
1202 4574 1286 4627 l'nde
1304 4574 1463 4629 liubanus:
1483 4596 1493 4623 a
1512 4574 1584 4628 Haeo
1601 4574 1667 4628 avis

834 4661 1175 4731 sceleratospoccatorcs
1183 4662 1484 4733 siguificathomiaes,
1495 4660 1669 4732 scilicetqui

833 4750 975 4804 sordibus
988 4753 1176 4820 peccatorum
1191 4751 1312 4805 assidue
1327 4750 1543 4805 delectantur.»
1562 4749 1667 4822 Upupa

833 4839 919 4893 etiam
944 4839 1054 4894 luctum
1078 4854 1176 4893 amare
1191 4838 1307 4906 dieitur,
1328 4839 1396 4909 quia
1420 4839 1523 4894 saeouli
1547 4840 1668 4896 tristitia

834 4930 957 4982 mortem
970 4927 1094 4998 spiritus
1105 4930 1244 4997 operatur
1252 4927 1384 4999 Propter
1396 4928 1450 4983 lroc
1459 4934 1574 5000 oportet
1589 4943 1665 4996 enni,

834 5016 883 5087 qai
889 5015 1098 5088 dilipitDeurn,
1107 5016 1434 5087 scruperpuuderesine
1442 5017 1667 5073 intermissione

834 5120 931 5169 orara,
949 5104 980 5158 in
994 5103 1129 5159 omnibus
1143 5104 1259 5175 pretias
1270 5120 1361 5175 apere
1371 5105 1400 5175 (1
1417 5105 1519 5160 Thess,
1541 5103 1580 5175 r).
1599 5106 1667 5178 quie

833 5193 971 5265 pacidiana
990 5191 1108 5246 trrrctus
1123 5198 1169 5246 ost
1184 5193 1310 5263 spa-itas
1325 5193 1434 5264 (Galat.
1452 5196 1490 5263 r).
1509 5195 1550 5248 De
1567 5210 1667 5265 upupa

834 5282 920 5336 etiam
936 5281 1132 5352 physiologus
1142 5281 1296 5352 dicitquod
1309 5297 1374 5335 cum
1386 5283 1517 5337 senuerit
1526 5285 1555 5337 et
1564 5283 1667 5339 volare

834 5386 892 5424 non
908 5369 1014 5439 possit,
1033 5368 1085 5423 lilii
1100 5368 1166 5440 ejus
1181 5371 1216 5424 ad
1229 5386 1293 5425 eam
1303 5371 1433 5441 veniunt,
1451 5376 1480 5427 et
1492 5387 1605 5442 pennas
1619 5387 1669 5427 ve·

834 5458 1170 5528 iustissimasecorpore
1182 5458 1278 5528 ipsius
1286 5460 1425 5528 evellunt,
1434 5478 1557 5535 eamque
1563 5462 1666 5516 farere

835 5550 1034 5617 concessant,
1048 5548 1177 5602 etdonee
1189 5548 1294 5602 iterum
1307 5565 1410 5618 pennae
1420 5567 1505 5605 norae
1517 5552 1665 5620 crescant,

836 5635 911 5691 cibis
921 5638 1098 5707 sustentent,
1110 5637 1142 5691 ut
1152 5634 1303 5711 Scriptura
1313 5639 1393 5712 dicit,
1406 5640 1500 5697 donec
1510 5639 1589 5697 siout
1598 5640 1666 5697 anto
