3796 6022
46 340 88 402 57

431 334 487 397 DE
502 332 663 397 BESTIIS
678 333 732 397 ΕΤ
745 330 858 395 nulls
871 329 1013 396 REBUS
1028 331 1158 396 LIBER
1171 331 1406 400 SECUNDUS.

1735 331 1776 400 58

47 541 132 613 longi
161 544 190 596 et
218 556 302 596 coma
325 539 453 611 simplici
472 540 614 596 acriores
632 539 755 593 Animos
785 509 1783 616 eorumAquerirnorumsedendoseeat,indultor-estensonando

48 631 137 686 frons
152 635 181 685 et
203 632 297 685 cauda
319 630 437 685 indicat.
462 630 563 685 Virtus
587 646 690 684 eorum
713 630 742 682 in
757 631 887 699 pectore,

48 720 176 775 tirmitas
191 721 222 773 in
245 720 349 791 rapite.
367 718 446 791 S‘epti
467 724 595 775 autema
611 718 804 774 venatoribus
829 721 890 771 ter-

51 826 116 863 ram
133 815 319 879 contuentur,
343 828 401 882 quo
424 811 521 865 prinus
544 809 714 880 conspectis
734 808 891 863 venabulis

50 903 230 953 terreantur.
256 900 396 954 [lotarum
419 901 561 970 strepitus
583 900 695 967 timent,
720 898 773 952 sed
796 896 893 967 magis

51 988 166 1057 iguem.
183 989 774 1059 Etcumadnullumpaveantoccursum,
790 987 893 1040 terrm-

52 1083 100 1134 tur
115 1081 217 1135 album
233 1080 344 1151 gallum
353 1080 438 1134 valde
451 1080 563 1133 timere.
575 1078 695 1148 Physici
712 1077 838 1146 deniquo
854 1075 896 1128 di·

52 1175 123 1223 crint
146 1170 279 1240 quinque
304 1169 453 1223 naturales
473 1184 523 1222 res
547 1168 611 1222 sive
636 1170 757 1221 naturas
783 1165 893 1219 habere

52 1260 182 1314 leonem.
204 1260 303 1314 Prima
323 1262 378 1325 est,
401 1259 479 1329 quod
501 1274 554 1328 per
575 1255 728 1312 cacumina
752 1255 892 1309 montium

53 1354 130 1403 amat
153 1350 208 1403 ire.
231 1348 261 1402 Si
285 1364 356 1403 vero
382 1347 538 1419 contigerit
559 1347 638 1417 quod
661 1361 678 1399 a
702 1344 892 1402 irenatorihus

53 1442 217 1509 quaeratur,
237 1438 357 1492 odorem
372 1453 475 1491 eorum
490 1437 579 1491 sentit
593 1439 681 1506 atque
697 1450 751 1488 sua
765 1433 891 1504 vestigia

55 1528 148 1581 eauda
164 1543 220 1580 sua
235 1528 318 1597 tegit,
334 1531 366 1579 nt
379 1542 433 1596 per
440 1525 508 1595 ejus
517 1524 644 1596 vestigia
658 1527 815 1578 venatores
825 1537 891 1576 eum

56 1617 240 1688 investigare
255 1619 411 1686 nequeant.
423 1615 472 1669 Sic
484 1619 512 1670 et
527 1614 662 1668 Salvator
677 1616 787 1679 noster,
804 1610 890 1681 spiri-

58 1706 143 1759 tualis
159 1706 220 1759 Leo
236 1706 273 1759 (ie
290 1705 371 1759 tribu
391 1705 464 1760 dude
479 1703 610 1775 (ripensi.
629 1710 668 1770 vt,
686 1701 770 1756 radix
785 1701 887 1766 lesse,

944 648 1015 687 vero
1030 633 1092 686 sitit
1107 633 1187 687 vadit
1201 635 1237 688 ad
1254 635 1362 690 tlumen
1387 652 1527 707 magnum
1542 637 1731 706 Euphratem,
1747 638 1776 691 et

944 723 1028 777 bibit.
1045 724 1118 778 Sunt
1133 729 1230 779 autem
1240 726 1349 780 ibidem
1364 726 1459 796 virgoe
1475 726 1612 779 vimineae
1620 724 1732 780 virides
1748 727 1777 780 et

946 812 1060 868 molles.
1079 814 1183 884 Incipit
1193 815 1369 869 autemillud
1379 814 1485 867 animal
1497 814 1638 869 ludereiu
1648 813 1776 886 virgulis

943 901 1013 966 illis,
1032 907 1060 957 et
1075 904 1201 958 ludendo
1218 903 1328 973 obligat
1343 903 1535 972 semetipsum
1547 902 1689 957 cornibus
1700 902 1777 957 obli-

944 993 1081 1063 gatisque
1096 992 1238 1047 cornibus
1254 992 1435 1046 vociferatur
1453 991 1564 1063 ingenti
1580 991 1690 1062 rugitu,
1707 991 1776 1063 quia

944 1083 1070 1136 evadere
1080 1085 1243 1151 nonpotest
1252 1081 1415 1152 gracilibus
1424 1080 1776 1151 virguliscircumseptus

944 1174 972 1224 et
987 1173 1056 1225 tunc
1073 1171 1196 1241 quilibet
1209 1173 1334 1225 venator
1346 1170 1496 1224 absconse
1509 1184 1633 1238 venans,
1649 1169 1775 1223 audiens

944 1277 1048 1315 vocem
1064 1260 1132 1331 ejus
1154 1260 1254 1327 currit,
1280 1263 1308 1314 et
1332 1259 1487 1313 inveniens
1511 1259 1633 1330 ligatum
1657 1257 1775 1312 occidit.
1846 1281 1849 1285 ·

943 1350 1111 1421 Gaveergm,
1121 1349 1207 1403 homo
1217 1349 1274 1417 dei,
1285 1349 1466 1415 ebrietatem,
1478 1363 1533 1402 nec
1543 1345 1687 1418 obligeris
1695 1346 1779 1400 luxu·

944 1438 996 1492 riae
1011 1439 1170 1509 voluptate,
1187 1441 1289 1492 utnon
1302 1436 1489 1491 interficiaris
1502 1453 1518 1490 a
1529 1435 1657 1490 diabolo.
1676 1432 1778 1488 Vinum

944 1528 1022 1581 eni1n
1029 1533 1058 1581 et
1069 1527 1385 1597 rrrulier·esapostata1·e
1395 1525 1507 1580 dneirmt
1514 1524 1648 1579 homiues
1659 1522 1779 1594 sapion-

946 1616 1329 1685 te=le‹·oli.x1xt.l'erum
1349 1615 1395 1669 vir
1410 1615 1531 1684 sapiens
1556 1617 1584 1668 et
1607 1612 1738 1684 prudens
1761 1627 1779 1665 a

946 1705 1015 1759 vino
1031 1709 1086 1759 eta
1101 1706 1224 1760 muliere
1236 1722 1269 1760 se
1279 1709 1400 1759 avertet.
1410 1703 1483 1759 Sunt
1494 1707 1591 1758 autem
1599 1703 1657 1757 duo
1666 1699 1780 1771 lapides

58 1796 135 1849 tilius
159 1794 265 1858 David,
290 1794 403 1848 missus
425 1810 441 1846 n
465 1808 595 1863 superno
615 1792 712 1856 Patro,
738 1789 889 1858 cooperuit
905 1791 931 1851 Β
947 1794 1077 1865 igniferi,
1095 1794 1245 1848 masculus
1267 1797 1295 1848 et
1315 1794 1432 1849 femina.
1450 1793 1493 1847 Tu
1513 1793 1604 1864 igitur
1624 1789 1781 1861 professor

60 1884 185 1956 vestigia
200 1883 317 1938 deitatis
333 1899 406 1951 suae,
424 1898 543 1937 carnem
564 1896 723 1935 assumens
739 1895 776 1934 ox
797 1879 887 1933 Maria

57 1973 180 2045 virgine,
197 1976 229 2027 ut
244 1973 331 2026 etiam
342 1973 478 2026 diabolus
489 1971 607 2025 humani
621 1969 741 2041 generis
750 1967 888 2022 inimicus

58 2062 185 2132 mysterii
209 2062 421 2116 incarnationis
444 2059 511 2131 ejus
527 2061 661 2132 ignarus,
680 2058 764 2129 quasi
784 2073 889 2128 purum

59 2152 202 2206 hominem
218 2167 288 2205 eum
302 2155 426 2205 conatus
449 2150 488 2204 sit
503 2152 625 2205 tentare.
643 2148 716 2202 Cum
735 2146 812 2201 enim
829 2147 889 2200 Do-

61 2241 150 2294 minus
165 2243 271 2295 noster
278 2239 369 2294 lesus
378 2238 514 2293 Christus
524 2238 723 2308 diuJ'ejunans
733 2235 889 2289 indeserto

61 2346 107 2399 pro
121 2329 237 2383 nostris
251 2329 382 2399 pereatis
392 2329 519 2382 esuriret
529 2344 566 2381 ex
575 2331 656 2397 parte
666 2325 774 2392 earnis,
784 2339 889 2378 acces-

62 2418 94 2471 sit
106 2419 142 2471 ad
153 2434 222 2471 eum
237 2419 364 2471 tentator
379 2417 481 2471 dicens
493 2417 518 2470 ei
527 2433 533 2470 :
542 2417 577 2470 Si
591 2415 670 2469 dlius
681 2414 737 2467 Dei
746 2430 787 2478 es,
797 2414 846 2468 dic
861 2418 891 2466 nt

10 2570 12 2581 Ι
64 2506 170 2577 lapides
185 2507 241 2560 isti
252 2523 347 2577 panes
362 2505 433 2560 dant
448 2505 567 2573 illattlr.
584 2508 634 2564 rvi.
656 2503 778 2568 Quando
794 2504 890 2556 autem

64 2612 108 2665 pro
123 2595 211 2650 nohis
227 2595 285 2665 pati
297 2595 400 2662 voluit,
416 2595 542 2649 traditus
557 2592 728 2662 adiscipulo
741 2592 770 2645 in
785 2607 890 2645 manus

64 2683 239 2751 ludaeorum,
256 2688 398 2738 natusest
414 2684 550 2738 diabolus
567 2699 633 2737 eum
649 2686 742 2736 morte
758 2680 888 2747 vincere,

64 2788 141 2842 quem
151 2773 255 2827 vivum
266 2772 427 2827 nonvaluit
441 2788 594 2842 superare.
615 2771 673 2825 Sed
694 2769 890 2840 cumpropria

65 2862 160 2916 virtute
176 2879 193 2916 a
210 2862 335 2916 mortuis
354 2861 582 2929 resurrexisset,
600 2875 658 2914 non
675 2858 771 2913 solum
791 2858 827 2912 ab
844 2858 890 2910 in-

66 2949 127 3004 ieris
141 2951 240 3019 rediit,
262 2951 417 3005 sedetiam
434 2950 578 3020 captivam
598 2949 680 3002 duxit
694 2946 891 3018 captivitatem

65 3054 141 3093 suam
152 3041 362 3094 demonstrans
378 3039 524 3094 deitatem.
537 3037 672 3093 Secunda
681 3040 783 3090 natura
794 3034 889 3090 teonis

10 3194 12 3201 Ι
65 3130 194 3199 estquod
211 3145 278 3183 eum
294 3129 410 3197 dormit,
427 3127 530 3183 oculos
545 3130 664 3197 apertos
680 3125 789 3180 habere
804 3125 888 3180 vide·

10 3204 12 3253 ἶ
65 3219 112 3271 tur.
129 3217 213 3282 Quod
229 3219 305 3272 bene
320 3219 427 3271 dicitur
438 3216 600 3272 deGhristo
616 3216 645 3269 in
659 3214 787 3269 Cautieis
803 3214 890 3269 canti·

65 3321 168 3360 rorum.
186 3307 252 3377 Epo
265 3307 387 3372 clerrnio,
407 3313 436 3360 et
450 3323 503 3360 ror
513 3323 606 3360 meum
625 3305 728 3375 vigilat
738 3302 835 3367 (Cant.
848 3305 888 3372 v).

65 3392 203 3449 llormivit
217 3395 295 3449 enim
311 3412 379 3450 caro
403 3396 432 3449 in
448 3412 536 3450 eruce
561 3393 724 3459 moriendo,
751 3392 890 3447 divinitas

63 3499 127 3538 vero
152 3483 296 3553 vigilabat
311 3487 415 3539 cuncta
430 3484 623 3556 protegendo,
641 3484 717 3537 unde
733 3482 866 3552 psalmus
883 3497 889 3535 :

63 3572 136 3627 Erre
152 3589 211 3627 non
231 3573 413 3635 dormitabit,
432 3590 525 3645 neque
540 3573 677 3636 dormiet,
697 3571 747 3643 qui
763 3570 893 3625 custodit

64 3661 156 3716 lsrael
177 3662 273 3721 t'PsaI.
291 3662 370 3723 cxxl.
388 3663 484 3717 Tertia
500 3662 567 3732 ejus
583 3665 696 3728 natura,
722 3660 801 3731 quod
825 3675 892 3714 cum

62 3749 150 3805 leaena
181 3751 267 3820 parit,
294 3767 366 3806 suos
383 3752 496 3806 catulos
524 3755 657 3805 mortuos
686 3750 771 3820 parit,
796 3753 825 3803 et
853 3748 891 3802 ita

62 3839 188 3893 custodit
203 3826 299 3893 trihus
313 3839 430 3905 diebus,
446 3841 540 3895 donec
555 3840 680 3894 veniens
696 3842 892 3909 patereorum

56 3927 79 3981 in
95 3928 205 3981 taciem
221 3944 323 3982 eorum
337 3928 464 3999 exhalet,
481 3933 512 3984 ut
526 3930 723 3983 vivificentur.
737 3926 786 3981 Sic
798 3925 890 3979 omni-

55 4022 156 4086 potens
182 4016 271 4070 Pater
291 4017 447 4072 Dominum
466 4022 601 4073 nostrum
617 4018 720 4071 lesum
739 4015 890 4069 Christum

55 4110 156 4165 Filium
174 4127 263 4165 suum
278 4112 362 4166 tertia
377 4112 613 4167 dicsuseitavita
624 4110 757 4178 mortuis,
775 4110 890 4164 dicente

55 4199 163 4255 tacebo
183 4217 189 4255 :
209 4200 389 4255 Dorrnitabit
401 4207 544 4274 tamqnam
559 4200 613 4263 leo,
636 4206 664 4254 et
681 4199 758 4253 sieut
777 4198 892 4252 raterius

56 4287 147 4343 leonis
168 4289 368 4344 suscitabitur
395 4290 517 4354 (Genes.
538 4290 629 4349 xnrxl.
655 4287 761 4353 Quarta
787 4290 892 4341 natura

57 4377 148 4432 leonis
163 4381 221 4445 est,
239 4379 319 4449 quod
339 4378 396 4433 nisi
413 4379 505 4432 laesus
522 4377 619 4443 inerit,
637 4392 695 4430 non
712 4374 798 4430 facile
813 4374 891 4429 iras-

59 4467 138 4521 citur.
155 4467 240 4521 Patet
251 4466 629 4538 enimejusmisericordia,
646 4465 724 4536 quod
733 4462 891 4534 prostratis

59 4555 155 4622 parcit.
173 4557 259 4610 Unde
273 4571 382 4610 versus
400 4571 406 4609 :

91 4643 226 4698 Parce-re
238 4644 404 4715 prostratis
418 4644 476 4699 seit
493 4643 603 4698 nobilis
616 4643 663 4696 ira
680 4641 784 4695 leonis.

95 4730 135 4784 Tu
150 4748 262 4804 praeque
276 4731 324 4786 fac
339 4732 437 4786 simite
448 4732 582 4804 quisquis
592 4731 757 4785 dominaris
767 4730 798 4784 in
809 4729 893 4784 orbe.

92 4819 232 4890 Paptivos
244 4821 381 4876 homines
393 4820 450 4875 sibi
467 4820 573 4875 obvios
588 4820 731 4891 repedare
741 4817 892 4888 permittit.

63 4911 156 4962 etnon
172 4908 230 4961 nisi
247 4926 308 4979 prm
330 4926 437 4979 magna
466 4909 542 4964 same
565 4908 713 4963 interimit.
736 4906 780 4960 nh
805 4905 894 4976 cujus

63 4997 226 5068 exemplum
242 4998 434 5051 rationabiles
455 4997 591 5052 homines
607 4996 758 5067 respicere
775 4995 892 5063 debent,

63 5086 107 5154 qui
121 5101 180 5140 non
206 5086 272 5139 laesi
286 5085 456 5140 irascuntur
473 5089 501 5141 et
524 5086 698 5140 innocentes
714 5083 892 5154 opprimunt,

63 5188 124 5227 eum
139 5191 193 5229 eos
207 5174 374 5228 Christiana
390 5174 438 5227 lex
456 5173 603 5228 dimittere
616 5171 721 5244 jubeat
734 5172 856 5226 liberos.

77 5260 143 5315 Car.
162 5262 197 5315 tt.
214 5262 259 5316 ile
274 5261 374 5316 sertula
389 5277 442 5315 scu
452 5266 521 5315 anto
531 5266 581 5315 ant
596 5260 731 5331 antelope
742 5259 874 5313 urrinnrli.

94 5349 144 5404 Est
158 5350 267 5404 animal
281 5351 380 5404 antula
396 5350 709 5416 nomineacerrimum,
730 5348 808 5400 itaut
825 5348 893 5401 nul-

62 5435 105 5492 lus
119 5443 244 5493 venator
258 5439 285 5493 ai
307 5439 404 5509 possit
419 5437 656 5508 appropinquare
670 5451 677 5505 3
702 5435 791 5490 habet
814 5435 893 5489 enim

64 5541 167 5581 cornua
184 5527 273 5598 longa
282 5527 313 5580 in
322 5526 544 5581 similitudinem
553 5541 656 5593 serrae,
668 5524 777 5595 quilius
789 5539 892 5578 secare

63 5616 452 5689 potestmanimasquereus,
461 5613 611 5672 condensa
622 5617 650 5669 et
657 5615 807 5685 superflua
815 5628 893 5685 quae·

947 1884 1120 1952 prudentie,
1138 1884 1269 1955 intellige
1281 1883 1389 1937 multos
1404 1882 1531 1953 periisse
1548 1880 1778 1951 proptervinum

944 1976 1083 2042 tanquam
1098 1973 1204 2040 virum,
1223 1976 1250 2027 et
1263 1976 1384 2043 propter
1399 1971 1534 2037 seminas,
1548 1971 1633 2023 idest
1648 1967 1780 2037 volupta-

945 2064 1000 2125 tes,
1018 2065 1046 2114 et
1061 2064 1165 2115 cautus
1181 2065 1245 2116 esto
1260 2064 1291 2114 ut
1307 2061 1409 2114 salvus
1425 2060 1544 2113 evadas
1557 2057 1637 2130 Ergo
1648 2057 1705 2110 hoc
1720 2055 1779 2109 ani·

943 2148 1097 2219 malsupra
1109 2150 1250 2220 seriptum
1263 2149 1411 2219 signitieat
1420 2148 1501 2201 viros
1513 2147 1656 2201 habentes
1666 2158 1778 2199 cornua

944 2238 1089 2293 bonorum
1098 2254 1230 2308 operum,
1241 2238 1304 2293 sive
1312 2237 1464 2292 scientiam
1476 2237 1600 2290 duorum
1611 2234 1780 2289 Testamen-

944 2330 1050 2393 torum‚
1073 2328 1123 2398 qui
1143 2327 1273 2397 quandiu
1289 2326 1318 2381 in
1337 2326 1384 2379 his
1406 2324 1582 2391 studuerint,
1601 2338 1661 2377 non
1679 2322 1778 2377 solum

944 2419 1069 2484 modica,
1087 2416 1243 2471 sedetiam
1264 2414 1386 2485 grandia
1402 2414 1471 2467 vitia
1496 2416 1642 2468 resecant.
1660 2410 1777 2467 sivero

944 2508 1013 2562 inde
1028 2506 1153 2573 reversi,
1170 2506 1206 2559 ad
1218 2504 1374 2559 illecebras
1391 2503 1482 2575 hujus
1492 2502 1559 2556 vitre
1568 2504 1597 2555 et
1610 2501 1776 2571 voluptates

945 2596 1131 2665 attenderint,
1141 2595 1219 2666 gulae
1228 2611 1262 2648 ac
1271 2593 1418 2649 lenocinio
1430 2591 1599 2659 servierint,
1613 2605 1673 2645 non
1681 2589 1778 2644 solum

945 2688 1083 2740 virtutem
1098 2685 1243 2739 bonorum
1260 2699 1382 2754 operum
1397 2682 1450 2737 sed
1467 2681 1553 2736 etiam
1565 2679 1689 2750 praemia
1708 2693 1778 2749 per·

946 2777 1017 2830 dunt
1033 2774 1176 2841 hahendo,

1151 2881 1220 2935 Car.
1238 2881 1286 2935 111.
1304 2881 1349 2935 lle
1364 2885 1570 2933 onocentauro.

980 2991 1217 3045 onocentaurum
1232 2988 1348 3041 duabus
1357 2986 1470 3041 naturis
1480 2988 1617 3039 constare
1625 2978 1781 3053 physiolo-

907 3106 933 3169 c
947 3097 1005 3154 gns
1020 3079 1138 3149 asserit,
1156 3078 1275 3131 dicens:
1290 3074 1432 3145 Superior
1440 3089 1509 3143 pars
1519 3075 1658 3126 centauro
1668 3067 1780 3124 homini

948 3169 1055 3224 similis
1071 3171 1125 3233 est,
1141 3166 1264 3220 interior
1278 3179 1350 3218 vero
1362 3179 1428 3229 ono,
1445 3161 1474 3215 id
1489 3159 1637 3215 estasino.
1651 3157 1727 3211 Huic
1738 3171 1783 3210 as-

948 3258 1093 3312 similatur
1107 3256 1252 3311 vecordes
1268 3257 1355 3325 atque
1370 3251 1521 3321 bilingues
1536 3247 1682 3303 homines.
1695 3244 1780 3300 Unde

945 3347 1055 3401 Paulus
1067 3346 1154 3400 dicit:
1167 3343 1321 3398 Habentes
1329 3340 1544 3414 promissiones
1552 3335 1684 3409 pietatis,
1693 3332 1784 3389 laetis

945 3442 1043 3490 aretem
1059 3435 1243 3507 almeparrtes
1252 3436 1260 3493 t
1264 3433 1294 3486 11
1304 3432 1371 3486 Cor.
1384 3431 1446 3500 vuit,
1460 3433 1488 3485 et
1499 3426 1656 3482 Psalmista
1668 3444 1677 3478 .·
1690 3422 1783 3478 Homo

944 3541 1008 3579 cnm
1024 3525 1054 3577 in
1067 3524 1177 3578 honore
1188 3527 1278 3583 esset,
1297 3538 1352 3575 non
1365 3517 1524 3581 intellexit,
1540 3517 1726 3586 comparatus
1737 3515 1783 3566 est

937 3613 1086 3686 jrrnrentis
1106 3609 1328 3684 insipientibus,
1357 3614 1385 3663 et
1411 3606 1521 3660 similis
1536 3604 1633 3660 iactus
1658 3606 1705 3657 est
1721 3599 1784 3655 illis

944 3702 1039 3769 (PseI.
1057 3702 1170 3759 xuvrnl.

1064 3826 1134 3881 (lae.
1152 3825 1200 3880 IV.
1217 3824 1261 3877 Ilo
1275 3823 1444 3888 herinaceo,
1467 3836 1520 3874 seu
1535 3818 1660 3872 hericio.

978 3951 1180 4022 physiologus
1196 3948 1267 4002 dicit
1277 3947 1313 4001 de
1325 3947 1493 4012 herinaceo,
1507 3943 1584 4014 quod
1596 3942 1722 4014 liguram
1731 3938 1783 3993 ha·

943 4041 992 4096 bet
1015 4040 1136 4110 porcelli
1159 4037 1306 4106 lactentis,
1324 4039 1352 4090 et
1376 4040 1421 4090 est
1443 4033 1524 4090 totus
1548 4031 1706 4101 spinosus,
1733 4025 1784 4099 qui

943 4134 1075 4199 tempore
1084 4129 1298 4183 vindemiarum
1313 4126 1479 4198 ingreditur
1488 4123 1616 4189 vineam,
1633 4123 1662 4175 et
1672 4118 1722 4173 ubi
1735 4117 1782 4171 in-

945 4219 1026 4273 venit
1035 4219 1125 4272 vitem
1135 4221 1295 4285 oneratam,
1306 4215 1440 4270 ascendit
1449 4229 1539 4284 supra
1547 4216 1576 4267 et
1582 4209 1695 4265 excutit
1703 4222 1785 4262 race-

946 4324 1011 4363 mos
1023 4308 1058 4361 ad
1070 4310 1188 4373 terram,
1199 4307 1304 4360 deinde
1315 4303 1470 4360 descendit
1478 4306 1507 4358 et
1515 4298 1639 4356 involvit
1647 4314 1681 4353 se
1693 4310 1784 4367 super

948 4400 1148 4469 congregatos
1172 4410 1322 4460 racemos,
1339 4396 1371 4448 ut
1387 4393 1546 4463 intlgantur
1561 4389 1590 4443 in
1606 4385 1701 4458 spinis
1717 4383 1782 4439 suis

950 4485 1037 4541 etsie
1052 4485 1109 4539 lert
1122 4499 1222 4539 escam
1237 4483 1342 4538 catulis
1358 4481 1433 4536 suis.
1451 4480 1504 4534 Est
1518 4481 1615 4533 autem
1626 4477 1712 4545 aptus
1721 4487 1782 4527 me·

950 4575 1056 4629 <ticinae
1072 4577 1175 4628 coctus
1191 4575 1219 4627 et
1234 4575 1385 4625 comestus
1395 4568 1521 4641 protlcit.
1538 4567 1582 4620 Tu
1596 4578 1678 4631 vero,
1691 4562 1780 4616 homo

950 4663 1013 4730 Dei,
1027 4662 1142 4717 custodi
1151 4660 1266 4715 vineam
1278 4663 1354 4714 tuam
1366 4662 1395 4713 et
1407 4671 1510 4712 omnes
1519 4655 1634 4708 tructus
1642 4649 1710 4721 ejus
1722 4648 1783 4718 spi·

948 4752 1080 4817 rituales
1096 4766 1133 4805 ne
1148 4753 1176 4803 te
1192 4752 1316 4817 occupet
1330 4747 1416 4801 istius
1432 4743 1536 4799 seculi
1553 4739 1734 4805 sollicitudo,
1750 4741 1780 4792 et

947 4839 1304 4910 temporaliumbonorum
1311 4835 1446 4904 voluptas
1458 4831 1635 4902 etspinosns
1643 4827 1781 4882 diabolus

947 4928 1049 4999 inligat
1065 4927 1130 4982 suis
1145 4925 1241 4996 spinis
1252 4939 1355 4979 omnes
1365 4916 1742 4992 tructusejusspirituales,
1752 4919 1782 4972 et

948 5017 1037 5071 iaciat
1051 5032 1150 5069 eseam
1166 5012 1282 5082 hestiiS,
1300 5015 1328 5067 et
1344 5012 1391 5066 ilat
1406 5010 1503 5066 anima
1518 5012 1567 5063 tua
1582 5007 1669 5074 nuda,
1685 5020 1782 5062 vacua

947 5108 976 5160 et
999 5104 1106 5174 inanis,
1133 5103 1210 5158 sicut
1225 5102 1392 5173 pampinus
1409 5100 1474 5154 sive
1490 5097 1559 5152 vitis
1575 5094 1681 5153 ablatis
1701 5093 1781 5151 uvis.

946 5194 1019 5247 Post
1033 5193 1089 5247 hoc
1105 5192 1182 5247 enim
1198 5191 1307 5247 trustra
1320 5188 1477 5243 clamabis:
1491 5186 1611 5241 Vineam
1621 5200 1715 5240 meam
1728 5198 1784 5239 non

946 5281 1096 5337 custodivi
1110 5281 1207 5347 lCant.
1226 5284 1266 5350 a).
1288 5279 1388 5351 Hujus
1407 5274 1555 5332 herinacei
1576 5270 1664 5330 etiain
1679 5275 1784 5328 natura

945 5373 1001 5439 est,
1019 5374 1049 5424 nt
1064 5371 1089 5423 si
1105 5370 1223 5441 quando
1238 5369 1367 5424 senserit
1383 5365 1542 5433 hominem,
1559 5366 1660 5417 contre
1676 5376 1781 5417 omnes

945 5459 1069 5513 insidias
1082 5458 1149 5529 ejus
1160 5458 1288 5529 protegit
1299 5472 1332 5510 se
1341 5455 1406 5511 suis
1417 5453 1512 5524 spinis
1522 5452 1652 5521 sepiens,
1668 5451 1697 5502 et
1708 5462 1742 5501 se
1751 5447 1782 5502 in

945 5548 1067 5619 globum
1089 5546 1244 5621 colligens,
1268 5549 1295 5598 et
1310 5544 1390 5598 velut
1413 5542 1578 5612 plaustrum
1601 5534 1715 5589 stridet.
1736 5534 1783 5589 Tu

945 5640 1043 5691 autem
1067 5634 1171 5689 salutis
1195 5636 1253 5689 tuae
1268 5631 1424 5694 inimicum
1440 5623 1697 5701 praesentassem,
1707 5620 1797 5679 hams
