3796 6022
83 225 166 290 1199
484 221 706 288 APPENDIX
726 221 784 284 AD
809 220 1001 287 Huaottts
1024 219 1169 284 OPERA
1191 220 1384 286 mYsttct.
1728 218 1809 285 1200

83 440 131 482 ur.
144 423 284 498 Myrrha,
296 428 326 481 et
334 429 427 499 putta,
439 430 468 481 et
479 425 570 480 casia.
582 422 702 495 Myrrha
717 423 802 479 valde
811 436 911 478 amara
925 403 955 465 Α
971 438 1038 478 rum
1049 421 1244 492 suntanimae,
1254 421 1388 477 doctrina
1401 435 1504 477 eorum
1518 421 1654 477 enutritae
1664 424 1694 476 et
1706 436 1809 476 eorum

80 513 840 587 ast,etperhocsignificatmortificationemcarnis,
853 528 912 566 nou
970 510 1115 582 exemplis
1131 511 1291 566 adornatae.
1318 510 1389 576 Quae
1408 513 1564 583 propterea
1584 526 1644 566 non
1667 510 1807 565 illiorum.

80 606 223 677 quantum
247 604 283 658 ad
307 606 451 674 naturam,
476 603 530 658 sed
557 607 696 675 quantum
726 602 762 656 ad
786 601 910 672 culpam.
971 601 1165 657 sedsiliarum
1184 600 1303 655 nomine
1319 601 1567 672 designentur,ut
1583 616 1686 656 earum
1698 599 1809 672 magni·

81 693 194 749 Natura
209 707 335 764 namque
355 707 473 764 semper
488 695 534 747 est
550 692 715 762 nutrienda,
733 690 818 762 culpa
832 690 912 760 peri·
971 690 1027 746 tlca
1043 690 1159 745 devotio
1175 689 1372 761 significetur.
1395 689 1550 745 Femineas
1566 704 1696 762 namque
1712 704 1804 744 sexus

79 782 196 839 menda.
213 781 285 837 Haec
309 782 428 852 myrrha
443 783 574 836 emnium
589 782 750 836 electorum
770 783 817 834 est
832 795 838 834 :
858 777 914 844 Qai
970 779 1055 834 valde
1068 779 1193 834 devotas
1206 783 1261 848 cst,
1277 782 1371 850 etqua
1383 794 1417 834 se
1430 778 1632 833 edomandum
1647 779 1806 849 intorquet,

80 873 158 927 cuim
172 871 289 926 Christi
298 877 377 941 sunt,
390 887 510 926 carnem
521 888 603 927 suem
618 869 833 926 crucifixerunt
849 884 913 923 cum
970 868 1145 924 mirabiliter
1161 867 1265 923 fervet.
1286 867 1337 923 Vel
1358 872 1438 923 certe
1453 868 1589 939 siliarum,
1606 884 1665 923 non
1681 867 1810 922 tiliorum

85 961 168 1015 vitiis
177 965 206 1016 et
215 960 463 1033 concupiscentiis
474 959 551 1027 (Gal.
564 959 604 1030 v).
618 959 727 1014 Verum
740 958 809 1029 quia
822 973 913 1028 supe·
970 959 1089 1014 nomine
1100 957 1318 1027 describuntur,
1339 961 1379 1025 ut,
1393 957 1462 1011 dum
1473 958 1564 1029 (quod
1575 958 1664 1012 etiam
1682 957 1807 1011 infirmae

80 1050 145 1106 rius
160 1049 191 1105 iu
206 1049 262 1105 hoc
277 1048 377 1104 libello
392 1049 519 1120 quodam
535 1050 566 1104 iu
584 1063 722 1103 sermone
742 1047 778 1101 de
793 1045 913 1117 mprrha
973 1050 1002 1102 et
1010 1046 1193 1118 imperfectae
1208 1047 1324 1115 enimse,
1337 1063 1403 1117 qum
1423 1061 1477 1117 per
1491 1046 1568 1102 filias
1587 1046 1809 1118 significantur,

79 1137 148 1210 hac,
174 1140 203 1193 et
226 1136 294 1209 ejus
309 1138 470 1209 speciebus
491 1137 616 1209 plurima
641 1120 789 1205 diximus,¹
802 1135 913 1190 idcirco
940 1187 943 1195 ,
972 1136 1122 1192 Christum
1136 1152 1191 1191 sua
1206 1136 1360 1190 sanctitate
1371 1135 1704 1206 delectant)ostenditur
1713 1150 1810 1207 quan·

79 1227 273 1299 paucioribus
288 1243 367 1282 nuuc
378 1227 507 1282 contenti
526 1227 562 1281 ad
580 1226 736 1298 sequentia
753 1224 914 1296 pertransi·
972 1228 1034 1281 tum
1046 1225 1088 1279 illi
1099 1223 1299 1296 perlectorum
1315 1224 1462 1279 mirabilis
1478 1224 1594 1296 justitia
1609 1224 1734 1294 placeat,
1750 1237 1810 1277 me-

80 1316 358 1372 musGuttsherba
374 1320 429 1386 est,
441 1332 507 1387 quae
526 1315 677 1370 inflaturas
689 1314 865 1386 comprimit,
886 1315 915 1368 et
971 1314 1030 1371 lius
1046 1315 1236 1385 exprimatur.
1255 1314 1371 1387 Regum
1394 1314 1492 1385 itaque
1512 1314 1580 1369 tiliae
1603 1313 1758 1371 Christum
1782 1311 1810 1366 in

80 1406 198 1478 perhoc
207 1405 524 1461 virtutemhumilitatis
538 1404 684 1476 exprimit.
696 1404 767 1458 Haec
778 1418 865 1474 quam
877 1402 916 1456 sit
974 1405 1087 1460 honore
1097 1404 1252 1473 delectant,
1265 1403 1333 1457 dum
1346 1402 1551 1474 subjectorum
1560 1403 1676 1457 devotae
1686 1400 1813 1457 multitu·

80 1495 253 1553 necessaria
268 1494 412 1549 Dominus
428 1495 459 1548 in
474 1493 637 1567 Evangelio
652 1494 848 1563 demonstrat,
864 1491 914 1546 ubi
977 1494 1063 1548 dines
1075 1509 1141 1548 eum
1162 1509 1216 1547 suu
1231 1492 1361 1547 bonitate
1379 1491 1591 1547 delectabiliter
1601 1491 1760 1547 honorant.
1776 1490 1810 1545 Et

84 1583 154 1641 disit
166 1601 173 1641 ε
187 1583 299 1653 Omnis,
312 1583 399 1656 quise
410 1582 556 1653 humiliat,
574 1582 767 1652 exaltabitur,
780 1588 808 1637 et
823 1581 872 1654 qui
882 1597 916 1635 sc
973 1583 1022 1638 hic
1034 1581 1218 1638 delectabilis
1228 1581 1334 1651 honor,
1343 1581 1479 1636 sivehaec
1488 1580 1674 1637 honorabilis
1688 1579 1811 1635 delecta·

82 1671 206 1742 exaltat,
215 1671 423 1727 barciliabitur
431 1671 717 1744 (Luc.x1v).Etitem.
730 1671 785 1737 Qui
792 1686 917 1726 consus·
973 1673 1013 1728 tio
1025 1671 1222 1743 expraedictis
1240 1669 1398 1725 virtutibus
1416 1670 1558 1741 procedit,
1571 1672 1600 1725 et
1617 1685 1686 1724 eum
1712 1669 1810 1724 suavi-

83 1744 199 1834 cepcrit
215 1776 339 1834 repnum
350 1761 407 1815 Dei
417 1761 495 1816 sicut
502 1761 656 1834 parvulus,
675 1777 730 1816 nou
748 1759 915 1815 intrabitiu
931 1731 957 1792 Β
974 1765 1019 1816 ter
1029 1760 1133 1830 reficit,
1145 1760 1214 1814 dum
1225 1757 1474 1830 ipsassubjeetos
1484 1757 1809 1830 perhasvirtutesjus·

82 1848 158 1906 illud
181 1850 300 1921 (Metth.
322 1851 416 1922 xvur).
441 1851 524 1905 Hanc
545 1849 694 1905 Abraham
716 1865 785 1904 vere
814 1848 917 1903 habuit
975 1850 1126 1919 tevivere,
1144 1847 1395 1919 etaliisexempla
1408 1846 1532 1919 justitiae
1549 1848 1685 1919 praebere
1706 1848 1807 1904 cernit.

83 1939 618 2012 eumait:LoqueradDominum,cum
633 1940 689 1994 sim
696 1938 917 2010 pulrisetciois
975 1938 1085 1995 Astitit
1095 1939 1201 2010 rapina
1211 1954 1226 1993 a
1238 1938 1358 1993 dextris
1369 1938 1428 1992 tais
1439 1938 1470 1992 in
1483 1938 1592 1993 vestitu
1601 1938 1746 1994 deaurato
1754 1937 1811 1991 cir·

84 2028 171 2100 (Gen.
184 2029 279 2099 xvur).
292 2029 375 2084 Hanc
385 2031 412 2083 et
423 2029 515 2084 Jacob
528 2029 674 2084 veraciter
685 2027 869 2098 habuit,dum
880 2027 917 2081 ad
978 2029 1111 2085 ciirudata
1133 2028 1289 2082 verietate.
1302 2026 1385 2082 Sicut
1400 2027 1431 2081 in
1439 2027 1617 2098 praecedenti
1628 2041 1721 2082 versu
1738 2040 1810 2098 quo·

86 2118 244 2174 llominum
255 2118 480 2190 loquens,dicit:
490 2119 591 2173 Minor
599 2134 662 2172 sum
672 2118 787 2172 cunctis
797 2118 919 2171 misere
978 2116 1419 2173 rumlibethdeliumvirtutesct
1428 2117 1567 2170 virtutum
1576 2117 1736 2187 opiniones
1747 2116 1812 2170 insi·

89 2208 221 2263 tionibus
235 2208 294 2262 tuis
312 2207 399 2278 (Gen.
418 2209 525 2277 xxxii).
542 2208 626 2262 Hanc
636 2207 761 2278 angelus
776 2208 919 2276 apostata,
979 2210 1115 2270 nuantur,
1130 2206 1175 2260 sic
1186 2206 1215 2258 in
1226 2206 1283 2260 isto
1295 2205 1473 2260 universalis
1486 2205 1631 2260 Ecclesiae
1643 2205 1772 2276 iustitia,
1786 2208 1813 2259 et

85 2297 156 2352 dum
166 2297 276 2352 habere
287 2296 390 2366 noluit,
401 2297 478 2352 sicut
490 2297 591 2369 fulgur
599 2297 634 2351 de
645 2297 720 2352 eoelo
731 2296 918 2366 irrecupera-
980 2296 1115 2367 ejusdem
1122 2295 1246 2367 ‚justitiae
1254 2294 1335 2349 varia
1344 2294 1544 2364 multiplicitas
1554 2299 1581 2349 et
1593 2295 1750 2366 multiplex
1762 2310 1812 2348 va-

83 2386 185 2442 biliter
201 2386 316 2442 cecidit.
330 2386 392 2441 Hac
403 2385 646 2459 progenieehdae
662 2384 920 2457 quandoinaedih-
980 2388 1070 2442 rictas
1090 2385 1295 2456 designentur.
1315 2383 1386 2449 Qum
1405 2382 1544 2438 videlicet
1559 2387 1662 2438 sancta
1678 2383 1813 2439 Ecclesia

85 2476 180 2532 canda
201 2479 283 2531 turre
304 2475 464 2546 Babylonis
489 2475 593 2544 caruit,
617 2474 825 2530 contusionem
851 2472 921 2527 labii
980 2475 1094 2547 reginae
1109 2474 1277 2528 rectissime
1295 2475 1490 2544 comparatur,
1503 2473 1569 2545 quia
1581 2476 1611 2528 et
1621 2473 1735 2528 caelesti
1751 2472 1815 2545 regi

85 2563 203 2620 meruit.
220 2563 256 2618 Et
276 2564 322 2618 sic
345 2564 375 2618 in
397 2564 514 2618 coeteris
530 2579 649 2633 semper
670 2563 777 2632 evcnit,
802 2564 834 2616 ut
852 2568 921 2616 airtc
982 2562 1145 2634 copulatur,
1158 2567 1186 2617 et
1194 2562 1230 2617 ab
1243 2562 1308 2633 ipso
1320 2561 1662 2618 sublimitercoronatur.
1674 2562 1748 2628 Quae
1760 2564 1816 2618 stat

86 2650 922 2723 ruinamexalteturspiritus,ctanteploriamhumilietur
981 2670 1035 2725 per
1050 2653 1147 2722 fidem,
1168 2655 1197 2706 et
1216 2654 1292 2705 estat
1311 2652 1491 2723 perbonam
1516 2652 1720 2707 intentionem.
1737 2651 1816 2707 Falsi

87 2740 194 2813 (Pror.
210 2740 283 2812 xvi).
299 2740 403 2813 Casia,
424 2756 490 2812 qum
505 2739 639 2794 etfistula
657 2740 773 2810 dicitur,
789 2743 923 2795 ventrem
981 2743 1096 2811 tldeles,
1106 2745 1134 2797 et
1149 2743 1263 2796 sistent
1273 2757 1308 2795 ea
1318 2757 1384 2812 qum
1394 2757 1464 2796 vera
1479 2746 1639 2796 suntrecta
1650 2741 1812 2809 credendo,

88 2832 197 2903 purgat
208 2833 236 2884 et
249 2833 383 2884 naturam
399 2829 434 2884 de
450 2829 515 2883 suis
532 2829 692 2900 superfluis
707 2829 814 2884 allevat
827 2831 856 2884 et
870 2844 924 2900 per
981 2849 1040 2888 nen
1051 2835 1149 2886 tamen
1159 2834 1256 2886 astant
1269 2831 1347 2885 bona
1367 2846 1433 2902 quae
1451 2833 1611 2902 operantur
1627 2835 1709 2886 recta
1723 2832 1817 2885 inten-

88 2917 146 2974 hoc
160 2918 298 2973 virtutem
314 2917 515 2974 consessionis
532 2919 691 2990 significat,
704 2935 770 2990 quae
785 2918 855 2973 dum
866 2917 924 2973 cul·
981 2923 1060 2977 tiene
1076 2919 1221 2975 iaciendo.
1239 2919 1280 2973 De
1306 2934 1429 2974 numero
1449 2921 1588 2975 stantium
1604 2923 1633 2975 et
1656 2921 1816 2974 astantium

88 3023 156 3080 pum
171 3008 278 3062 mentis
293 3023 346 3078 per
364 3009 425 3062 oris
444 3007 552 3062 ostium
568 3008 707 3079 eliminat,
726 3008 822 3079 ipsam
838 3024 921 3063 men·
980 3010 1061 3066 Elias
1072 3009 1192 3076 exstitit,
1205 3008 1255 3079 qai
1266 3008 1321 3063 ait:
1346 3007 1425 3062 Vivit
1441 3008 1592 3080 Dominus,
1606 3009 1637 3063 iu
1649 3009 1735 3081 cirjus
1746 3024 1814 3063 con-

88 3101 148 3153 tem
163 3097 276 3169 peccati
291 3097 422 3168 pondere
446 3101 597 3152 exonerat.
624 3098 681 3152 Per
695 3098 848 3170 myrrham
863 3099 922 3169 igi·
941 3060 966 3122 c
980 3106 1083 3172 spectu
1097 3104 1143 3153 sto
1156 3097 1292 3168 (lliitcp.
1307 3099 1390 3167 xvu).
1401 3098 1476 3152 Dum
1487 3099 1565 3152 euim
1576 3098 1651 3153 dixit
1665 3101 1809 3168 sto,stare

88 3186 447 3259 turintelligimuscarnis
464 3187 727 3252 mortificationem,
744 3203 798 3257 per
811 3190 923 3259 guttam
981 3204 1015 3244 se
1035 3186 1199 3259 perhibuit3
1221 3186 1291 3240 dum
1305 3201 1377 3240 vero
1393 3185 1467 3240 dixit
1487 3186 1518 3240 in
1534 3186 1619 3258 cnjus
1642 3192 1815 3259 conspectu,

89 3276 197 3331 mentis
222 3275 470 3346 humiliationem,
495 3291 547 3346 per
572 3276 683 3330 casiam
710 3277 824 3345 peccati
850 3292 923 3331 con-
982 3275 1816 3346 divinaepraesentieeperiutentionemsenondeessede·

90 3364 266 3421 sessionem.
283 3366 308 3419 A
329 3365 517 3419 vestimentis
532 3365 602 3419 tuis.
620 3365 803 3420 Vestimenta
819 3381 924 3435 corpo·
982 3366 1113 3422 claravit.
1137 3366 1223 3419 astat
1244 3368 1340 3419 sutem
1356 3369 1459 3420 sancta
1474 3364 1610 3420 Ecclesia
1626 3365 1689 3421 Deo
1710 3380 1818 3422 nunea

90 3453 134 3509 ris
149 3453 260 3508 Christi
284 3453 363 3523 quod
387 3456 433 3506 est
454 3453 599 3522 Ecclesia,
615 3453 808 3524 perfectiores
829 3455 924 3508 sancti
983 3456 1096 3510 dextris
1107 3454 1323 3525 perjustitiem,
1335 3452 1815 3510 utintuturoadextrisassistere

91 3545 171 3612 suut,
185 3541 294 3611 quibus
308 3545 410 3594 sancta
422 3540 567 3612 Ecclesia,
580 3542 706 3597 uthomo
719 3543 867 3612 vestibus
879 3543 924 3598 sic
982 3547 1130 3600 mereatur
1140 3544 1177 3598 sd
1188 3544 1323 3614 gloriam.
1335 3543 1385 3599 Sic
1395 3546 1424 3598 et
1436 3544 1556 3615 reprobi
1566 3560 1645 3599 nunc
1656 3561 1674 3598 a
1683 3544 1816 3599 sinistris

92 3630 293 3684 circumdatur
312 3632 340 3684 ct
361 3634 490 3684 ornatur.
507 3630 551 3684 Ex
576 3631 685 3701 quibus
709 3632 845 3687 vestibus
861 3632 925 3687 sive
983 3637 1053 3690 sunt
1077 3649 1130 3704 per
1153 3632 1285 3703 culpam,
1312 3632 1445 3687 sinistris
1467 3634 1497 3686 in
1529 3632 1587 3688 llne
1609 3633 1761 3688 statuendi
1783 3631 1818 3687 ad

92 3719 217 3789 sanctis,
243 3718 291 3772 alii
307 3722 377 3773 sunt
398 3718 507 3774 coloris
531 3719 624 3790 rubri,
649 3720 924 3791 seilicetmartpres
983 3739 1111 3795 poenam.

92 3824 148 3864 suo
164 3809 311 3880 sanguine
327 3808 485 3879 rubricati;
507 3808 556 3863 alii
571 3808 681 3864 coloris
697 3809 879 3880 hyacinthini
899 3815 927 3866 et
1020 3812 1053 3866 In
1068 3812 1335 3868 restitudeeureto.
1345 3810 1403 3867 Per
1418 3812 1558 3866 vestitum
1569 3811 1762 3885 intelligenda
1775 3812 1819 3865 est

89 3897 237 3967 'coelestis
253 3897 392 3952 videlicet
407 3897 599 3953 consessores
610 3899 646 3953 ad
656 3899 787 3953 roelestia
798 3903 928 3954 contem·
982 3901 1107 3974 justitia,
1121 3917 1174 3971 per
1185 3900 1404 3955 deaurationem
1415 3900 1559 3970 sapientia
1576 3898 1727 3970 Quidquid
1743 3899 1819 3954 enim

92 3987 200 4058 pianda
216 3986 382 4042 sublimiter
399 3986 519 4056 elevati3
536 3987 585 4042 alii
602 3988 691 4058 nivei,
703 3992 735 4043 ut
749 3993 818 4044 suut
834 3989 928 4061 virgi·
985 3993 1088 4046 sancta
1100 3990 1236 4044 Ecclesia
1247 3990 1292 4044 vel
1305 3990 1335 4043 in
1347 3989 1522 4044 exercendis
1533 3987 1760 4059 virtutibus,vel
1771 4003 1818 4042 ex-

93 4091 149 4130 ues
159 4091 165 4144 3
177 4075 227 4129 alii
241 4075 330 4147 nigri,
342 4079 374 4129 ut
389 4079 458 4130 sunt
476 4076 603 4131 humiles
621 4093 659 4130 ex
669 4079 809 4133 memoria
825 4094 929 4148 pecca·
986 4080 1124 4135 bibendis
1137 4079 1278 4149 operibus
1288 4079 1376 4134 bonis
1387 4082 1534 4149 operatur,
1550 4081 1642 4132 totum
1664 4077 1818 4149 sapientie

93 4167 191 4218 torum
207 4179 329 4217 suorum
345 4163 404 4217 sibi
419 4180 538 4234 semper
552 4166 774 4237 nigrescentes,
791 4167 839 4221 ulii
855 4167 930 4221 verli
988 4169 1119 4225 eoelcstis
1136 4168 1253 4239 fulgere
1269 4168 1436 4223 decoratur.
1460 4168 1592 4222 Imitatur
1607 4167 1718 4222 etenim
1733 4181 1819 4221 suum

93 4251 233 4324 mistique
251 4251 371 4322 solerie,
388 4258 419 4307 ut
434 4252 475 4306 illi
491 4255 541 4324 qui
557 4258 625 4308 sunt
641 4255 827 4310 diversarum
842 4257 930 4311 virtu·
987 4259 1157 4314 Creatorem
1174 4257 1338 4312 secundum
1349 4272 1441 4327 posse
1452 4273 1550 4327 suurn,
1563 4256 1614 4327 qui
1629 4257 1768 4311 omniain
1779 4271 1821 4310 ss·

92 4331 970 4416 tumetbonorumoperumparticipes.Adomibusebur-1)
986 4349 1096 4418 pientia
1111 4347 1190 4415 lecit,
1203 4350 1231 4400 et
1246 4348 1276 4400 in
1290 4347 1493 4401 universitatis
1512 4345 1712 4416 dispositione
1727 4346 1820 4417 prima

94 4432 928 4506 neisPcrdomoseburncasaccipimuscongregationes
986 4437 1082 4491 lucem
1100 4436 1240 4505 condidit,
1253 4452 1287 4489 ae
1298 4436 1403 4490 deinde
1420 4441 1526 4490 caetera
1542 4435 1703 4505 disposuit,
1716 4439 1745 4489 et
1762 4449 1821 4490 om·

94 4521 428 4576 continentesetcustas.
438 4521 711 4591 Elephantesenim,
724 4538 849 4592 quorum
859 4539 929 4578 ossa
986 4526 1075 4579 nibus
1090 4525 1256 4594 dispositis,
1272 4524 1346 4579 vidit
1357 4530 1461 4578 cuncto
1478 4541 1540 4596 quae
1552 4523 1678 4594 iecerat,
1695 4530 1725 4578 et
1736 4527 1823 4578 erant

94 4610 169 4665 ebur
191 4614 345 4679 vocantur,
371 4610 507 4663 arrimalia
532 4611 700 4665 castissima
726 4613 804 4680 suot,
831 4613 929 4665 aversi
990 4613 1158 4669 valdelrona
1174 4613 1260 4682 (Gen.
1273 4614 1306 4681 ι).
1320 4613 1508 4668 Circumdata
1523 4614 1678 4668 varietate.
1695 4613 1765 4668 Non
1779 4614 1824 4667 est

95 4701 212 4770 coeunt,
232 4716 291 4755 non
310 4699 367 4753 nisi
388 4700 481 4753 semel
492 4700 621 4769 pariunt,
643 4703 728 4754 terrm
740 4716 799 4754 neu
810 4716 929 4754 accum—
988 4705 1123 4759 contenta
1135 4705 1237 4756 sancta
1247 4702 1381 4757 Ecclesia
1392 4718 1449 4757 una
1459 4703 1576 4772 virtute,
1589 4702 1636 4757 vel
1651 4718 1742 4773 opere
1754 4718 1822 4771 uuo,

94 4787 178 4858 bunt,
191 4789 332 4843 trecentis
348 4790 434 4842 annis
452 4790 565 4842 vivunt.
581 4787 652 4853 Quae
673 4793 777 4844 cuncta
790 4788 883 4860 justis
902 4793 931 4844 ct
988 4793 1043 4847 scd
1055 4791 1267 4862 multiplicitate
1282 4791 1423 4846 virtutum
1439 4791 1502 4845 vult
1517 4790 1705 4862 circumdari,
1725 4791 1824 4846 varie-

97 4878 189 4931 castis
201 4877 367 4947 animabuS,
378 4877 403 4932 si
416 4893 449 4932 ee
459 4878 630 4948 perspicere
642 4877 728 4948 velis,
739 4879 927 4934 conveniunt.
987 4884 1045 4936 teto
1060 4881 1206 4936 bonorum
1228 4896 1350 4950 eperum
1372 4880 1436 4934 vult
1451 4881 1564 4952 ornari,
1588 4880 1757 4935 secundum
1779 4880 1825 4934 di-

94 4970 120 5021 a
135 4965 272 5020 domibus
289 4965 379 5038 igitur
389 4966 529 5021 eburneis
542 4968 611 5020 sunt
621 4966 730 5022 t'zhristi
742 4968 927 5037 vestimenta,
987 4971 1209 5041 speusationem
1218 4968 1407 5025 multiformis
1416 4971 1521 5042 gratim
1530 4970 1583 5024 Dei
1594 4969 1710 5039 (lPetr.
1719 4969 1825 5040 ιν).Αά

96 5058 126 5111 et
138 5071 155 5108 a
165 5055 351 5109 vestimentis
367 5059 434 5108 saint
446 5055 574 5125 myrrha,
586 5058 701 5128 ctgutta
714 5061 741 5111 et
752 5057 843 5126 casia,
861 5057 928 5127 quia
985 5058 1061 5113 hanc
1072 5059 1243 5114 varietatem
1254 5058 1457 5128 pertinetillud
1468 5059 1546 5113 beuti
1558 5058 1636 5113 Petri
1648 5074 1654 5113 :
1666 5058 1825 5114 Ministra·

95 5160 135 5200 ex
151 5144 242 5198 castis
266 5145 294 5197 ct
311 5144 530 5198 continentibus
550 5146 833 5216 congregationibus
859 5149 928 5200 sunt
986 5149 1053 5202 tcin
1061 5147 1119 5202 tite
1130 5153 1230 5202 restra
1240 5148 1424 5213 miletensis
1435 5148 1823 5215 uirtuteeatemseientiam,

94 5232 340 5306 quilibettldeles,
352 5236 379 5286 et
390 5249 428 5286 ex
437 5233 512 5303 ipsis
522 5232 660 5289 fidelibus
669 5238 739 5289 sunt
748 5237 859 5289 sanctae
872 5235 928 5288 vir·
985 5237 1255 5292 iuscientiaautem
1266 5236 1489 5308 abstinentiam,
1498 5237 1826 5293 inabstinentianutem

93 5323 171 5377 tutes
183 5327 211 5376 et
222 5322 362 5376 uirtutum
377 5321 543 5392 opiniones.
980 5325 1650 5399 paticntiam,iupatientiaauternpietatem,in
1657 5327 1827 5399 pietateau·

34 5430 41 5441 ·
129 5410 181 5464 Ex
189 5410 295 5483 quibas
307 5409 534 5466 delectaverunt
547 5409 650 5465 tcdlire
661 5427 764 5483 rapum
775 5414 806 5467 in
817 5413 929 5468 honore
985 5421 1176 5471 temamorem
1184 5414 1828 5475 fraternitatisiuemarcentemtrateruita·

96 5503 154 5557 tao.
168 5500 269 5573 Reges
285 5499 398 5571 prelati
409 5501 478 5554 sunt
490 5498 595 5568 sancti,
613 5499 661 5571 qui
678 5501 753 5556 alios
764 5502 872 5558 virtute
882 5502 928 5558 di·
984 5505 1209 5560 tiscbaritatcm
1218 5504 1263 5575 (II
1266 5503 1353 5560 Patr.
1363 5505 1395 5577 ι).
1408 5504 1519 5562 Etillud
1529 5505 1607 5562 beati
1617 5505 1717 5563 Pauli:
1728 5505 1761 5563 tn
1770 5520 1828 5564 ont·

91 5587 378 5682 paretioeieregunt.
388 5585 929 5676 Quorumtltiaesauctorumsubjeoto·
984 5593 1074 5656 nidus
1085 5593 1280 5655 extuberatos
1290 5594 1434 5654 nosaicut
1447 5595 1505 5654 Dei
1519 5595 1723 5656 ministraris
1735 5595 1828 5658 matta
