3796 6022
486 252 704 323 arrENblx
725 255 784 318 ab
806 250 997 319 HUGONIS
1020 249 1165 319 OPERA
1187 251 1451 318 DOGMATICA.

135 455 310 527 filiach'us,
322 472 377 509 nee
388 471 481 525 nepos
493 458 560 509 tuus
572 453 807 527 nept-amojus,et
822 454 968 526 sieusque
1026 458 1092 509 ante
1120 454 1321 524 praecidImus,
1339 457 1367 508 et
1382 454 1418 508 ab
1443 453 1488 508 eis
1516 469 1639 509 sensum
1669 455 1861 510 iustrumenta

136 545 174 599 ad
190 545 346 615 septimum
361 545 494 615 gradum.
509 543 540 596 ln
551 543 821 598 aIIlnitatenonsio.
838 544 881 598 Tu
892 543 971 597 enim
1026 542 1200 611 liberamus,
1217 547 1248 596 ut
1277 544 1334 597 boc
1359 543 1448 615 sIgno
1473 559 1610 598 curarum
1634 543 1793 598 illecebras
1808 544 1863 598 tre·

137 633 274 689 omnibus
291 633 394 686 uxoris
410 637 467 686 tuae
485 632 718 702 consanguineis
734 648 768 687 es
792 632 901 701 allinis,
918 631 971 685 sed
1026 635 1151 701 quanter
1165 631 1324 686 redeuntes
1339 635 1367 685 st
1388 631 1603 703 cognitationes
1629 648 1832 702 supervacuas
1848 646 1864 686 a

137 723 216 777 tilius
230 725 309 790 tuuS,
322 722 386 774 slve
398 737 501 790 nepos,
511 721 668 775 sivoctiam
679 721 778 789 irater,
790 722 861 776 nulli
871 736 972 775 eorum
1028 718 1169 773 cordibus
1186 720 1298 773 nostris
1314 735 1452 773 resecare
1475 721 1636 774 diseamus.
1663 721 1863 775 summitatem

135 816 256 882 propter
273 810 328 863 hoe
345 811 399 863 erit
415 810 524 863 aIlInis.
543 810 624 864 Sicut
640 815 737 864 autem
752 814 812 864 tota
837 809 973 881 cognatio
1027 807 1132 876 mapilla
1149 807 1177 861 iu
1194 808 1313 861 modum
1329 823 1447 862 coronae
1462 808 1603 877 radimus,
1617 813 1783 864 ulmentcm
1799 826 1863 880 qiam

136 900 313 954 uxoristuae
330 899 381 952 tibi
410 903 454 952 est
480 896 589 966 allicis,
617 899 661 952 sle
682 902 740 952 tota
765 899 902 969 cognatIo
925 902 973 950 tua
1028 898 1162 948 nostrum
1178 896 1317 964 superius
1333 901 1389 962 est,
1406 895 1441 949 ad
1453 911 1582 967 superna
1598 897 1820 967 eorstemplanda
1837 901 1864 951 et

136 988 220 1042 uxori
238 988 408 1041 tuaealtinis
436 988 500 1054 erit,
528 987 580 1040 sed
610 1003 668 1041 non
693 987 759 1057 ejus
786 987 971 1058 cognatione,
1027 983 1224 1038 desideranda
1239 983 1481 1038 liberambabere
1493 984 1664 1040 doceamur.
1679 985 1754 1050 Quid
1770 986 1862 1040 sIcaI·

136 1076 214 1148 quia,
236 1079 267 1129 ut
283 1076 391 1128 dictum
408 1079 463 1143 est,
476 1075 604 1129 affinitas
628 1091 786 1145 personam
809 1091 867 1128 non
884 1090 972 1128 exce·
1029 1072 1096 1125 lecti
1112 1075 1223 1126 suntet
1239 1072 1373 1127 moribus
1384 1089 1453 1127 esse
1463 1075 1581 1127 student
1591 1075 1695 1144 quales
1706 1090 1740 1129 se
1755 1074 1863 1129 debere

136 1165 186 1219 dit.
204 1164 371 1218 Secundum
386 1181 482 1235 genus
494 1164 646 1217 aIlInitatis
658 1167 704 1217 est
714 1164 792 1234 quod
802 1180 855 1233 per
869 1178 974 1217 secun·
1026 1175 1096 1213 esse
1112 1160 1243 1214 exterius
1264 1161 1433 1230 ostendunt,
1462 1161 1497 1215 ed
1511 1163 1658 1215 clericalis
1673 1163 1786 1216 mililiae
1802 1163 1866 1217 oib-

135 1253 188 1305 das
205 1252 387 1306 contrahitur
401 1237 529 1321 nuptias,
546 1252 613 1322 ejus
625 1253 739 1306 scilieet
755 1251 804 1322 qui
815 1251 874 1322 jam
886 1251 972 1320 primi
1027 1247 1071 1301 cia
1086 1249 1280 1319 promovendi
1295 1252 1373 1303 sunt.
1399 1248 1470 1313 Quae
1494 1254 1608 1319 septem
1624 1255 1693 1305 sunt
1708 1252 1787 1305 sicut
1802 1251 1863 1304 die-

135 1342 256 1412 generis
273 1341 412 1394 alfinItate
429 1341 584 1394 tenebatur
597 1339 706 1394 affluis,
720 1341 753 1393 Et
766 1341 830 1394 brae
844 1339 973 1393 allinitas
1027 1340 1088 1390 tum
1104 1341 1159 1391 est.
1176 1335 1307 1401 Quorum
1322 1338 1450 1407 primum
1473 1343 1519 1392 est
1542 1339 1740 1393 ostiariorum.
1758 1339 1862 1393 Scien-

134 1430 281 1500 usquead
307 1433 443 1499 quartum
468 1429 653 1498 protenditur
681 1428 816 1500 gradum.
843 1427 972 1481 'Iertium
1027 1424 1097 1478 dum
1112 1429 1210 1479 autem
1225 1426 1303 1496 quod
1320 1425 1383 1479 haee
1400 1428 1496 1480 omnia
1511 1428 1548 1482 tle
1573 1427 1659 1499 legali
1675 1429 1733 1482 ritu
1745 1432 1861 1499 sumpts

135 1517 821 1589 genusattinitatiscontrabiturperearnalem
838 1517 972 1586 copulam
1028 1516 1108 1584 sunt,
1137 1517 1166 1567 et
1194 1513 1231 1567 ad
1263 1514 1427 1568 Ecclesiam
1456 1531 1523 1569 cum
1546 1516 1671 1586 quadam
1702 1515 1861 1570 imitatione

135 1605 202 1676 ejus
217 1607 267 1676 qui
281 1605 341 1676 jam
357 1607 387 1658 in
403 1605 535 1659 secundo
543 1621 654 1676 genere
665 1610 726 1659 erat
742 1605 850 1658 alliuis.
870 1605 904 1658 Et
915 1605 971 1659 boc
1027 1601 1179 1656 translata.

135 1695 280 1766 usquead
306 1695 470 1749 seeundum
487 1693 672 1748 solummodo
688 1694 812 1764 gradum
828 1694 970 1763 procedit.
1220 1689 1289 1744 Gar.
1308 1690 1449 1748 XXXIII.
1465 1691 1509 1745 De
1522 1693 1669 1749 ostiariis.

137 1783 210 1837 Eme
226 1783 280 1836 tria
295 1783 391 1836 tribus
407 1783 592 1836 declaremus
607 1781 752 1851 exemplis
769 1797 775 1836 ε
793 1781 902 1835 l'xoriS
914 1786 970 1836 tuas
987 1808 1014 1871 B
1064 1776 1119 1842 Qui
1134 1778 1212 1832 enim
1227 1778 1258 1832 in
1274 1793 1428 1850 synagoga
1441 1779 1588 1849 janitores
1602 1781 1649 1834 vel
1665 1781 1765 1835 aeditui
1781 1782 1862 1835 dicc-

137 1871 217 1925 Iilius
233 1871 269 1925 de
285 1872 342 1925 alio
357 1871 460 1924 marito
476 1871 529 1924 tibi
544 1874 590 1923 est
605 1871 703 1923 aItInis
729 1870 869 1924 allinitnte
885 1871 972 1939 primi
1029 1866 1145 1935 bantur,
1163 1866 1191 1919 in
1208 1867 1343 1921 Ecclesia
1368 1868 1480 1921 ostiarii
1507 1875 1722 1938 nuncupantur.
1748 1869 1865 1924 illorum

135 1959 275 2031 generis,
291 1976 367 2014 uxor
383 1959 462 2012 illius
477 1958 616 2013 affinitate
631 1959 753 2013 secundi
771 1959 908 2030 generis,
925 1975 973 2013 se·
1027 1954 1157 2009 altimum
1169 1959 1231 2008 erat
1245 1955 1275 2008 iu
1292 1955 1358 2026 lege
1378 1956 1456 2026 quod
1486 1956 1624 2026 templum
1649 1958 1820 2027 aperiebant
1836 1964 1862 2012 et

137 2048 253 2102 cundus
269 2049 393 2101 marilus
410 2048 514 2101 umes
530 2048 581 2101 lilii
595 2051 653 2101 tum
669 2047 772 2101 uxoris
791 2047 844 2112 tibi
859 2052 974 2102 tenetur
1027 2042 1211 2111 claudebant,
1228 2043 1355 2096 mundos
1372 2044 1563 2112 repriebunt,
1581 2047 1609 2098 et
1628 2046 1797 2099 immundos
1813 2062 1863 2100 ex·

40 2178 43 2182 ,
135 2135 275 2190 affinitate
292 2138 368 2189 tertii
381 2137 512 2207 generis
530 2137 592 2189 Hae
613 2140 710 2190 autem
726 2137 750 2190 si
772 2137 839 2206 quis
855 2137 973 2206 plenius
1027 2130 1193 2184 eludebant.
1211 2131 1243 2184 In
1258 2129 1393 2184 Ecclesia
1417 2135 1513 2186 nutem
1538 2133 1652 2186 ostiarii
1676 2133 1732 2189 boe
1754 2134 1863 2188 babent

135 2223 973 2291 nossedesiderat,inlibroDecretorumtiratiani,carisa
1027 2218 1168 2288 officium,
1185 2219 1461 2274 utcatechumenos
1489 2220 1681 2290 baptizandos
1709 2222 1740 2275 in
1767 2221 1861 2276 eccle-

135 2313 180 2379 85,
198 2328 226 2382 q.
243 2313 260 2365 3
275 2313 332 2365 etl
354 2312 494 2381 reqmrnt.
520 2312 698 2365 Proximitas
727 2312 889 2381 spiritualis
905 2329 972 2383 qum
1026 2307 1101 2360 siam
1115 2307 1312 2376 introducant,
1329 2311 1358 2361 et
1371 2309 1548 2377 paenitentes
1563 2324 1616 2378 per
1627 2309 1800 2380 episcopum
1816 2326 1863 2365 re·

135 2401 362 2470 compaternitas
388 2400 505 2466 dicitur,
536 2399 672 2454 similiter
696 2400 915 2456 matrimonium
944 2404 972 2455 et
1027 2396 1200 2451 conciliatos
1217 2397 1246 2449 in
1263 2396 1421 2450 ecelesiam
1437 2397 1588 2466 recipiant.

134 2489 255 2559 impedit
264 2490 291 2542 et
303 2489 421 2543 dirimit.
436 2488 824 2558 Estautemoompatornitas
836 2489 971 2560 quaedam
1202 2484 1271 2538 Car.
1290 2483 1427 2538 XXXIV.
1444 2484 1488 2539 De
1502 2484 1676 2540 lectoribus.

135 2576 256 2643 directa,
274 2577 338 2630 sive
354 2576 536 2646 principalia,
564 2576 699 2647 quaedam
720 2591 878 2647 emergens
907 2576 971 2632 siue
1062 2571 1115 2636 Qui
1133 2572 1286 2642 intemplo
1303 2572 1476 2627 dicebantur
1500 2576 1647 2643 cantores,
1672 2575 1702 2630 ia
1728 2575 1864 2630 Ecclesia

134 2666 315 2720 accessoria.
332 2664 458 2733 Direeta,
475 2665 750 2736 intereosquorum
761 2665 834 2720 alter
849 2666 971 2720 alterius
1026 2659 1154 2714 lectores
1166 2660 1313 2715 diruatur.
1331 2660 1440 2715 Eorum
1457 2660 1589 2716 oltchum
1613 2667 1675 2718 erat
1697 2664 1826 2735 hymnos
1836 2668 1862 2719 et

135 2752 969 2824 filiumautIlliamdesacrofontesuseepit.accessoria,
1026 2748 1334 2804 conticeanteaream
1352 2750 1467 2804 Domini
1492 2766 1644 2807 resonare.
1676 2751 1708 2806 In
1737 2754 1862 2809 ecclesia

135 2859 189 2913 per
205 2842 352 2897 carnalem
360 2843 542 2898 contrabitur
552 2841 761 2912 copulamcum
770 2843 860 2896 altera
871 2843 971 2897 talium
1025 2837 1166 2891 autemid
1182 2838 1272 2893 cilicii
1289 2838 1408 2909 babent,
1421 2843 1452 2894 ut
1467 2839 1586 2894 divinos
1601 2839 1770 2912 Scripturas
1786 2844 1860 2897 reci-

135 2947 342 3001 personarum.
360 2932 448 2985 Verbi
465 2931 559 3002 gratia
576 2947 582 2985 :
603 2931 684 2985 Uxor
698 2935 745 2984 tua
762 2932 895 3001 suscepit
906 2933 971 2986 sinc
1026 2930 1096 2995 tent,
1114 2930 1142 2980 et
1157 2927 1194 2980 ad
1210 2927 1326 2982 laudem
1338 2928 1392 2981 Dei
1405 2927 1572 3000 Gradualia,
1598 2930 1734 3001 Alleluia,
1759 2936 1787 2986 et
1810 2932 1863 2986 bu·

135 3022 164 3074 te
180 3020 216 3074 dc
229 3036 315 3074 sacro
325 3020 501 3074 Iontelilium
517 3019 638 3074 alterius
655 3019 796 3073 mulleris.
814 3019 973 3074 Ececuxor
1022 3013 1160 3085 jusmodi
1175 3020 1301 3070 cantent.

134 3111 184 3163 tua
200 3109 311 3162 directa
327 3112 486 3162 commater
496 3111 541 3162 est
551 3108 630 3162 illius
646 3108 734 3178 cujus
746 3108 837 3162 filium
852 3109 968 3164 levavit.
986 3116 1012 3185 c
1202 3102 1271 3158 Car.
1289 3103 1413 3160 XXXV.
1429 3104 1473 3160 De
1488 3107 1660 3162 exorcistis.

135 3195 180 3251 'Iu
194 3213 266 3251 vero
282 3199 350 3267 quia
367 3214 423 3250 una
438 3213 505 3251 caro
515 3213 548 3250 es
560 3212 627 3250 cum
641 3212 733 3250 uxore
756 3200 815 3266 tua,
827 3198 972 3253 mediante
1063 3192 1227 3247 Exorcistae
1239 3193 1470 3265 dicunturquasi
1482 3195 1679 3266 adjuratores.
1693 3197 1861 3268 Hipercar-

136 3299 170 3338 ea
185 3285 285 3339 lactus
300 3303 333 3339 es
348 3279 484 3355 ejusdem
493 3285 626 3339 mulieris
638 3291 798 3355 compater,
811 3290 838 3339 et
849 3287 914 3341 ideo
926 3288 973 3341 in·

139 3373 250 3426 duecte
266 3375 330 3427 sive
346 3374 509 3442 emergenti
526 3373 589 3427 sive
601 3375 771 3428 accessoria
781 3377 974 3444 compaterni-

134 3463 192 3515 tate
208 3467 358 3532 compatcr
372 3462 439 3532 ejus
455 3477 499 3530 es,
517 3477 571 3516 nec
587 3466 699 3516 mortua
716 3478 808 3517 uxore
828 3467 876 3518 tua
892 3469 973 3533 pote·

135 3549 178 3604 ris
194 3567 259 3605 cam
285 3566 407 3604 uxorem
432 3550 552 3604 babere.
578 3550 660 3604 Sicut
683 3554 779 3605 autem
810 3552 972 3622 spiritualis

134 3640 308 3709 proximitas
325 3638 515 3705 contrabitur,
533 3637 625 3691 lilium
642 3639 804 3710 cujuslibet
818 3641 854 3696 de
879 3641 972 3712 bapti-

135 3732 230 3782 smate
251 3725 501 3795 suspriendo,sic
521 3726 609 3779 etiam
633 3726 840 3794 eflicitur,ante
856 3731 971 3799 episco-

134 3831 205 3886 pum
220 3817 255 3869 ml
271 3815 504 3869 confirmandum
519 3815 655 3884 tenendo,
673 3819 701 3870 et
724 3821 792 3887 post
817 3819 973 3889 consigna-

134 3905 244 3958 tionem
260 3902 430 3956 cbrismatis
448 3902 579 3973 ligando.

326 3992 395 4044 (lar.
414 3991 539 4045 XXXII.
555 3992 600 4045 De
615 3993 781 4048 ordinibus

170 4078 241 4132 Post
256 4083 362 4132 caetera
379 4079 523 4134 Ecclesiae
545 4086 729 4135 sacramenta
754 4083 789 4136 de
813 4083 973 4138 ordinibus

135 4170 227 4221 restat
243 4167 401 4238 agendum.
414 4169 532 4237 Septem
560 4169 652 4240 Igitur
674 4173 743 4224 suat
769 4173 890 4226 ordines
916 4174 972 4226 rni-

134 4256 323 4309 nistrantium
338 4257 368 4309 In
385 4256 530 4325 Ecclesia,
542 4257 681 4310 videlicet
690 4258 814 4328 ostiarii,
831 4260 970 4332 lectores,

135 4345 306 4414 exorcistae,
316 4345 453 4415 acolythi,
467 4344 677 4413 subdiacones,
688 4347 838 4419 diacones,
851 4350 973 4419 presby·

1025 3282 1102 3335 mina
1118 3282 1264 3353 quaedam,
1281 3298 1347 3355 quoe
1363 3283 1502 3338 Salomon
1519 3285 1726 3356 composuisse
1741 3287 1857 3356 dicitnr,

1025 3370 1367 3442 daemonesadjurabant,
1380 3372 1455 3426 etde
1467 3372 1604 3428 obsessis
1615 3376 1792 3445 corporibus
1803 3376 1857 3447 eji-

1026 3459 1150 3513 ciebant.
1181 3458 1345 3514 Exorcistoe
1373 3464 1471 3515 autem
1502 3463 1597 3515 nostri
1630 3465 1857 3520 catechizandos

1024 3548 1192 3601 exorchant
1213 3549 1322 3618 alticio,
1361 3553 1390 3603 et
1415 3550 1566 3605 daemones
1604 3551 1715 3622 ejiciat,
1743 3554 1789 3607 vel
1817 3555 1861 3608 eis

1027 3636 1181 3691 iulantIum
1197 3652 1321 3706 corpora
1337 3637 1526 3694 interdicunt.

1217 3726 1287 3780 Cae.
1307 3725 1444 3780 XXXVI.
1460 3726 1504 3781 De
1519 3728 1666 3801 acolythis

1061 3814 1198 3884 Acolytbi
1213 3815 1299 3885 quasi
1316 3815 1489 3870 ceroferarii
1505 3817 1653 3873 dicuntur.
1675 3819 1786 3874 Eorum
1802 3820 1863 3874 oill-

1025 3903 1103 3956 cium
1119 3907 1165 3956 est
1179 3903 1207 3957 iu
1223 3903 1365 3972 ecelesia,
1390 3904 1469 3958 sicut
1484 3908 1513 3960 et
1527 3906 1557 3959 in
1571 3907 1688 3977 templo,
1707 3907 1861 3964 luminaria

1025 3991 1188 4045 accendere
1212 3995 1241 4045 et
1269 3993 1471 4063 estInguera,
1502 3994 1684 4050 thuribulum
1706 4013 1774 4051 oum
1789 3999 1859 4070 Igne

1026 4096 1203 4150 praeparare,
1220 4080 1250 4133 in
1266 4082 1458 4136 exornatione
1468 4082 1570 4139 altaris
1586 4085 1751 4155 deservire,
1768 4103 1860 4142 urceo

1026 4169 1072 4222 vel
1102 4169 1230 4239 ampulla
1260 4186 1366 4240 aquam
1404 4171 1608 4227 miuistrorum
1636 4175 1774 4229 manibus
1805 4177 1860 4230 mi·

1026 4258 1164 4312 nistrare.

1167 4347 1236 4402 cip.
1254 4348 1406 4403 xxxvu.
1428 4327 1719 4406 nosocomorum

136 4434 201 4488 teri.
219 4435 283 4488 Nos
297 4450 380 4506 ergo,
398 4434 489 4487 irater
498 4434 684 4503 charissime,
696 4437 746 4505 qui
758 4437 916 4492 universos
928 4454 972 4493 or·
985 4423 1012 4484 D
1060 4434 1133 4500 Quia
1148 4436 1225 4506 apud
1235 4437 1547 4508 Hebraeosnatbinnei,
1563 4440 1591 4493 id
1602 4440 1684 4494 estIn
1699 4441 1860 4497 bumilitate

134 4522 436 4592 dinessusccpirnus,
454 4523 583 4576 omnium
608 4538 710 4577 eorum
732 4524 927 4579 ministerium
944 4530 972 4581 et
1026 4525 1193 4578 servientes
1209 4525 1392 4595 dicebantur,
1414 4543 1430 4579 a
1452 4528 1566 4582 Graecis
1595 4529 1859 4601 hypodiacones,a

134 4613 363 4684 significantiam
380 4613 469 4680 scire,
488 4616 514 4666 et
532 4612 576 4666 eis
592 4612 680 4664 vitam
704 4616 732 4665 et
743 4629 841 4667 mores
853 4618 973 4669 nostros
1024 4613 1112 4667 nobis
1128 4614 1337 4681 subdiacones,
1348 4615 1433 4669 idest
1444 4617 1570 4670 miuistri
1586 4617 1732 4673 dicuntur.
1751 4619 1859 4674 Eorum

134 4707 270 4771 cooptare
288 4702 442 4771 debemus,
459 4704 490 4755 ut
505 4700 563 4753 vita
579 4700 739 4754 concordet
759 4717 825 4755 cum
842 4703 971 4771 nomine,
1024 4707 1088 4755 erat
1102 4701 1231 4756 oblatas
1252 4704 1361 4773 populo
1377 4705 1524 4758 sacrillcia
1549 4707 1693 4776 recipere,
1709 4711 1739 4760 et
1753 4723 1859 4778 aquam

134 4790 162 4841 et
176 4790 326 4857 professio
342 4795 479 4860 appareat
489 4789 628 4859 inopere.
640 4789 770 4843 Primum
782 4791 860 4844 enim
870 4791 972 4845 cleriei
1024 4792 1438 4862 velquaelibetnecessariaad
1449 4795 1613 4848 ministeria
1625 4795 1856 4865 templidclerre.

133 4874 260 4929 dicimur
275 4893 290 4928 a
306 4878 410 4931 Graeco
426 4878 534 4947 cleros,
552 4879 630 4948 quod
646 4878 804 4933 lraerodilas
820 4879 885 4933 sire
901 4895 971 4934 sors
1024 4880 1057 4933 ln
1073 4880 1556 4936 eeclesiaboobabentollieiumut
1572 4883 1734 4953 Epistolam
1746 4883 1855 4956 legant,

133 4960 349 5032 interpretatur,
368 4967 485 5034 quiade
507 4971 587 5021 sorte
604 4968 803 5022 osseDomini
821 4972 849 5022 et
875 4968 972 5024 solum
1024 4969 1147 5023 calicem
1162 4974 1191 5024 et
1205 4972 1340 5039 patenam
1357 4985 1424 5024 eum
1440 4972 1586 5041 corporali
1616 4974 1741 5027 dlacono
1770 4974 1859 5028 adal-

133 5045 225 5103 Deum
242 5051 271 5103 iu
287 5051 486 5107 lireredItatem
502 5056 637 5123 accipere
649 5056 806 5126 elegimus.
818 5056 903 5112 Unde
916 5073 972 5113 nos
1023 5060 1085 5113 tare
1100 5056 1235 5113 oIIsrant.

132 5136 206 5191 tales
222 5138 249 5192 ei
264 5138 384 5193 exibere
401 5139 555 5210 debemus,
572 5146 602 5196 ut
617 5144 750 5199 danobis
765 5145 865 5200 dicere
877 5147 973 5216 possi
1193 5146 1263 5200 (lar.
1282 5146 1445 5202 XXXVIII.
1463 5148 1507 5203 De
1522 5149 1705 5207 diaconibus.

132 5225 323 5281 mus2Funes
334 5226 507 5281 ceolderunt
519 5230 594 5282 mibi
603 5232 634 5283 in
640 5233 799 5301 praeclaris
808 5234 897 5306 (psal.
907 5236 970 5306 xv).
1059 5238 1085 5289 Α
1101 5235 1174 5290 Levi
1189 5235 1249 5290 titio
1272 5235 1375 5302 Iacob,
1396 5237 1517 5307 Levttae,
1539 5238 1568 5292 id
1584 5242 1630 5293 est
1644 5241 1789 5309 assumpti
1805 5240 1857 5295 de·

132 5313 293 5397 Videamus
309 5315 399 5386 igitur
414 5330 450 5369 ne
467 5317 631 5371 sanctitatIs
648 5320 735 5391 signa
745 5321 971 5394 inobtergeste-
1024 5324 1225 5380 nomInantur:
1241 5341 1295 5394 per
1310 5341 1385 5396 quos
1397 5328 1655 5382 cunctasacrilloia
1670 5329 1858 5384 administra·

131 5420 210 5476 mus,
226 5405 342 5461 seilicet
358 5408 522 5474 tonsuram,
539 5421 689 5478 coronam,
702 5405 872 5466 ornamenta
883 5414 971 5468 etiam
1022 5413 1131 5468 bantur
1146 5414 1202 5469 sub
1222 5414 1440 5469 sacerdotibus.
1467 5415 1531 5470 Hos
1553 5415 1689 5471 Ecclesia
1704 5417 1857 5486 diacones,

130 5494 243 5549 nostris
259 5493 368 5549 olbciis
377 5493 528 5565 deputata,
539 5495 592 5549 sed
603 5497 647 5551 sis
656 5513 723 5568 qus
735 5501 867 5556 exterius
876 5516 968 5574 appa-
1026 5504 1056 5558 id
1072 5509 1127 5574 est,
1144 5504 1298 5559 ministros
1314 5507 1472 5576 nuncupat.
1491 5505 1605 5561 Horum
1620 5505 1752 5562 ottleium
1766 5511 1813 5564 est
1827 5508 1857 5565 in

130 5581 964 5666 rent,interioradIguerespondeant.Capillosetquidem
1024 5593 1153 5652 eeclesia
1169 5592 1357 5667 Evaagilium
1381 5593 1493 5668 legere,
1522 5595 1703 5655 sacrificium
1725 5597 1756 5654 io
1769 5597 1854 5655 albei
