3796 6022
501 310 1082 394 aaauiuauennrnands
1607 310 1667 396 tro

76 529 224 600 trajicitur
239 532 266 583 et
280 529 375 594 bruta,
392 529 418 582 si
435 528 558 583 desistat
569 545 638 584 esse
649 528 727 601 quod
739 512 817 583 ch
834 528 953 595 sistunt,
971 543 1045 598 aqua
1058 528 1181 598 scilicet,
1200 528 1275 597 oleo,
1288 545 1361 598 panc
1378 532 1405 583 ct
1416 530 1592 602 vino.llqua,
1611 533 1667 588 lice

67 615 174 685 luerat,
185 620 215 671 ut
224 618 273 672 liat
283 619 312 672 in
324 618 441 672 Christo
453 618 528 672 benc
541 619 620 689 quod
630 635 689 673 non
703 623 775 673 erat.
834 617 1204 685 omnibussitnecessaria,
1213 618 1668 676 suatamenvenalitateetabun·

64 706 118 759 iim
130 706 215 760 cibus
231 710 259 760 et
274 709 360 776 potus
370 710 437 761 sunt
447 707 505 760 vita
517 711 617 762 nostra
630 712 777 777 tempora·
833 705 931 759 dantia
939 720 999 760 non
1009 708 1056 759 est
1071 705 1209 775 pretiosa.
1224 705 1326 760 Oleum
1336 722 1418 776 vera,
1433 708 1517 776 panis
1529 711 1667 765 etvinum

64 794 150 848 andiu
174 795 234 849 Deo
258 795 410 865 placuerit,
435 796 479 849 sic
502 800 530 850 et
545 797 635 850 multo
651 797 778 867 amplius
832 794 870 848 ita
886 795 1031 864 paucitate
1047 809 1101 847 sua
1117 794 1235 866 fugiunt
1248 796 1334 864 pretii
1348 796 1548 867 quantitatem,
1561 801 1667 854 utnul-

64 883 110 938 nis
125 883 258 938 coelestis
273 884 328 938 erit
337 884 395 938 vita
404 888 513 939 oeterna
524 885 634 955 quibus
650 886 714 956 ipse
724 900 780 939 vo·
832 882 889 937 lam
904 882 963 938 nisi
977 881 1009 936 in
1024 882 1169 952 spirituali
1180 885 1275 955 gratia
1284 883 1343 938 sibi
1353 884 1504 941 vindicare
1513 886 1669 944 videantur

64 971 155 1043 itagis
179 973 257 1026 enim
284 973 451 1028 credendus
467 977 513 1028 cst
529 974 619 1027 vitam
639 977 779 1029 aeternam
832 972 1002 1026 utilitatem·
1018 972 1103 1043 Aqua
1126 972 1299 1043 exstinguit,
1325 973 1454 1042 mundat,
1481 977 1510 1028 et
1532 977 1669 1031 candidat

64 1074 80 1116 e
96 1061 148 1131 qui
163 1061 252 1114 vitam
268 1061 357 1116 habet
372 1067 400 1118 et
414 1062 474 1116 vita
488 1065 544 1133 est,
561 1078 648 1134 quam
660 1064 709 1134 qui
721 1079 781 1118 non
832 1060 1022 1132 praecaeteris
1037 1060 1336 1131 liquoribus.ldcirco
1346 1062 1558 1131 inbaptismate
1568 1066 1667 1119 carnis

831 1149 980 1204 incentiva
1003 1150 1177 1222 exstinguit,
1193 1153 1383 1220 peccatorum
1406 1154 1464 1204 tam
1480 1153 1671 1224 originalium

64 1240 110 1293 est
123 1238 231 1294 mirum
246 1239 274 1294 si
288 1239 410 1294 Creator
420 1244 564 1295 creaturae
578 1241 668 1295 vitam
684 1240 780 1312 possit
832 1253 920 1310 quam
930 1239 1088 1293 actualium
1099 1238 1195 1292 labem
1204 1238 1305 1293 abluit.
1319 1239 1498 1295 innocentiae
1511 1243 1671 1297 candorem

64 1340 80 1382 e
95 1328 317 1399 sempiternam,
334 1345 401 1384 cum
417 1333 551 1384 creatura
567 1334 710 1385 creaturae
725 1346 780 1399 po·
832 1328 957 1397 reducit,
969 1331 997 1382 et
1013 1327 1083 1382 dum
1092 1328 1137 1381 sic
1149 1327 1280 1382 coelestis
1297 1328 1394 1384 Patris
1407 1329 1565 1400 imaginem
1576 1330 1670 1385 rclor·

64 1416 175 1472 etiuere
192 1421 221 1472 et
235 1433 415 1473 conservare
424 1418 602 1474 aeternaliter
611 1434 684 1473 eam.
700 1418 783 1473 Sicut
833 1419 901 1486 mat,
920 1415 997 1471 illios
1013 1416 1180 1486 adoptionis
1205 1420 1372 1488 regenerat.
1391 1417 1476 1471 Unde
1497 1433 1570 1473 vero
1592 1423 1669 1474 tanta

64 1521 149 1579 gnum
163 1508 232 1561 vitae
244 1507 617 1577 inparadisopositunrest,
630 1523 688 1578 quo
700 1511 783 1562 aeter·
834 1506 931 1559 virtus
946 1508 977 1560 ut
992 1521 1101 1575 corpus
1118 1508 1218 1576 tangat
1235 1509 1263 1560 et
1277 1521 1329 1560 eor
1344 1505 1452 1577 abluat,
1472 1507 1530 1561 nisi
1546 1507 1671 1562 faciente

64 1594 154 1649 homo
170 1595 339 1666 incorpore
356 1596 478 1665 viveret,
495 1596 554 1650 nisi
570 1600 717 1667 peccaret,
735 1597 780 1651 sic
835 1594 949 1648 verbo?
965 1593 1031 1649 Non
1042 1593 1110 1665 quia
1121 1594 1238 1664 dicitur,
1249 1595 1303 1649 sed
1313 1595 1382 1666 quia
1393 1596 1523 1651 creditur
1533 1598 1672 1668 quoniam

64 1698 84 1737 s
97 1683 130 1738 in
140 1683 276 1739 Ecclesia
285 1684 398 1756 lignum
409 1686 476 1740 vitm
486 1686 620 1756 seipsum
630 1686 739 1756 posuit,
749 1689 781 1740 ut
837 1683 894 1737 tide
911 1682 1007 1737 omnia
1023 1686 1208 1737 sacramenta
1217 1683 1410 1754 complentur.
1419 1685 1589 1756 Baptismus
1604 1687 1672 1743 telis

64 1772 495 1828 >dentibusvituessctaeterna.
505 1774 779 1844 Idcircotantopere
838 1776 884 1826 cst
899 1771 996 1842 qualis
1012 1774 1057 1826 est
1071 1771 1121 1826 ille
1134 1772 1165 1828 in
1180 1772 1268 1844 cujus
1282 1773 1374 1829 verbo
1390 1774 1485 1846 datur,
1501 1791 1560 1831 non
1575 1777 1672 1849 qualis

68 1861 405 1934 sacramentoexigitur,
420 1862 488 1932 quia
500 1862 639 1918 salsaflde
651 1863 779 1918 mundus
797 1841 823 1903 Β
839 1864 885 1914 ost
907 1860 956 1915 ille
978 1875 1032 1933 per
1043 1860 1131 1932 cujus
1151 1860 1348 1917 ministerium
1367 1863 1561 1920 ministratur.
1579 1865 1672 1921 Porro

64 1950 176 2021 {nando
192 1950 285 2004 Adam
300 1950 367 2020 plus
378 1948 494 2005 diabolo
503 1949 578 2004 laisa
592 1950 778 2022 suggerenti,
840 1949 937 2004 oleum
951 1949 1104 2019 illuminat,
1122 1949 1205 2022 ungit
1220 1954 1249 2005 et
1261 1951 1367 2021 pascit.
1385 1950 1532 2007 illuminat
1546 1953 1673 2010 enimam

64 2038 117 2094 leo
132 2054 204 2093 vera
225 2039 424 2109 promittendi,
441 2039 563 2094 credere
577 2039 780 2110 praesumpsit.
838 2039 906 2108 tide,
923 2038 1007 2110 ungit
1023 2039 1189 2109 devotione,
1205 2039 1301 2109 pascit
1316 2039 1483 2096 dilectione.
1496 2041 1585 2096 Panis
1600 2058 1673 2097 vero

64 2142 108 2183 ero
129 2127 159 2181 in
175 2132 360 2183 sacramento
380 2128 448 2198 plus
465 2128 526 2183 Deo
543 2144 631 2199 quam
646 2129 735 2197 hosti,
752 2131 783 2182 ut
837 2130 865 2181 et
879 2128 980 2181 vinum
996 2126 1107 2181 homini
1123 2127 1341 2198 incorporatum
1356 2129 1416 2183 vita
1430 2132 1477 2184 cst
1490 2131 1671 2201 temporalis.

64 2219 142 2285 rest,
152 2218 292 2288 creditur,
307 2217 491 2271 sana'turhac
503 2218 559 2272 lide
570 2233 640 2271 vera
655 2218 702 2271 illa
714 2234 784 2287 per·
837 2216 1021 2286 Quapropter
1045 2217 1075 2270 in
1090 2217 1147 2270 hoc
1170 2221 1356 2273 sacramento
1372 2217 1509 2273 Christus
1535 2222 1673 2290 tanquam

64 2320 106 2361 cs.
124 2304 268 2371 Quoniam
282 2310 380 2360 autern
395 2307 462 2360 cibo
477 2309 583 2377 etpotu
593 2307 632 2360 ita
643 2307 783 2376 vivimus,
839 2309 925 2375 caput
936 2304 1077 2359 membris
1093 2306 1170 2359 uniri
1187 2305 1289 2375 voluit,
1306 2321 1458 2376 perquem
1470 2307 1621 2363 DeoPatri
1632 2324 1675 2363 re·

64 2396 129 2449 ntro
138 2410 240 2450 carere
251 2411 444 2465 nequeamus,
460 2400 614 2465 propterea
630 2399 785 2466 utrumque
840 2410 1026 2466 generamur.
1040 2394 1097 2449 Per
1107 2394 1242 2464 corporis
1253 2397 1281 2448 et
1292 2395 1450 2468 sanguinis
1461 2396 1572 2451 Christi
1582 2398 1674 2467 parti·

64 2498 85 2538 s
93 2483 126 2537 in
135 2499 191 2538 suo
201 2488 388 2539 sacramento
399 2484 578 2553 essevoluit,
586 2501 622 2539 ne
629 2485 786 2540 sialterum
840 2483 1016 2554 cipationem
1029 2483 1104 2539 Filio
1119 2484 1172 2537 Dei
1188 2483 1224 2537 ad
1240 2482 1330 2537 vitam
1340 2499 1601 2555 concorporemur.
1619 2485 1676 2540 l’er

64 2588 78 2643 ;,
96 2572 304 2643 imperfectum
321 2575 413 2627 esset.
429 2572 491 2627 Nec
507 2589 616 2644 corpus
631 2589 704 2645 ergo
720 2574 785 2629 sine
840 2574 897 2629 otei
912 2573 1080 2627 unctionem
1090 2572 1217 2644 Spiritus
1229 2574 1323 2628 sancti
1337 2575 1444 2628 virtute
1456 2575 1674 2630 confirmamur.

64 2676 107 2731 ae,
125 2677 181 2717 nec
192 2662 393 2734 sanguissine
409 2678 532 2733 corpore
541 2663 608 2734 jure
621 2664 785 2718 communi·
840 2662 998 2735 Nunquam
1014 2662 1110 2718 tidelis
1122 2664 1201 2718 Deus
1217 2663 1330 2736 arcgni
1346 2664 1392 2717 sni
1409 2664 1560 2719 consortio
1571 2680 1677 2720 eosre·

64 2748 152 2805 Panis
174 2754 202 2804 et
228 2752 330 2806 vinum
349 2752 467 2822 proprie
482 2752 621 2822 proprius
639 2752 725 2807 cibus
740 2758 786 2808 est
840 2752 1047 2824 pellatquibus
1063 2752 1677 2827 tamsarniliariteruniridignaturinhujus

64 2838 785 2912 aliarumsedhominum.ideoqueCluistusutri-
841 2840 1375 2914 mundiexsilio.lmomagnihonoris
1385 2843 1622 2898 vicissitudinem
1632 2845 1678 2899 eis

64 2943 137 2984 usus
151 2933 198 2983 est
212 2930 386 2999 ministerio,
405 2934 435 2984 ut
450 2930 613 3001 singularis
625 2934 653 2985 ct
667 2933 786 3003 propria
840 2931 982 3002 rependet
995 2932 1026 2986 in
1037 2930 1193 2986 manifeste
1204 2948 1268 2985 sum
1277 2932 1442 3003 maJcstatis
1454 2933 1580 3003 visione,
1590 2950 1606 2987 a
1617 2934 1679 3004 qui·

64 3034 102 3073 un
116 3019 429 3088 credereturreiectio,
442 3020 488 3074 cui
500 3020 587 3073 etiam
597 3021 785 3090 postmodum
841 3019 899 3074 bus
911 3024 968 3075 tam
984 3020 1073 3094 digne
1084 3024 1245 3090 susceptus
1257 3024 1285 3075 et
1296 3021 1448 3076 ordinatus
1459 3022 1543 3076 estin
1552 3023 1677 3077 occultis

64 3107 172 3163 ›stolos
182 3124 288 3179 aquam
304 3109 462 3164 admisceri
478 3108 579 3180 voluit,
597 3111 674 3164 utad
689 3111 785 3183 digni·
843 3113 870 3164 et
880 3110 1048 3183 peregrinis
1059 3109 1509 3181 sacramentorumllguris.Non
1518 3112 1626 3180 poterit
1636 3111 1677 3165 ibi

64 3197 122 3251 anti
130 3198 263 3267 mysterii
274 3214 333 3253 non
344 3197 441 3252 solum
449 3197 609 3270 justorum,
619 3200 672 3254 sed
684 3202 785 3270 etpec-
804 3166 830 3228 C
844 3197 908 3252 lieri
923 3199 1075 3253 diversum
1090 3199 1168 3270 quod
1180 3199 1227 3254 hic
1239 3197 1405 3254 factumest
1419 3215 1519 3254 unum.
1530 3197 1678 3271 Quidquid

64 3302 84 3341 n
98 3287 283 3341 consortium
292 3288 440 3358 pertinere
451 3288 643 3360 significaret,
654 3290 679 3342 si
689 3289 785 3359 poeni-
845 3286 1038 3341 deformitatis
1053 3288 1100 3341 vel
1125 3288 1294 3343 mutationis
1317 3288 1347 3341 in
1361 3286 1471 3343 Christi
1492 3292 1678 3344 sacramento

64 3374 147 3431 llent.
164 3376 308 3440 Quoniam
319 3392 371 3447 per
381 3393 487 3450 aquam
503 3393 607 3432 sumus
619 3380 784 3450 regenerati
843 3377 1036 3447 specietenus
1044 3376 1209 3448 contigerit,
1219 3377 1371 3431 nondebet
1382 3377 1492 3433 anobis
1502 3381 1679 3450 extorquere

64 3465 643 3538 anguincmredempti,sanguisetaqua
654 3466 786 3522 delatore
843 3466 929 3520 tidem
945 3467 1078 3521 veritatis
1100 3466 1182 3538 ejus,
1201 3467 1338 3537 quoniam
1355 3468 1449 3538 quiin
1465 3482 1590 3538 corpore
1605 3483 1678 3539 suo,

71 3554 176 3609 exivit.
193 3553 267 3609 Cum
277 3571 351 3628 ergo
367 3572 421 3626 pro
433 3556 551 3611 Christo
563 3557 665 3610 vinum
676 3560 788 3627 etaqua
843 3571 910 3609 curn
926 3555 1006 3609 [leus
1022 3559 1103 3610 esset
1113 3570 1214 3619 verus,
1227 3556 1317 3610 multa
1332 3556 1453 3628 indigna
1464 3558 1593 3628 pertulit,
1607 3557 1679 3612 nihil

64 3646 139 3699 retur
154 3660 208 3713 pro
218 3645 337 3715 populo,
355 3648 384 3699 ct
399 3648 554 3716 utrumque
570 3661 647 3700 unus
663 3647 788 3718 sanguis
843 3644 998 3716 indignum
1013 3645 1042 3698 in
1059 3660 1181 3715 corpore
1191 3660 1246 3699 suo
1258 3645 1392 3716 usquein
1402 3646 1602 3701 finemsaeculi
1614 3662 1681 3718 per·-

64 3732 130 3803 pitis
141 3737 170 3788 et
180 3734 380 3789 membrorum
392 3735 697 3807 unitatemsignitlcat.
706 3736 789 3790 Sicut
844 3734 944 3803 ferret,
969 3734 1105 3804 quamvis
1131 3749 1201 3788 vere
1217 3734 1257 3787 ibi
1282 3735 1330 3788 sit.
1350 3732 1424 3788 Cum
1446 3736 1525 3789 enim
1541 3736 1638 3789 omnia
1653 3737 1680 3789 ei

64 3838 135 3877 num
148 3822 256 3877 videtis
267 3839 336 3879 esse
352 3825 430 3895 quod
445 3824 555 3879 lectum
570 3827 625 3894 est,
642 3825 686 3879 sic
700 3841 790 3879 unum
844 3826 953 3894 praeter
966 3828 1119 3893 peceatum
1134 3823 1241 3877 munda
1257 3824 1326 3893 sint,
1342 3839 1401 3878 non
1417 3824 1534 3878 videtur
1547 3839 1617 3879 esse
1629 3825 1681 3878 im-

64 3926 117 3967 ros
132 3911 283 3983 diligendo
295 3912 371 3967 inter
386 3930 451 3968 vos.
464 3914 539 3968 Nam
550 3914 600 3984 qui
611 3915 717 3985 accipit
727 3931 791 3985 my·
846 3912 985 3966 mundius
1000 3912 1030 3965 in
1045 3915 1147 3967 ventre
1158 3913 1252 3967 muris
1266 3913 1314 3967 vel
1325 3914 1418 3984 canis,
1431 3930 1520 3985 quam
1534 3914 1565 3969 in
1579 3918 1681 3969 ventre

64 4016 79 4055 a
92 4001 226 4071 unitatis,
243 4005 272 4056 et
287 4018 345 4056 non
362 4006 440 4057 tenet
456 4003 607 4058 vinculum
622 4003 716 4073 pacis,
733 4020 792 4058 non
846 4001 1057 4071 impoenitentis
1068 4001 1283 4071 peccatorisSi
1295 4002 1557 4074 ignibuseonrhuri
1568 4003 1682 4059 dicotur

64 4090 131 4145 ium
144 4091 252 4160 accipit
265 4107 319 4162 pro
336 4108 380 4161 se,
404 4092 457 4146 scd
474 4093 675 4148 testimonium
690 4096 792 4148 contre
846 4090 904 4145 hoo
926 4091 1111 4161 impossibile
1128 4095 1174 4146 est
1188 4107 1254 4146 cum
1271 4091 1310 4146 sit
1324 4094 1455 4147 omnium
1470 4093 1682 4148 clementorum

64 4178 69 4233 i
83 4182 185 4233 autem
196 4196 285 4234 unum
298 4181 446 4237 hominem
457 4182 524 4238 odio
536 4182 634 4254 habet,
650 4184 792 4255 quidquid
847 4181 938 4236 Deus.
946 4180 977 4235 Si
984 4181 1296 4236 soricumcorrosione
1304 4182 1350 4237 vel
1358 4183 1514 4238 vetustatis
1523 4184 1683 4239 mutatione

75 4267 168 4323 bonis
184 4270 325 4340 operibus
342 4270 489 4342 obtulerit,
507 4275 599 4328 totum
612 4274 724 4343 perdet.
849 4271 997 4342 corrumpi
1010 4270 1155 4341 videatur,
1167 4271 1240 4325 nihil
1251 4272 1354 4327 attinet
1363 4273 1399 4325 ad
1417 4274 1594 4328 sacramenti
1610 4273 1684 4328 sub-

77 4357 179 4414 omnia
194 4363 378 4415 sacramenta
393 4361 587 4432 complentur.
603 4362 657 4427 Qui
669 4378 741 4435 ergo
757 4363 792 4417 ad
849 4359 996 4430 stantiam,
1006 4360 1510 4433 Christumridelioetquicorrumpi
1520 4365 1686 4432 nonpotest

64 4451 123 4503 eet
139 4447 295 4504 devotione
314 4450 438 4521 accedit,
462 4452 598 4522 (quamvis
617 4453 731 4508 incuria
745 4456 793 4510 vel
851 4449 1685 4521 quoniamincorruptibilisest.Taliaveroetsimilianon

64 4538 124 4593 ntia
133 4537 231 4608 aliqua
242 4540 354 4594 erroris
365 4541 456 4596 veiha
468 4543 589 4612 inserat,
602 4544 734 4600 nonideo
744 4545 794 4598 mi·
809 4502 836 4565 D
851 4542 973 4598 veniunt
987 4542 1045 4596 nisi
1059 4556 1112 4612 pro
1131 4541 1298 4613 aliquorum
1314 4541 1494 4613 negligentia
1509 4539 1686 4612 corrigenda

64 4627 273 4683 :riticiumsreri
287 4630 425 4701 creditur,
437 4632 793 4703 quoniamprecisvitium
851 4634 898 4690 vel
913 4632 1072 4705 punienda,
1088 4647 1143 4687 seu
1154 4647 1207 4704 pro
1217 4630 1275 4687 fide
1285 4631 1436 4701 probanda
1445 4635 1473 4685 ct
1484 4630 1688 4686 exercendaut

65 4716 795 4795 tprecantisailcctus.Nonestattendcndumquid
852 4724 955 4780 fideles
972 4725 1166 4779 exerceantur
1175 4725 1204 4778 et
1219 4722 1339 4793 reprobi
1354 4722 1537 4778 indurantur.
1554 4723 1688 4779 Necesse

65 4809 170 4880 homo,
187 4810 241 4865 sed
256 4825 315 4881 quo
331 4811 428 4865 animo
444 4814 472 4866 et
487 4811 636 4867 voluntate
652 4813 749 4870 saciat.
766 4816 799 4870 ln
855 4823 900 4873 est
916 4832 989 4890 ergo
1000 4820 1031 4872 ut
1045 4831 1079 4871 ea
1094 4816 1251 4873 devotione
1265 4832 1323 4890 qua
1339 4817 1482 4890 accipitur
1493 4822 1687 4879 custodiatur.

64 4901 803 4973 rspeciebussacrainentaEcclesiacmaximccon·

702 5104 961 5134 Ἧι...-

109 5734 233 5806 Parnoi.
251 5738 415 5842 clxxvu
