3796 6022
51 283 104 346 153
425 281 482 344 DE
503 280 665 344 BESTIIS
687 278 740 341 ET
760 277 872 340 ALIIS
894 276 1035 342 REBUS
1057 276 1186 339 LIBER
1206 275 1418 350 QUARTUS.
1721 277 1782 341 154

82 481 164 537 llors
180 483 294 537 nullius
308 483 480 551 miseretur3
496 481 568 535 nulli
584 480 768 550 compatitur,
795 477 887 533 omni·
903 459 933 522 Α
982 477 1132 531 Novacula
1148 478 1278 532 suaviter
1292 479 1376 547 radit,
1393 482 1478 534 acuta
1498 482 1554 548 est,
1572 478 1722 549 superflua
1736 478 1780 535 in·

54 570 102 624 hus
123 575 270 642 aequatur,
287 573 454 641 inesperata
470 571 560 640 veuit,
574 569 646 623 nulli
656 568 759 639 pareit,
778 582 887 636 eorpus
948 567 1027 634 cidit,
1039 567 1161 621 tirmiter
1175 567 1203 620 iu
1221 583 1309 637 capsa
1323 569 1503 622 reconditur.

54 663 77 712 et
93 661 225 714 animam
253 664 387 732 separat,
408 660 477 714 finis
502 662 549 713 est
572 658 716 727 laborum,
738 659 766 712 et
787 654 889 709 ultima
983 656 1096 710 Novem
1111 656 1284 726 angelorum
1300 657 1430 726 ordinae,
1442 673 1547 711 novem
1562 656 1674 727 leprosi
1688 655 1782 712 curati

54 748 126 800 tinea
152 764 265 803 rerum.
662 746 666 751 “
948 748 975 798 θῖ
991 759 1049 798 non
1067 745 1192 798 reversi.

83 835 216 891 blundus
241 839 442 907 transitorius,
465 851 573 905 vanus,
604 834 765 904 sollicitus,
782 832 889 900 falsus,
983 833 1049 887 Nox
1072 833 1210 901 obseura,
1235 834 1346 903 quieta,
1365 834 1487 906 frigida,
1504 835 1534 888 in
1557 837 1643 889 noete
1668 835 1783 906 lignum

55 925 254 994 deceptorius.
947 922 1781 994 putridum,etvermiculusquidamfulget,solitariaest,

83 1013 253 1085 Murilegus
262 1015 388 1068 callidus
400 1015 599 1083 est,muribus
611 1013 778 1080 insidiatur,
786 1011 891 1081 laqueo
947 1011 1031 1081 pigra
1048 1010 1083 1063 ad
1099 1011 1289 1080 operandum,
1300 1011 1476 1081 importuna,
1489 1012 1630 1081 periculis
1646 1015 1674 1066 ct
1689 1012 1783 1082 phan-

55 1103 175 1173 rapitur,
193 1103 230 1157 de
243 1108 329 1158 nocte
339 1103 428 1171 videt,
439 1104 544 1158 oculos
559 1102 649 1157 hobet
660 1102 892 1167 rutilantes,non
948 1099 1122 1154 tasmatihus
1138 1100 1233 1170 plena,
1245 1099 1374 1154 colorem
1386 1099 1476 1154 rebus
1492 1101 1596 1170 aufert,
1610 1100 1706 1156 stollis
1717 1101 1782 1155 illu·

55 1191 104 1243 cito
119 1191 343 1263 submergitur,
356 1192 508 1263 unguibus
525 1191 600 1263 vigit
610 1206 617 1260 ς
629 1190 664 1245 de
679 1190 737 1244 alto
753 1187 821 1242 salit
837 1201 892 1240 nec
948 1188 1085 1242 minatur.

57 1278 182 1333 laeditur.
984 1278 1086 1332 Nubes
1096 1278 1178 1331 leves
1190 1281 1268 1346 sunt,
1276 1278 1406 1348 pluviam
1415 1277 1556 1347 nutriunt,
1567 1278 1704 1335 obscurae
1714 1281 1783 1335 sunt

85 1367 193 1422 llurus
200 1367 233 1422 ht
243 1368 278 1422 de
288 1369 437 1438 lapidibus
449 1369 551 1437 sectis,
561 1367 667 1441 oppida
678 1366 780 1434 munit,
788 1365 891 1419 hostes
949 1370 975 1421 et
990 1366 1121 1420 veloces,

57 1459 143 1524 arcet,
162 1456 283 1511 clausos
299 1459 427 1512 eohibet.
985 1455 1092 1509 Nutrix
1106 1454 1248 1509 infantem
1263 1455 1359 1524 lactat,
1377 1455 1515 1523 custodit,
1530 1455 1655 1509 dulciter
1669 1458 1783 1524 tractat,

84 1543 153 1598 blus
166 1545 197 1598 iu
208 1546 309 1601 caveis
320 1551 459 1616 moratur,
474 1545 653 1617 murilegum
669 1545 761 1612 timet,
776 1542 892 1597 modiea
950 1545 1108 1615 diligenter
1123 1548 1227 1613 portat,
1249 1545 1409 1612 osculatur,
1427 1545 1511 1598 cibos
1539 1544 1722 1614 praemondit,
1738 1545 1786 1598 in·

58 1648 123 1685 esca
141 1632 268 1702 capitur.
950 1633 1102 1687 firmitates
1118 1632 1184 1702 ejus
1201 1633 1342 1699 sustinet,
1361 1649 1376 1685 a
1393 1634 1462 1686 fletu
1477 1634 1636 1702 promissis
1652 1636 1680 1687 et
1695 1633 1785 1688 minis

89 1720 224 1776 blastum
243 1723 345 1777 viuum
361 1723 447 1778 duloe
462 1727 518 1793 est,
534 1727 667 1777 ventrem
683 1722 773 1789 inflat,
791 1721 892 1774 disso·
950 1721 1080 1788 retrahit,
1094 1722 1136 1775 ire
1152 1724 1179 1774 et
1195 1721 1273 1792 tuqui
1289 1721 1383 1788 docet,
1401 1726 1429 1774 et
1444 1721 1636 1791 praeambulet
1650 1737 1785 1791 quoeun-

59 1809 197 1864 lutionem
212 1810 293 1880 facit,
311 1811 438 1866 calidum
454 1815 509 1879 est,
531 1811 596 1865 sine
613 1810 762 1880 spiraculo
785 1809 892 1879 lagun-
951 1826 1008 1881 que
1028 1813 1084 1877 eat,
1102 1809 1142 1862 illi
1164 1809 1299 1863 osculum
1323 1810 1436 1880 dirigit,
1459 1809 1615 1879 aliquando
1645 1809 1786 1878 permittit

60 1898 137 1952 colas
168 1915 263 1953 novas
292 1899 464 1970 disrumpit,
494 1901 618 1969 stridet3
649 1899 717 1954 dum
745 1897 892 1967 clarescit,
952 1914 1018 1952 eum
1034 1899 1138 1953 cadere
1153 1903 1183 1954 ut
1199 1901 1291 1954 lausus
1307 1899 1413 1952 iterum
1430 1898 1534 1952 cadere
1550 1902 1662 1968 careat,
1678 1899 1792 1953 iratum

60 1987 152 2040 omnia
168 1989 323 2058 purganda
342 1989 433 2060 ejicit,
453 1988 625 2044 ebrietatem
636 1991 768 2060 generat.
951 1987 1073 2056 mulcet,
1098 2004 1163 2042 cum
1187 1989 1366 2058 lacrymatur
1389 1986 1491 2041 oeulos
1516 1987 1618 2058 tergit,
1639 1984 1785 2043 offensum

88 2075 211 2145 Myrrha
225 2076 315 2131 arbor
325 2081 372 2131 est
386 2077 416 2130 in
425 2078 543 2147 Arabia,
557 2078 688 2148 quinque
702 2075 810 2130 cubitis
827 2075 893 2144 alte,
951 2080 1079 2144 revocat,
1093 2078 1121 2130 iu
1138 2079 1236 2130 sinum
1250 2076 1336 2130 levat.

59 2163 127 2217 albae
136 2164 236 2233 spinae
247 2165 365 2235 similiS,
375 2165 443 2237 ejus
455 2168 536 2237 gutta
544 2166 649 2219 viridis
659 2167 687 2219 et
697 2180 805 2233 amara,
814 2166 896 2235 gutta
987 2164 1054 2218 Nux
1071 2166 1210 2220 corticem
1229 2182 1360 2219 amarum
1377 2164 1474 2231 habet,
1486 2167 1593 2218 testam
1609 2163 1721 2233 duram,
1738 2180 1786 2236 pa·

60 2255 160 2322 sponte
168 2268 303 2323 manans,
312 2255 625 2324 pretiosioresteticita
633 2252 893 2322 corticisvulnere,
950 2252 1052 2307 bulum
1062 2259 1192 2324 praestat,
1201 2254 1337 2308 nucleum
1348 2253 1436 2307 hahet
1448 2253 1573 2322 dulcem,
1582 2268 1673 2308 suave
1684 2253 1783 2309 lumen

59 2340 212 2395 vulnerum
232 2358 351 2397 vermes
376 2347 403 2397 et
428 2343 614 2414 putredinem
637 2345 731 2411 oroet,
747 2339 895 2396 odorifera
950 2341 1106 2410 ministrat,
1122 2343 1168 2396 vel
1185 2343 1397 2396 accommodat.

59 2432 107 2498 est,
124 2429 318 2486 desiccativoe
336 2435 448 2487 naturae
467 2435 527 2500 est,
544 2431 696 2487 inflaturas
719 2433 747 2484 ot
764 2432 896 2484 tumores
973 2431 1054 2485 ‘Cae
1072 2432 1151 2486 Xlll.
1173 2433 1217 2486 lle
1231 2432 1280 2486 his
1297 2431 1402 2503 quihus
1418 2431 1515 2502 prime
1531 2429 1635 2484 littera
1652 2434 1698 2485 est
1714 2429 1746 2486 O.

61 2517 148 2573 sedat.
985 2521 1056 2576 Octo
1071 2525 1141 2575 sunt
1161 2521 1369 2590 heatitudineS,
1386 2524 1488 2575 aetates
1505 2519 1633 2573 hominis
1650 2522 1678 2573 at
1694 2534 1781 2573 mun-

950 2609 994 2680 di,
1018 2615 1083 2667 octo
1108 2612 1276 2666 cubitorum
1297 2610 1478 2666 vestibulum
1500 2613 1592 2679 portae
1619 2607 1785 2664 Ezechielis

950 2700 1074 2768 (Ezeeh.
1092 2704 1151 2770 xe).

89 2786 209 2842 Nardus
225 2787 318 2842 herba
332 2789 403 2844 folio
419 2804 525 2859 presso
541 2791 570 2842 et
584 2804 688 2858 parvo.
705 2786 780 2858 Ejus
802 2803 892 2841 cacu-
984 2790 1095 2845 Oculus
1110 2790 1219 2857 clarus,
1230 2791 1347 2860 planus,
1358 2793 1512 2858 extensus,
1523 2789 1712 2857 tenerrimus,
1724 2803 1787 2842 eor*-

61 2875 131 2929 mina
148 2877 179 2929 in
189 2878 300 2931 aristas
316 2893 349 2931 se
364 2882 519 2949 spargunt,
532 2877 599 2948 ejus
615 2876 716 2946 spicas
732 2879 761 2930 et
774 2875 844 2930 folia
860 2876 896 2929 ud
949 2881 1013 2948 pori
1027 2879 1122 2934 lucem
1136 2879 1193 2948 dat,
1205 2880 1262 2933 cito
1277 2879 1402 2946 laeditur,
1412 2879 1552 2949 pupillam
1567 2878 1665 2945 habet,
1675 2875 1785 2947 pupilla

63 2964 275 3019 conficiendum
286 2966 410 3020 nardum
425 2967 574 3036 deponunt
585 2964 789 3036 pigmentarii3
802 2964 896 3019 calide
949 2967 1088 3038 palpebra
1098 2970 1216 3039 tegitur,
1227 2968 1341 3022 macula
1351 2968 1397 3021 vel
1407 2969 1496 3022 nimio
1505 2967 1663 3038 splendore
1673 2964 1785 3020 obseu-

65 3050 149 3107 herba
166 3058 214 3107 est
228 3057 257 3108 et
272 3054 429 3109 odorifera.
910 3060 1040 3142 cretur,
1057 3059 1196 3129 geminus
1212 3059 1268 3111 est.

88 3141 179 3195 Naris
195 3142 318 3211 directa,
336 3158 476 3212 concava,
490 3144 592 3214 spirat,
610 3143 731 3196 odorem
746 3142 844 3196 sentit.
985 3146 1065 3199 Odor
1080 3146 1214 3211 delectat,
1232 3161 1331 3199 ocrem
1346 3145 1447 3210 inficit,
1464 3146 1530 3212 post
1544 3142 1672 3197 ablatum
1687 3141 1785 3196 odori-

88 3230 190 3284 Nasus
206 3230 350 3300 directus,
366 3231 483 3301 planus,
497 3232 651 3287 candidus.
670 3232 702 3285 ln
717 3247 752 3286 eo
767 3231 894 3285 maxima
949 3234 1044 3288 ferum
1060 3235 1188 3288 fructum
1202 3236 1383 3305 aliquantum
1398 3236 1538 3287 remanet.

60 3324 134 3385 parte
151 3319 292 3373 consistit
312 3321 431 3389 speeies
447 3320 551 3391 faciei,
568 3320 705 3391 spiritum
720 3320 823 3375 emittit
841 3336 895 3389 per
984 3323 1087 3378 Oleum
1101 3325 1223 3394 pingue,
1241 3339 1343 3392 suave,
1360 3323 1466 3392 pascit,
1489 3319 1649 3375 invisibilis
1672 3322 1785 3374 naturae

60 3422 149 3463 ltres-
950 3417 1005 3481 est,
1025 3416 1206 3483 supernatat,
1225 3412 1327 3479 inlicit,
1345 3411 1445 3466 fessos
1465 3405 1596 3465 refovet'

88 3496 201 3552 Notans
214 3513 324 3568 eorpus
338 3500 369 3552 iu
384 3513 461 3570 aqua
473 3499 563 3553 hahet
574 3503 661 3569 eaput
671 3515 763 3569 supra
777 3513 893 3569 aquam,
984 3501 1066 3555 Oliva
1080 3503 1169 3556 arhor
1184 3502 1274 3556 index
1291 3504 1336 3555 θεῖ
1350 3502 1443 3571 pecie,
1459 3500 1556 3554 oleum
1571 3500 1629 3569 dat,
1646 3499 1785 3568 speciosa

60 3587 82 3636 et
94 3586 186 3654 pedes
204 3592 312 3657 movet,
330 3588 438 3643 fluctus
455 3592 534 3643 retro
547 3587 630 3659 jacit.
950 3594 1004 3646 θεῖ.

88 3673 182 3729 Navis
198 3676 228 3729 in
238 3677 385 3747 principio
397 3680 426 3732 et
436 3677 466 3731 in
481 3677 538 3730 fine
550 3679 595 3731 est
606 3680 742 3748 angusta,
756 3677 785 3730 in
797 3677 894 3730 medio
983 3681 1046 3734 Olla
1061 3681 1149 3747 luteo,
1166 3681 1235 3750 igne
1250 3679 1404 3747 solidatur,
1422 3677 1539 3749 fragilis
1555 3680 1611 3746 est,
1629 3676 1720 3731 fracta
1736 3676 1784 3731 in-

59 3761 107 3815 lata
121 3766 152 3818 et
168 3768 286 3834 onusta,
303 3781 395 3836 super
409 3781 503 3837 aquas
529 3765 632 3834 fertur,
646 3765 792 3835 perforata
818 3767 892 3821 sub·
949 3770 1029 3823 utilis
1046 3773 1100 3824 est.

59 3853 207 3924 mergitur,
229 3854 337 3909 malum
354 3855 450 3923 habet,
467 3855 534 3909 velo
551 3854 723 3922 concitatur,
741 3855 892 3926 guberna·
983 3860 1064 3913 Onus
1080 3859 1182 3926 fertur,
1199 3857 1285 3911 facile
1301 3856 1395 3910 fertur
1410 3856 1436 3910 si
1453 3855 1611 3926 colligitur,
1628 3854 1783 3909 adterram

94 2662 165 2717 Car.
184 2662 251 2717 ΧΠ.
272 2663 316 2719 De
331 2665 382 2718 his
397 2664 503 2737 quibus
514 2663 612 2734 prima
628 2663 732 2716 littera
744 2667 790 2716 est
805 2660 844 2716 N.

59 3940 116 3994 rulo
142 3941 276 4013 regitur,
294 3944 424 3999 anchora
449 3944 601 4012 retinetur,
620 3959 676 4013 qua
698 3959 756 3997 non
782 3945 892 3998 munita
947 3946 1077 4015 inclinat,
1091 3963 1181 4018 grave
1198 3951 1244 4000 est
1259 3962 1325 4000 cum
1340 3946 1448 4017 ligatur
1474 3960 1565 4014 super
1589 3944 1739 3998 humeros.

58 4035 138 4084 rento
165 4035 318 4101 movetur,
335 4033 470 4103 seopulis
495 4032 704 4103 confringitur,
720 4032 891 4086 hauritoriis
982 4034 1101 4105 Onyeha
1117 4036 1210 4105 piscis
1226 4035 1399 4100 maritimus,
1414 4032 1502 4104 otrjus
1519 4049 1590 4087 ossa
1606 4032 1784 4087 comminuta

56 4123 206 4190 purgatur,
223 4120 330 4176 fluctus
346 4122 452 4192 premit
467 4125 496 4176 et
510 4121 631 4193 frangit,
648 4120 787 4175 fluetibus
804 4121 891 4174 uudi-
946 4124 1159 4179 suavissimum
1175 4125 1301 4179 reddunt
1316 4124 1447 4178 odorem.

56 4221 106 4276 que
121 4209 268 4266 tunditur.
981 4213 1108 4266 Ordeum
1131 4211 1305 4284 [hordeum]
1324 4229 1464 4282 asperum
1486 4215 1541 4281 est,
1558 4211 1644 4266 eibos
1667 4213 1712 4265 est
1731 4208 1783 4281 ju-

86 4296 183 4353 Nauta
192 4300 224 4352 in
240 4300 298 4354 fine
309 4300 394 4354 nevis
410 4299 530 4369 residet,
541 4299 662 4369 puppim
673 4301 780 4351 attente
792 4298 890 4367 respi-
946 4305 1122 4370 mentorum,
1135 4303 1255 4370 humile,
1268 4302 1369 4355 aristis
1380 4302 1509 4371 plenum,
1521 4300 1616 4369 dulce,
1630 4317 1705 4372 aqua
1717 4300 1785 4354 mis-

56 4384 96 4449 rit‚
113 4387 234 4442 clavum
257 4390 344 4459 regit,
360 4388 438 4442 viam
453 4388 622 4442 considerat
637 4390 665 4441 et
685 4387 795 4455 metuit,
812 4389 888 4440 tem·
902 4385 930 4445 D
945 4393 1007 4445 tum
1022 4392 1136 4445 confert
1152 4391 1253 4462 aegris,
1270 4395 1404 4445 tenacem
1421 4390 1509 4444 habet
1526 4389 1649 4458 paleam.

56 4478 194 4539 pestatem
218 4474 366 4546 formidat,
383 4492 488 4532 navem
513 4476 592 4531 omni
616 4478 747 4545 tempore
768 4475 885 4544 lustrat,
973 4479 1128 4551 Organum
1146 4481 1262 4534 fistulas
1283 4480 1380 4546 hahet,
1398 4479 1427 4532 in
1452 4479 1571 4531 modum
1593 4477 1684 4531 turris
1700 4475 1778 4529 ordi·

57 4575 87 4614 ue
109 4563 248 4618 alicunde
270 4565 342 4619 laesa
359 4567 407 4634 sit,
431 4566 497 4635 plus
511 4565 595 4636 justo
611 4579 675 4617 eam
696 4580 756 4617 non
772 4567 884 4635 onerat,
944 4573 1019 4623 nutae
1031 4572 1109 4624 stant
1120 4569 1237 4638 fistulae,
1249 4566 1435 4622 concorditer
1451 4568 1567 4635 sonant,
1582 4566 1639 4619 cito
1650 4563 1777 4635 laeditur,

56 4651 159 4706 vilibus
173 4653 316 4722 induitur,
328 4654 358 4707 iu
373 4657 459 4723 portu
475 4653 643 4707 mercedem
659 4653 777 4722 expetit.
943 4656 1064 4711 follibus
1080 4658 1234 4712 excitatur.

85 4739 200 4795 Nebula
215 4740 252 4794 ab
267 4741 391 4796 humore
408 4742 510 4811 oritur,
527 4742 583 4796 late
598 4741 758 4812 spargitur,
777 4741 885 4813 frigida
977 4745 1065 4799 Ortus
1086 4744 1221 4817 [hortus]
1242 4744 1465 4800 circumfoditur
1490 4747 1517 4797 et
1539 4743 1777 4815 circumsepitur,

55 4831 102 4895 cst,
112 4829 284 4884 ascendens
296 4831 425 4900 pluviam
437 4830 560 4899 nuntiat,
574 4830 671 4884 calore
683 4829 757 4884 solis
773 4830 884 4884 dissol-
940 4835 1080 4887 arhorum
1102 4834 1290 4888 distinetione
1316 4837 1448 4900 ornatus,
1466 4832 1590 4886 floribus
1610 4829 1775 4902 jucundus,

55 4916 139 4985 vitur3
151 4918 341 4974 descendeus
358 4919 547 4974 serenitatem
563 4918 672 4990 signat,
689 4919 808 4971 immota
825 4935 883 4972 ma·
940 4924 1074 4994 germine
1089 4923 1233 4977 viridante
1248 4921 1361 4989 suavis,
1377 4937 1448 4974 auru
1466 4922 1553 4975 flaute
1574 4921 1650 4975 lenis
1673 4925 1701 4976 et
1714 4922 1776 4992 pla·

56 5018 119 5060 nens
134 5007 359 5063 obscuritatem.
941 5012 1041 5080 eidus,
1059 5011 1228 5065 umbrarum
1253 5011 1419 5065 amoenitate
1444 5013 1607 5081 praestens,
1625 5025 1775 5065 murmure

82 5093 251 5150 Nictieorax
262 5098 293 5150 in
309 5097 445 5151 domibus
462 5097 572 5152 habitat
587 5100 615 5151 θῖ
629 5097 733 5164 muris,
744 5097 779 5150 de
795 5099 880 5150 nocte
939 5099 1030 5155 fontis
1046 5099 1239 5168 delectabilis,
1256 5099 1403 5154 fructibus
1418 5100 1509 5153 variis
1524 5097 1691 5167 refertae,a
1706 5114 1775 5154 rore

54 5181 129 5252 rotat,
143 5184 225 5238 diem
239 5184 325 5257 fugit.
937 5189 1061 5253 illaesus,
1078 5189 1232 5243 voluerum
1248 5192 1335 5244 cautu
1350 5189 1516 5243 laudabilis.

80 5270 174 5328 Nidus
197 5273 229 5328 fit
255 5274 361 5328 avibus
384 5279 533 5345 secretus,
551 5275 630 5329 intus
655 5274 778 5342 calidus,
796 5277 878 5328 extro
973 5278 1012 5332 Os
1030 5278 1105 5331 forte
1122 5281 1177 5345 est,
1196 5278 1353 5349 occultum,
1365 5278 1531 5346 candidum,
1549 5291 1668 5331 curnem
1684 5276 1775 5330 susti·

53 5371 137 5432 asper,
155 5378 194 5418 ex
210 5364 311 5418 multis
326 5366 499 5434 congestus.
936 5370 994 5435 net,
1013 5367 1127 5433 durum,
1144 5366 1282 5436 solidum,
1301 5383 1473 5421 concavum.

79 5451 134 5506 Nix
144 5469 184 5508 ex
194 5468 272 5523 aqua
283 5452 447 5519 induratur,
457 5453 581 5506 eandida
597 5456 625 5507 ot
635 5453 743 5525 frigido
755 5457 809 5523 est,
819 5453 876 5507 cito
970 5454 1112 5509 Osculum
1128 5454 1185 5509 duo
1202 5472 1326 5526 corpora
1343 5456 1511 5527 conjungit,
1528 5454 1667 5522 delcetat,
1685 5450 1772 5506 certi·

52 5538 225 5609 dissolvitur,
234 5541 344 5596 minuta
351 5540 875 5612 deseendit,desursumvonit,calore
934 5543 1011 5607 sicat,
1025 5543 1146 5614 signum
1161 5545 1243 5617 pacis
1259 5548 1314 5612 est,
1328 5545 1436 5615 pignus
1448 5544 1568 5610 omoriS,
1578 5540 1666 5594 arrha
1681 5554 1771 5611 spon·

51 5625 184 5702 inaquam
194 5629 366 5702 resolvitur,
376 5629 594 5702 temamoporit,
604 5633 633 5685 et
642 5631 872 5704 segetemfovet.
934 5632 1087 5688 saliorum.
