3796 6022
140 277 201 347 203

518 274 737 344 APPENDIX
758 275 817 343 Al)
839 274 1031 344 HUGONIS
1055 275 1200 342 OPERA
1222 272 1490 343 DOGMA'liGA.

1805 270 1865 345 204

141 488 188 540 rot
208 486 305 540 antem
328 480 552 551 astronomiam,
570 481 657 555 cujus
679 482 766 537 etiarn
788 478 905 536 nominc
928 480 973 535 in·
987 462 1017 524 Α
1031 483 1170 548 continet,
1187 482 1352 550 manticem,
1369 482 1612 550 mathematicam,
1629 483 1782 549 maleficia,
1800 499 1865 538 sor-

141 572 440 629 scribitu1·.llthicam
461 571 599 626 Socrates
619 572 727 627 decuit.
746 571 839 626 Usum
855 572 974 625 lanilleii

141 661 235 719 fertur
257 662 388 716 blinerva
417 660 651 716 Atheniensibus
680 660 847 715 tradidisse.
878 661 974 715 Ninus

139 752 254 823 primus
270 750 399 805 omnium
414 749 491 803 bella
507 750 606 804 movit.
620 750 713 805 Usum
729 750 839 822 navigii
856 748 975 822 Pelasgi

139 841 326 895 invenerunt.
350 838 441 893 Ceres
470 838 649 894 frumentum
679 839 786 893 dicitur
808 840 972 894 invenisse.

140 928 235 984 Usum
258 943 377 998 quoque
392 927 564 981 deliciarum
587 927 721 998 coquinas
746 929 860 998 Aptius.
880 928 973 982 bladi-

141 1017 217 1072 cinaa
232 1017 370 1070 inventor
383 1018 501 1085 putatur
516 1016 631 1086 Apollo.
648 1017 749 1071 Ludos
764 1017 836 1086 Lydi
854 1018 973 1071 invene·

139 1109 217 1175 runt,
230 1105 280 1176 qui
295 1105 331 1158 de
346 1104 437 1175 Lydia
449 1104 595 1175 quondam
607 1106 725 1177 egressi
735 1106 764 1159 in
776 1105 891 1159 Etruria
901 1121 973 1160 con-

139 1193 289 1263 sederunt,
299 1197 326 1247 ct
338 1193 378 1246 ibi
393 1195 471 1247 inter
481 1197 587 1248 eaetera
599 1194 842 1265 superstitionum
852 1210 973 1249 suarum

139 1298 249 1356 genera
265 1283 352 1337 ludos
368 1283 665 1337 instituerunt.L'11de
682 1284 804 1338 llomani
819 1285 974 1339 accersitis

138 1373 292 1444 magistris
313 1371 399 1426 ludos
416 1372 518 1426 Romae
538 1371 681 1426 lecerunt.
699 1373 848 1426 Abraham
864 1374 975 1427 invenit

137 1460 251 1516 litteras
272 1459 425 1531 Syrorum,
447 1459 574 1515 Phoenix
596 1460 778 1531 Graecorum,
797 1461 854 1515 lsis
879 1461 973 1534 digg-

137 1549 275 1620 ptiorum,
299 1549 419 1620 Moyses
445 1549 649 1618 Hebraeorum,
670 1549 834 1604 Carmentis
856 1551 973 1605 Latino-

138 1654 214 1694 rum.
227 1638 351 1693 Alcman
361 1638 480 1709 quidam
492 1637 607 1693 fabulas
619 1639 726 1693 dicitur
736 1639 899 1694 invenisse.
907 1640 975 1693 Par-

139 1727 274 1782 menides
290 1727 398 1781 dicitur
413 1726 596 1780 dialecticam
611 1727 640 1780 in
655 1743 728 1798 rupe
744 1729 869 1799 quadam
885 1744 974 1783 exco-

138 1817 262 1889 gitasse,
279 1815 495 1870 Demosthenes
510 1816 689 1870 rhetoricam
704 1817 856 1871 invenisse
866 1818 944 1887 (Ξῖ).

223 1903 292 1958 Car.
304 1903 399 1957 XXV.
417 1903 461 1958 De
471 1904 593 1975 magica,
613 1910 641 1959 et
654 1906 794 1976 partibas
809 1907 882 1978 ejas,

1032 571 1141 643 tilegia,
1163 572 1307 642 prestigia.
1331 571 1456 625 Manliae
1479 572 1686 640 interpretatur
1706 571 1862 627 divinatio.

1032 659 1102 715 llaee
1110 661 1238 731 quinque
1250 659 1472 730 specieshnbet,
1480 661 1720 729 necromantiam,
1728 676 1866 733 geonian·

1031 749 1109 817 tiam,
1135 748 1377 819 hydromantiam,
1403 750 1617 818 aeromantiam,
1640 749 1862 820 pyromantiam.

1030 837 1128 891 Prima
1149 839 1180 892 at
1207 838 1235 892 in
1259 839 1399 908 mortuis,
1417 838 1548 892 secunda
1568 839 1598 891 in
1618 841 1705 907 terra,
1726 839 1810 893 tertia
1835 838 1863 892 in

1030 943 1115 998 aqua,
1131 929 1234 998 quarta
1254 928 1283 980 in
1299 943 1377 996 aere,
1395 928 1494 997 quinta
1519 928 1547 980 in
1563 928 1642 999 igne.
1661 926 1861 981 llathcmatira

1030 1016 1060 1069 in
1070 1016 1169 1071 multis
1181 1020 1227 1070 est
1237 1017 1362 1070 vanitas.
1376 1017 1447 1070 Haec
1456 1019 1517 1070 tres
1528 1017 1616 1070 babet
1627 1017 1754 1086 species,
1770 1016 1864 1070 llaru·

1030 1105 1174 1176 spicinarn
1185 1105 1423 1177 (aruspicinam),
1441 1106 1608 1177 augurium,
1625 1104 1861 1175 horoscopicam.

1031 1193 1226 1263 Haruspicina
1242 1194 1350 1248 dicitur
1372 1195 1408 1248 ab
1426 1194 1609 1264 inspectione
1626 1194 1764 1248 hararum
1779 1199 1863 1255 tara-

1029 1288 1116 1354 rum),
1129 1284 1193 1337 haec
1210 1283 1240 1337 at
1254 1285 1372 1354 quanda
1388 1284 1416 1337 in
1433 1284 1516 1337 libris
1532 1283 1710 1352 animalium,
1721 1300 1787 1354 quae
1802 1285 1863 1337 ani-

1030 1373 1116 1426 malia
1126 1373 1156 1426 in
1168 1374 1259 1437 haris,
1273 1372 1301 1426 id
1314 1376 1360 1426 est
1372 1372 1521 1426 eubilibus
1530 1377 1688 1442 ponantur,
1699 1373 1774 1427 lacta
1787 1390 1864 1444 quae·

1029 1464 1143 1516 rentur.
1169 1461 1335 1533 Augurium
1351 1461 1460 1515 dictum
1476 1464 1522 1516 θεῖ
1542 1461 1578 1514 ab
1597 1462 1712 1531 ariduS,
1733 1462 1789 1516 bes
1811 1463 1863 1516 ali-

1030 1550 1147 1623 quando
1171 1551 1297 1620 pertinet
1316 1551 1352 1604 ad
1367 1567 1466 1618 aureS,
1484 1553 1513 1605 θῖ
1531 1551 1640 1605 dicitur
1654 1550 1811 1622 augurium
1825 1551 1861 1604 ab

1029 1641 1128 1694 avium
1137 1640 1259 1711 garritu,
1268 1640 1425 1710 aliquando
1438 1639 1473 1693 ad
1488 1641 1602 1706 oculos,
1611 1643 1639 1693 et
1649 1639 1862 1709 diciturauspi-

1031 1729 1108 1783 ciam
1123 1728 1159 1782 ab
1175 1729 1273 1782 avium
1288 1725 1511 1798 inspectatione.
1530 1728 1732 1798 lloroscopica
1748 1729 1777 1782 in
1794 1745 1862 1782 coa-

1030 1818 1248 1871 stellationibus
1265 1821 1390 1887 constat,
1409 1818 1549 1872 maleficia
1567 1817 1639 1871 liunt
1657 1834 1711 1887 per
1729 1817 1862 1871 incanta-

1029 1906 1142 1973 tiones3
1158 1906 1320 1978 sortilegia,
1333 1922 1386 1976 per
1401 1909 1514 1974 sortes3
1530 1906 1691 1977 praestigia,
1704 1921 1758 1975 per
1771 1905 1862 1975 phan-

174 1992 289 2065 Magica
305 1993 362 2047 sub
378 1993 566 2063 philosophia
591 2009 650 2048 non
666 1997 841 2064 continetur,
859 1996 911 2049 sed
928 2000 973 2050 est
989 1988 1015 2050 B
1029 1996 1151 2048 tastieas
1160 1994 1666 2066 allusiones.blagicamZoreastres
1675 2009 1728 2048 rex
1738 1993 1864 2047 Bactria·

139 2083 225 2152 loris,
242 2081 317 2136 falsa
328 2080 516 2152 professione
527 2081 563 2136 de
574 2097 646 2137 vero
657 2083 813 2153 mentiens,
825 2087 853 2138 et
862 2085 973 2139 veraci-

138 2174 185 2227 ter
193 2171 317 2240 laedens,
330 2171 466 2225 homines
479 2171 621 2225 seducite
636 2170 782 2243 religione
794 2173 903 2240 divina,
913 2174 974 2227 cul-

138 2262 234 2315 turam
250 2260 417 2314 daemonam
432 2259 546 2329 suadet,
560 2263 588 2314 et
600 2260 636 2313 ad
647 2276 733 2314 omne
744 2260 829 2315 netas
843 2278 915 2316 suos
927 2278 974 2315 se·

139 2363 251 2421 quares
265 2347 397 2418 impellit.
410 2347 481 2401 Haeo
492 2348 621 2419 quinque
637 2363 747 2420 genera
763 2349 975 2406 maleficiorum

176 2491 243 2560 (Ἡ)
262 2490 306 2545 Da
316 2489 521 2544 inventoribus
533 2490 639 2545 artium
653 2491 799 2546 videndus
810 2496 855 2547 est
870 2495 976 2563 partim

140 2561 308 2633 Polydorus
318 2561 462 2633 Virgilius
484 2562 589 2631 partim
604 2561 773 2616 Alexander
783 2563 894 2618 Sardus
907 2566 976 2620 Fer·

140 2632 295 2688 ramensis,
316 2633 424 2687 Verum
447 2604 530 2702 plura
547 2633 577 2687 in
597 2637 697 2687 nostra
719 2634 828 2706 Platea,
845 2637 870 2689 si
893 2637 973 2705 libet,

141 2704 301 2776 degustare
316 2707 412 2774 putes.

177 2777 234 2848 tto)
249 2776 292 2831 De
305 2776 420 2846 magica
430 2790 485 2829 nec
496 2776 565 2847 quid
575 2776 737 2847 copiosius,
747 2779 880 2849 necquid
892 2780 977 2834 abso·

141 2847 225 2904 trtius
247 2846 306 2918 legi
322 2850 429 2919 potest,
442 2863 530 2919 quam
544 2848 688 2920 quidquid
703 2849 733 2903 in
749 2849 856 2919 palatio
872 2856 975 2907 nostro

1029 2100 1135 2140 norum
1155 2084 1280 2154 invenit,
1298 2087 1407 2154 etpost
1428 2084 1516 2155 langa
1532 2088 1662 2152 tcmpom
1679 2083 1863 2136 Democritus

1030 2173 1188 2242 ampliavit.
1200 2173 1438 2243 Hydramantiam
1448 2173 1548 2226 Persae
1558 2171 1861 2226 terunturinvenisse.

1031 2263 1163 2332 Auguria
1178 2261 1321 2332 Phriges3
1339 2261 1495 2333 l‘raestigia
1512 2261 1688 2315 Mercurius
1708 2260 1863 2330 Araspiei·

1032 2365 1099 2404 nam
1123 2350 1241 2422 quidam
1264 2366 1338 2420 puer
1360 2350 1536 2421 lletruscuS,
1553 2348 1670 2404 nomine
1686 2349 1863 2421 Tagesffltil.

1032 2493 1229 2561 reconditum,
1255 2495 1341 2563 atque
1369 2492 1551 2547 abstractum
1581 2496 1636 2547 est.
1653 2493 1683 2548 Si
1712 2492 1790 2546 enim
1818 2492 1864 2546 rel

1031 2564 1134 2635 prisci,
1150 2564 1196 2618 vel
1219 2567 1356 2618 recentes
1375 2568 1494 2618 autores
1515 2565 1550 2617 de
1567 2564 1621 2618 hac
1642 2565 1763 2619 materia
1778 2564 1864 2635 quid-

1032 2651 1120 2707 quam
1136 2634 1281 2689 laudabile
1293 2635 1486 2705 protulerunt,
1499 2635 1555 2690 hoc
1565 2651 1650 2690 omne
1666 2637 1696 2690 in
1712 2635 1769 2690 isto
1780 2636 1865 2689 volu-

1032 2708 1110 2761 mine
1131 2706 1258 2777 patellet.
1281 2707 1354 2761 llaec
1375 2706 1467 2761 lector
1487 2707 1516 2761 in
1540 2707 1681 2763 memoria
1701 2707 1823 2777 habeat,
1839 2710 1865 2760 et

1033 2794 1101 2835 cum
1115 2778 1167 2832 tibi
1183 2780 1322 2848 sucurrit,
1340 2780 1524 2848 experiaris·

147 3023 1856 3049 *w

734 3166 916 3245 LIBER
964 3167 1278 3246 SECUNDUS

186 3356 249 3433 Qui
273 3366 390 3423 tractat
418 3354 458 3422 da
485 3357 622 3422 materia
649 3358 823 3421 mundanae
847 3359 1016 3441 scripturae
1040 3368 1136 3443 atque
1164 3360 1283 3422 divinae
1293 3380 1301 3437 ;
1335 3369 1367 3422 θῖ
1395 3359 1479 3442 quod
1507 3360 1672 3422 mundana
1710 3359 1828 3423 divinae

387 3439 586 3515 subserviat,
611 3459 685 3502 cum
707 3438 887 3522 adjectione
908 3441 1119 3522 quoramdam
1142 3440 1311 3504 continens
1336 3440 1446 3503 decem
1472 3441 1623 3522 capitula.

894 3628 1089 3640 —————

143 3767 214 3825 Car.
232 3769 253 3823 Ι.
271 3768 315 3823 De
330 3767 456 3823 materia
472 3767 626 3822 mundana
636 3768 796 3838 scriptume
811 3773 840 3822 et
855 3768 887 3823 di
892 3768 976 3823 vrinae.
994 3749 1019 3812 C
1034 3772 1179 3840 reguntur
1189 3768 1295 3823 omnia.
1307 3768 1440 3822 Potentia
1455 3768 1695 3839 creat,sapientia
1711 3770 1865 3840 gubernat,

178 3857 255 3912 Sane
280 3857 426 3928 scriptura
451 3856 605 3912 saecularis
625 3857 776 3927 materiam
798 3856 886 3911 habet
902 3873 976 3926 opus

143 3945 332 4001 conditionis.
350 3946 453 4000 Divina
468 3946 619 4015 Scriptura
635 3945 785 4000 materiam
797 3938 885 3999 habet
900 3962 976 4015 opus

144 4035 380 4090 restaurationis.
397 4035 460 4088 lluo
478 4036 586 4105 quippe
601 4038 670 4087 sunt
694 4034 746 4088 Dei
770 4050 858 4104 opera
876 4050 881 4088 :
900 4051 975 4104 opus

142 4123 332 4192 conditionis,
345 4126 373 4176 et
387 4137 463 4192 epus
479 4122 715 4177 restaurationis.
732 4122 813 4192 Opus
829 4123 975 4177 conditio-

93 4248 96 4255 ·
139 4211 198 4281 nis,
217 4215 263 4266 est
280 4226 338 4283 quo
363 4211 471 4265 laetum
486 4214 533 4266 est
545 4213 577 4265 ut
593 4214 695 4265 essent
710 4228 776 4282 quae
797 4227 856 4266 non
871 4216 952 4265 erant
968 4228 974 4280 ;

140 4315 215 4372 opus
238 4299 464 4355 restaurationis
480 4303 526 4354 θεῖ
546 4315 603 4370 quo
626 4299 796 4354 factumest
814 4303 846 4354 ut
870 4301 976 4354 melius

139 4393 243 4446 essent
258 4405 325 4461 quae
340 4389 497 4459 perierant.
514 4389 594 4458 Opps
611 4390 788 4443 conditionis
805 4393 850 4443 est
866 4390 974 4445 creatio

138 4479 323 4535 mundicam
339 4478 477 4532 omnibus
497 4477 651 4532 elementis
669 4479 744 4532 suis.
760 4478 841 4548 Opus
857 4483 973 4532 restau-

137 4570 263 4623 rationis
287 4567 449 4622 incarnatio
466 4567 555 4621 Verbi
575 4571 621 4621 est
637 4583 704 4620 cum
724 4566 862 4621 omnibus
878 4583 975 4620 saera·

137 4660 247 4712 mentia
262 4657 336 4712 suis.
348 4653 429 4726 Opus
441 4656 618 4710 conditionis
635 4657 664 4709 in
680 4671 735 4709 sex
746 4655 852 4709 diebus
864 4655 972 4710 lactum

136 4747 192 4800 θεῖ.
204 4746 285 4816 Opus
300 4745 527 4801 restaurationis
539 4761 598 4799 nan
613 4745 672 4798 nisi
684 4760 739 4798 sex
756 4745 891 4799 aetatibus
907 4761 972 4815 per-

136 4832 186 4888 ttci
204 4837 311 4904 potest.
334 4834 394 4889 Sex
416 4837 513 4889 tamen
538 4838 607 4889 sant
633 4837 734 4888 contra
760 4849 824 4901 sex,
843 4836 872 4886 ut
895 4834 971 4888 idem

137 4925 337 4994 cognoscatur
351 4938 420 4976 esse
438 4924 625 4994 Retlemptor,
638 4924 688 4993 qui
704 4925 731 4976 ct
746 4921 877 4976 Creator.

133 5008 204 5065 Car.
215 5009 250 5064 ll.
269 5009 366 5077 Quare
383 5013 441 5065 tria
456 5012 588 5065 visibilia
603 5012 714 5078 ruendi,
730 5012 786 5066 tria
802 5011 970 5066 invisibilia

408 5099 465 5153 Dei
485 5099 701 5155 de1nonstrant.

171 5189 233 5245 Nec
248 5189 529 5258 praetermittendum
540 5188 620 5259 quod
634 5204 688 5258 per
702 5204 777 5258 opus
789 5188 967 5243 conditionis

130 5278 187 5333 tria
203 5275 363 5331 invisibilia
375 5277 428 5331 Dei
440 5278 687 5331 demonstrantur.
702 5277 872 5331 Invisibilia
889 5279 966 5333 enim

132 5366 230 5442 ipsias
242 5370 413 5421 a-eraatura
428 5366 594 5437 mundiper
609 5380 651 5431 ca,
670 5381 732 5438 quae
747 5365 905 5420 factasunt
921 5367 966 5421 in-

131 5455 251 5515 tellecta
260 5454 582 5528 conspiciunturfflom.
595 5464 626 5526 1).
637 5453 704 5509 Tria
721 5457 790 5510 sunt
804 5455 964 5511 invisibilia

130 5546 195 5614 Dei,
211 5545 351 5618 potentia,
368 5544 523 5616 sapientia,
538 5542 718 5617 benignitas.
743 5544 789 5600 Ab
805 5543 852 5601 his
867 5545 963 5604 tribus

129 5636 237 5711 omnia,
249 5634 279 5692 in
294 5634 342 5690 bis
357 5634 454 5691 tribus
470 5633 636 5692 consistunt
647 5633 754 5708 omnia,
767 5648 820 5707 per
833 5634 897 5694 hmo
908 5636 963 5695 tria

1034 3856 1203 3928 benignitas
1220 3861 1386 3911 conservat.
1403 3856 1475 3922 Quae
1490 3861 1586 3911 tamen
1603 3858 1657 3911 tria
1669 3858 1747 3912 sicut
1762 3859 1790 3912 in
1807 3860 1866 3913 Ilco

1035 3943 1222 4000 inellabiliter
1235 3963 1327 4000 unum
1342 3951 1421 4016 siant,
1439 3947 1478 4000 ita
1502 3947 1532 3999 in
1548 3947 1717 4016 operatione
1735 3949 1868 4018 separari

1034 4050 1092 4087 non
1108 4039 1244 4104 possunt.
1270 4035 1400 4089 Potentia
1423 4052 1476 4105 per
1490 4035 1701 4106 benignitatem
1717 4038 1867 4106 sapienter

1034 4127 1123 4177 areat.
1146 4124 1294 4193 Sapientia
1320 4126 1547 4193 perpotentiam
1566 4124 1695 4195 benigne
1711 4124 1865 4195 gilliernat.

1033 4211 1206 4283 Benignitas
1222 4228 1276 4282 per
1286 4213 1459 4282 sapientiam
1474 4215 1609 4282 potenter
1624 4217 1792 4267 conservat.
1809 4213 1867 4268 Po-

1032 4301 1152 4354 tentiam
1163 4300 1330 4355 manifestat
1342 4306 1541 4355 creaturarum
1553 4301 1747 4371 immensitas,
1755 4303 1869 4372 sapien·

1032 4388 1101 4442 tiam
1117 4390 1216 4459 decor,
1233 4390 1392 4444 bonitatem
1409 4391 1529 4444 utilitas.
1548 4390 1733 4445 lmmensitas
1749 4395 1866 4446 ereatu-

1032 4493 1130 4531 rarum
1147 4483 1261 4532 constat
1277 4480 1306 4533 in
1328 4479 1512 4533 multitudine
1529 4483 1558 4532 et
1568 4480 1781 4551 magnitudine.
1793 4481 1866 4534 ttul-

1031 4566 1123 4621 titano
1140 4568 1168 4620 in
1185 4569 1344 4638 similibuS,
1360 4569 1390 4621 ia
1411 4569 1549 4637 diversiS,
1572 4568 1601 4621 in
1624 4569 1785 4638 permistis.
1803 4570 1865 4622 ltln-

1031 4656 1154 4728 gnitudo
1179 4660 1225 4712 θεῖ
1245 4658 1275 4710 in
1291 4657 1367 4712 mole
1383 4661 1411 4711 ct
1425 4658 1530 4726 spatio.
1548 4656 1642 4711 Moles
1659 4660 1704 4711 θεῖ
1720 4659 1749 4711 in
1765 4673 1864 4711 massa

1031 4749 1059 4800 et
1077 4746 1216 4816 pondere.
1230 4745 1361 4816 Spatium
1378 4749 1424 4800 θεῖ
1441 4747 1471 4800 in
1485 4747 1575 4817 longo
1593 4749 1622 4800 et
1633 4747 1700 4815 lato,
1718 4746 1863 4816 protunda

1030 4837 1058 4888 et
1073 4835 1141 4904 alto,
1157 4835 1252 4889 Decor
1264 4839 1464 4890 creaturarum
1478 4840 1524 4890 θεῖ
1534 4837 1563 4889 ἰη
1575 4836 1633 4890 situ
1644 4839 1673 4890 et
1686 4836 1716 4889 in
1730 4839 1821 4905 motu,
1835 4837 1862 4889 in

1029 4925 1129 4993 specie
1143 4928 1171 4978 et
1182 4924 1329 4995 qiialitate.
1344 4925 1424 4978 Situs
1439 4928 1485 4978 θεῖ
1500 4926 1529 4978 in
1544 4925 1759 4995 compositione
1774 4929 1802 4980 et
1816 4942 1862 4980 or-

1028 5012 1105 5066 dine.
1127 5012 1205 5066 Ordo
1227 5017 1272 5066 est
1286 5014 1315 5066 in
1333 5013 1407 5083 loro,
1427 5016 1455 5068 et
1471 5016 1612 5084 tempore,
1630 5018 1658 5069 et
1673 5016 1859 5086 proprietate.

985 5084 1012 5145 D
1028 5100 1125 5155 ttotus
1140 5105 1186 5155 est
1200 5103 1440 5172 quadripertitae,
1456 5102 1569 5173 localis,
1582 5104 1736 5173 naturalis,
1753 5104 1862 5158 anima-

1027 5189 1076 5260 lis,
1093 5190 1254 5246 rationalis.
1276 5191 1393 5246 lloralis
1409 5196 1454 5246 est
1475 5197 1628 5247 antorsum
1642 5196 1671 5246 et
1685 5198 1859 5262 retrorsum,

1026 5279 1215 5334 dextrorsum
1229 5284 1255 5333 et
1268 5281 1485 5351 sinistrorsum,
1496 5296 1617 5335 sursum
1626 5284 1655 5334 et
1670 5280 1821 5350 deorsum,
1834 5285 1862 5336 et

1025 5368 1147 5424 circum.
1158 5370 1308 5426 Naturalis
1321 5375 1366 5424 cst
1382 5371 1411 5424 in
1428 5371 1609 5424 incremento
1620 5371 1649 5424 et
1659 5369 1859 5426 decremento.

1023 5458 1169 5514 Animalis
1183 5460 1271 5515 estin
1286 5460 1428 5515 sensibus
1443 5463 1471 5514 θῖ
1485 5458 1678 5530 appetitibus:
1696 5459 1860 5516 Rationalis

1023 5548 1107 5607 estin
1117 5547 1252 5622 lactis,et
1267 5548 1543 5623 consiliis.Species
1552 5549 1598 5608 est
1613 5547 1709 5606 torma
1718 5548 1859 5624 visibilis,

1021 5651 1088 5715 qum
1106 5638 1192 5698 oculo
1208 5639 1397 5716 discernitur,
1410 5639 1487 5698 sieut
1498 5639 1616 5700 coleres
1630 5640 1659 5698 et
1673 5638 1779 5717 tlgarac
1796 5656 1860 5700 cor·
