3796 6022
122 226 182 319 aaa

515 232 736 319 aranunrx
757 238 817 314 an*
838 248 1030 316 nasonis
1052 248 1197 315 orsas
1218 241 1483 316 bochartus.

1794 245 1853 314 aa
1893 206 1895 338 ῗ

120 456 227 524 edicto,
243 458 274 510 ut
290 454 425 510 monachi
442 455 607 521 militarent,
625 455 654 506 et
667 450 802 507 nolentes
814 450 908 523 jussit
916 452 959 506 in·
972 435 1001 498 Α
1015 453 1082 508 darn
1100 453 1188 508 dedit.
1214 453 1298 519 Quod
1318 453 1444 508 audiens
1459 452 1616 508 Gratianus
1641 453 1809 525 Augustus,
1825 457 1852 508 ct

119 543 224 600 terfici.
243 543 305 608 Qua
320 541 665 613 persecutionelurente,
682 540 771 595 multa
785 544 955 596 sanctorum

121 631 239 706 agmina
255 631 466 686 monachorum
481 646 534 700 pro
550 628 669 684 Christo
686 646 764 685 caesa
778 631 956 687 referuntur.

121 719 157 776 Et
172 736 321 792 cumpene
336 735 440 776 omnes
455 718 584 774 Orientis
603 717 754 773 Ecclesias
769 722 888 790 pastore
905 735 959 772 nu·

122 810 233 879 desset,
249 810 280 863 in
294 808 465 862 Caesaream
483 806 676 877 Cappadociae
699 808 787 879 venit,
804 808 856 862 uhi
872 808 958 862 Basi-

124 898 195 953 lium
211 896 350 969 Magnum
365 896 501 968 ejusdem
516 895 600 950 urbis
620 896 793 967 episcopum
806 900 835 951 et
857 912 911 967 per
925 912 959 950 se

124 989 153 1042 et
162 1001 216 1058 per
229 986 402 1057 praefectum
418 1001 505 1040 suum
520 984 679 1054 premissis
695 989 724 1039 at
742 986 907 1040 terroribus
922 985 958 1039 ad

124 1075 262 1129 Ariauam
273 1075 426 1144 pertidiam
440 1073 562 1128 tentavit
572 1073 726 1128 inclinare.
743 1074 801 1129 Sed
814 1091 881 1128 cum
892 1089 959 1128 eum

121 1163 327 1218 arcetitudine
342 1162 409 1216 fidei
426 1162 543 1217 flectere
560 1178 619 1216 non
636 1162 758 1232 valeret,
776 1163 805 1217 in
821 1162 960 1217 exsilium

123 1252 316 1309 summittere
331 1252 473 1307 decrevit.
489 1250 621 1321 Cumque
629 1251 736 1322 legem,
748 1267 837 1323 quam
847 1251 883 1305 de
892 1249 959 1321 ejus

125 1338 233 1397 exsilio
254 1339 347 1394 scribi
362 1343 554 1409 praeceperat,
580 1354 667 1394 manu
682 1342 801 1410 propria
816 1339 959 1395 roborare

124 1428 280 1498 vetuisset,
297 1429 381 1484 tertie
398 1428 428 1482 in
443 1427 580 1482 manilius
596 1427 663 1498 ejus
679 1429 810 1483 calamus
826 1431 872 1482 est
886 1444 959 1483 con-

125 1517 247 1573 imatus.
263 1517 345 1571 Tunc
360 1515 428 1588 ejus
444 1516 542 1571 animo
553 1519 667 1571 terrore
684 1516 840 1587 completo,
857 1517 960 1571 amba-

125 1606 183 1661 bus
204 1606 342 1661 manibus
366 1606 497 1661 chartam
516 1605 603 1676 rupit.
623 1605 734 1660 Verum
753 1622 829 1661 anno
846 1605 960 1676 imperii

127 1693 259 1749 Valentis
279 1694 498 1765 decimotertio,
514 1698 642 1766 quatuor
655 1694 784 1767 Scythiae
798 1698 914 1766 genteS,
931 1694 960 1747 id

124 1786 171 1839 est
194 1783 291 1852 eatur,
315 1783 494 1854 hypogothi,
518 1783 677 1853 erppeces,
701 1787 729 1838 et
753 1783 877 1838 vanam
902 1767 1001 1837 unaB

123 1873 225 1944 lingua
249 1874 375 1941 utentes,
393 1874 422 1925 et
441 1871 513 1926 nihil
542 1871 622 1926 aliud
644 1872 703 1926 nisi
718 1874 830 1926 tantum
853 1887 960 1926 nomen

124 1963 282 2030 mutantes,
299 1960 437 2031 bipartito
453 1959 571 2032 agmine
586 1960 753 2015 Danubium
767 1961 959 2016 transierunt.

122 2049 274 2122 Siquidem
288 2064 364 2120 gens
392 2049 567 2104 Hunnorum
583 2065 636 2104 eos
650 2049 687 2103 ab
708 2049 837 2120 antiquis
859 2065 962 2105 eornm

124 2138 247 2195 sedibus
263 2138 425 2210 expulerat.
439 2138 590 2194 Praeerant
610 2137 659 2192 his
678 2137 819 2210 gentibus
835 2138 892 2194 duo
909 2139 961 2192 du-

123 2244 186 2298 ces,
209 2227 404 2300 Frigidernus
424 2229 453 2282 et
471 2227 636 2282 Athalicus.
663 2226 805 2292 Quicum
830 2228 907 2282 inter
928 2243 961 2281 se

123 2317 304 2375 dissiderent
313 2332 348 2371 ac
357 2316 436 2371 bello
448 2316 636 2386 desaevirent,
653 2315 962 2371 AthalicusadValen·

122 2410 183 2462 tem
193 2404 365 2477 coniugium
379 2404 459 2461 iecit.
473 2404 582 2459 Valens
591 2407 688 2459 autem
699 2409 858 2460 memorato
872 2405 960 2459 htha-

122 2492 180 2550 lieo
202 2494 348 2549 adversus
368 2492 575 2565 Frigidernum
599 2493 740 2549 auxilium
754 2493 830 2548 tulit.
858 2493 959 2565 ltaque

126 2581 258 2639 Valentis
274 2582 403 2655 Augusti
418 2581 512 2637 fretus
527 2582 637 2637 auxilio
653 2581 860 2654 Frigidernum
869 2583 958 2637 Atha·

125 2669 201 2728 licus
217 2671 378 2742 superavit.
390 2669 484 2743 Cujus
494 2670 630 2726 beneficii
640 2671 735 2744 gratia
744 2671 832 2727 Gothi
842 2672 959 2743 simpli-

125 2776 177 2817 ees
191 2763 403 2832 poposcerunt,
416 2763 446 2814 ut
460 2760 504 2814 eis
516 2760 660 2831 episcopi,
673 2776 689 2815 a
705 2760 814 2831 quibus
825 2759 959 2833 regulam

124 2849 192 2906 fidei
209 2850 368 2919 discerent,
385 2849 579 2905 mitterentur.
591 2849 674 2904 Tunc
687 2849 797 2904 Valens
812 2866 886 2905 usus
896 2866 958 2904 ma·

124 2939 205 3012 ligna
221 2940 364 3011 pravitate
378 2939 517 2994 doctores
533 2939 635 2993 Ariani
646 2939 794 3011 dogmatis
808 2939 889 2993 misit
904 2940 958 3009 eia,

1016 543 1212 597 considerans
1227 541 1370 596 afflictum
1385 545 1413 596 et
1428 541 1593 596 desolatum
1603 541 1776 611 reipublicae
1790 547 1852 596 sta-

1014 633 1087 701 tum,
1100 630 1258 685 accersivit
1273 631 1309 683 ab
1323 630 1466 699 Hispania
1474 629 1676 684 Theodosium
1683 631 1780 685 virum
1794 646 1854 685 mo·

1016 719 1100 774 ribus
1126 722 1154 773 et
1169 722 1253 774 atate
1273 722 1429 789 maturum,
1446 723 1474 773 et
1490 717 1591 773 militia
1614 722 1778 774 strenuum.
1795 719 1852 774 lslc

1015 807 1164 878 siquidem
1170 823 1274 877 nuper,
1283 824 1299 860 a
1307 806 1510 861 Valentiniano
1518 806 1625 877 hlagno
1633 806 1669 859 ad
1681 807 1851 878 Hispaniam

1016 897 1191 966 destinatuS,
1205 895 1317 950 effusas
1329 896 1499 950 Maurorum
1509 899 1675 966 genlesper
1684 895 1814 950 Africam
1824 901 1851 949 et

1015 985 1220 1039 Mauritaniam
1234 985 1333 1039 multis
1343 984 1454 1055 praeliis
1473 984 1654 1038 edomuerat.
1668 984 1753 1039 Hunc
1763 985 1851 1056 igitur

1015 1073 1112 1127 virum
1134 1073 1253 1144 propria
1274 1074 1381 1127 virtute
1405 1071 1674 1126 nominatissimum
1694 1073 1850 1129 Gratianus

1015 1164 1117 1215 contra
1133 1161 1262 1215 Firmum
1277 1160 1423 1215 ordinavit
1433 1161 1652 1231 imperatorem.
1663 1160 1850 1216 Theodosius

1015 1253 1122 1317 autem,
1141 1265 1210 1304 mox
1232 1252 1263 1303 ut
1278 1248 1374 1303 faetus
1390 1252 1436 1303 est
1450 1249 1619 1318 imperator,
1637 1248 1771 1303 subactis
1786 1249 1852 1304 har-

1015 1337 1155 1393 barorum
1169 1339 1310 1409 gentihus
1326 1337 1506 1407 moriente,
1522 1337 1691 1406 Thraciam,
1712 1338 1749 1392 ab
1773 1338 1852 1392 omni

1016 1427 1162 1482 bellorum
1176 1427 1301 1496 strepitu
1315 1426 1460 1481 liberavit.
1478 1425 1536 1481 Sed
1557 1429 1586 1480 et
1596 1425 1753 1482 Gratianus
1768 1427 1851 1481 Hun-

1016 1531 1072 1571 nos
1087 1520 1116 1571 et
1130 1515 1242 1570 Gothos
1258 1516 1374 1587 magnis
1389 1514 1501 1587 praeliis
1516 1516 1685 1586 superavit,
1701 1520 1730 1570 et
1745 1516 1849 1572 urbem

1016 1603 1298 1674 Constantinopolim
1318 1604 1413 1659 vietor
1435 1603 1563 1658 intravit.
1588 1604 1702 1659 interea
1728 1619 1800 1660 vero
1821 1605 1851 1661 in

1017 1693 1176 1748 Britanniae
1190 1693 1324 1763 partibus
1342 1693 1487 1747 Maximus
1503 1692 1637 1764 quidam,
1653 1693 1699 1746 vir
1713 1694 1852 1749 strenuus

1017 1785 1046 1837 et
1059 1783 1182 1854 imperio
1198 1782 1320 1854 dignus,
1333 1782 1428 1836 sinon
1440 1783 1542 1836 contra
1551 1781 1763 1853 rempublicam
1773 1781 1850 1852 aspi-

1018 1875 1126 1940 rasset,
1149 1871 1333 1941 tyrannidem
1349 1871 1481 1940 arripuit.
1500 1869 1595 1941 Cujus
1614 1869 1775 1940 praeieetus
1789 1871 1852 1925 hu-

1018 1960 1160 2031 dragatus
1180 1959 1350 2016 Gratianum
1370 1958 1437 2014 dolo
1460 1963 1488 2013 et
1503 1958 1622 2014 insidiis
1637 1959 1795 2014 interiecit.
1816 1961 1852 2013 ht

1019 2049 1253 2117 Valentinianae,
1270 2048 1371 2102 fratris
1386 2064 1459 2102 naara
1473 2050 1632 2118 comperta,
1650 2047 1726 2118 fugit
1740 2048 1770 2102 in
1785 2046 1853 2118 Ilip-

1018 2140 1123 2208 rieum,
1139 2139 1243 2196 dicens
1259 2137 1338 2209 quod
1353 2137 1410 2191 hoc
1425 2137 1534 2192 malum
1547 2136 1650 2191 matris
1667 2152 1768 2206 causa,
1788 2153 1853 2208 quae

1019 2225 1854 2296 Arianaerat,sustineret.TheodosiusveroArchandium

1020 2333 1108 2372 suum
1130 2317 1222 2371 lilium
1242 2316 1320 2386 apud
1343 2314 1628 2384 Constantinopolim
1649 2314 1855 2385 imperatorem

1017 2406 1201 2477 relinquens,
1228 2406 1263 2459 ad
1283 2404 1441 2459 vindictam
1464 2403 1593 2458 Gratiani
1622 2404 1800 2473 properavit.
1816 2403 1851 2458 Et

1017 2494 1086 2550 dum
1106 2494 1142 2548 ad
1170 2493 1282 2548 ltaliam
1305 2493 1395 2563 venit,
1422 2492 1552 2547 occurrit
1574 2492 1603 2546 ei
1628 2491 1849 2548 Valentinianus

1016 2582 1110 2651 Quem
1124 2582 1311 2638 Theodosius
1327 2585 1448 2652 paterna
1462 2581 1568 2653 pietate
1590 2581 1733 2652 suscepit,
1749 2596 1785 2636 ae
1799 2582 1851 2636 de·

1016 2689 1097 2728 mum
1112 2673 1204 2742 Alpes
1216 2671 1416 2741 transmeavit,
1433 2674 1461 2726 et
1476 2669 1635 2743 Maximum
1653 2670 1741 2740 eoepit
1756 2674 1785 2726 et
1799 2686 1851 2725 oc·

1019 2763 1100 2817 cidit.
1133 2762 1322 2832 Andragatus
1345 2776 1427 2830 vero,
1458 2760 1579 2815 Maximi
1605 2775 1678 2814 nece
1702 2764 1850 2831 comperta

1017 2851 1200 2923 praeeipitem
1210 2866 1279 2905 sese
1290 2850 1321 2904 in
1329 2851 1424 2904 undas
1431 2849 1520 2904 dedit.
1531 2848 1848 2920 lgiturValentinianus

1014 2941 1118 3013 junior
1141 2941 1171 2994 in
1195 2955 1289 3012 reguo
1314 2939 1508 3008 constitutus,
1539 2939 1686 2992 exstincto
1720 2938 1846 2993 Maximo

123 3044 140 3084 a
155 3029 265 3102 quibus
280 3027 373 3099 prima
384 3028 548 3083 rudimenta
559 3028 627 3082 tidai
638 3031 845 3098 susceperunt.
861 3027 960 3083 Sedet
979 3065 1006 3129 c
1019 3029 1154 3102 ciusdem
1170 3029 1230 3083 tllio
1242 3029 1329 3097 viclo,
1340 3041 1427 3098 quem
1439 3027 1645 3097 imperatorem
1656 3026 1749 3082 Gallis
1761 3027 1849 3104 Maxi-

126 3117 241 3173 Vultida
261 3117 381 3188 quidam
397 3133 499 3173 eorum
524 3117 695 3188 episcopus,
713 3116 802 3187 cujus
826 3117 958 3187 episcopi

124 3207 216 3262 verba
232 3206 317 3278 quasi
333 3207 418 3279 leges
434 3207 601 3262 immobiles
613 3207 839 3276 conservabant,
856 3206 959 3261 Gothi-

126 3311 177 3350 cas
193 3295 305 3349 litteras
317 3296 476 3364 adinvenit,
493 3299 521 3350 et
532 3299 688 3367 utrumque
699 3296 919 3350 Testamentum
931 3295 959 3349 in

62 3447 66 3455 ⁸
124 3381 257 3455 linguam
280 3385 429 3454 propriam
444 3385 591 3439 transtulit
611 3388 639 3438 et
655 3385 818 3439 seeundum
834 3385 960 3440 Ariano-

125 3487 191 3527 rum
206 3474 317 3526 sectam
332 3472 512 3542 depravavit.
527 3472 588 3542 lpsi
598 3473 819 3544 deniqueGothi
829 3477 961 3543 postmo-

125 3559 224 3614 dicum
240 3560 426 3614 intervallum
441 3561 561 3614 avaritia
570 3561 689 3614 Maximi
700 3561 785 3616 ducis
795 3562 870 3617 fame
882 3579 960 3616 com·

126 3649 216 3721 pulsi,
233 3665 249 3703 a
266 3648 387 3705 Valente
403 3649 583 3720 deiecerunt,
600 3653 629 3704 et
644 3665 697 3720 per
711 3649 867 3705 Thraciam
891 3667 960 3706 sese

125 3737 313 3794 diffuderunt.
326 3737 433 3793 Contra
442 3754 518 3810 quos
531 3739 641 3794 Valens
653 3755 800 3811 egressus
816 3740 961 3794 deAntio·

126 3827 192 3884 chia
215 3828 326 3883 bellum
348 3827 613 3883 instructissimum
636 3829 759 3898 paravit.
783 3828 840 3882 Ubi
862 3829 962 3885 statim

124 3918 219 3988 primo
240 3917 466 3990 congressionis
489 3917 608 3989 impetu,
633 3917 814 3972 conturbatae
830 3918 961 3988 equitum

124 4011 230 4061 turmae
250 4007 328 4061 nuda
344 4007 474 4077 peditum
490 4007 650 4060 deseruere
665 4006 815 4076 praesidia.
833 4006 960 4078 Moxque

125 4093 261 4166 legiones
277 4095 438 4150 eorundem
448 4095 578 4165 peditum
593 4095 723 4167 equitatu
735 4095 960 4151 hostiumundi-

126 4198 184 4254 que
199 4183 313 4253 cinctae,
330 4183 505 4254 sagittarum
520 4183 650 4238 nubibus
666 4184 779 4238 obrutae
799 4185 959 4255 perierunt.

124 4271 193 4342 lpse
220 4286 291 4327 vero
314 4271 474 4342 imperator
493 4272 644 4326 sauciatus
668 4288 735 4326 enm
754 4273 784 4326 iu
805 4272 961 4344 cujusdam

54 4419 57 4424 ,
124 4360 234 4416 villuloe
250 4376 319 4415 casa
333 4359 437 4415 lateret
450 4360 660 4429 absconditus,
678 4362 714 4417 ab
732 4361 961 4433 insequentibus

125 4450 263 4508 hostibus
288 4450 506 4520 deprehensus
528 4449 665 4522 subjecto
692 4451 761 4522 igne
786 4467 864 4505 casae
888 4467 961 4506 con-

125 4544 262 4611 sumptus
278 4544 324 4594 est
339 4539 455 4595 decimo
471 4540 573 4611 quinto
590 4540 705 4610 imperii
721 4540 767 4594 sni
783 4556 870 4594 anno.

210 4632 280 4685 Car.
299 4629 367 4684 VII.
385 4630 428 4684 Dc
446 4629 590 4684 Gratiano
606 4635 635 4683 et
656 4628 870 4684 Valentiniano.

157 4736 325 4808 Gratianus,
357 4736 553 4792 Valentiniani
569 4735 664 4807 silius,
681 4736 802 4791 Valente
823 4737 962 4791 defuncto

29 4832 36 4841 ‘
122 4820 277 4896 imperavit
288 4843 355 4881 cum
366 4826 456 4880 fratre
465 4843 521 4880 suo
532 4825 650 4897 juniore
664 4826 867 4880 Valentiniano
875 4825 961 4879 annis

123 4928 189 4969 sex.
200 4913 257 4968 lste
273 4914 326 4968 fuit
336 4914 382 4968 vir
392 4919 420 4970 et
432 4916 606 4985 catholicus,
617 4917 815 4984 elmodestuS,
828 4915 961 4969 etadmo-

124 5003 195 5058 dum
219 5001 375 5071 litteratuS,
400 5020 509 5073 parcus
535 5020 654 5075 quoquc
678 5006 746 5074 cibi,
777 5008 805 5059 et
828 5004 961 5058 libidinis

124 5092 228 5147 victor.
259 5091 320 5145 Sed
338 5107 404 5145 cum
434 5093 700 5148 exereitumsuum
728 5094 904 5167 negligeret,
934 5096 961 5147 et

125 5180 268 5238 Romanis
283 5180 426 5235 militibus
435 5197 547 5251 paucos
558 5197 595 5235 ex
611 5182 724 5251 Alanis,
737 5198 813 5253 quos
824 5180 961 5237 aurosibi

123 5270 306 5338 devinxerat,
322 5267 497 5340 anteferret,
513 5270 543 5324 in
568 5269 677 5325 Africae
693 5272 827 5341 partibus
843 5269 961 5326 Firmus

123 5359 243 5434 quidam
259 5358 395 5414 excitatis
411 5374 484 5431 erga
499 5373 533 5414 se
549 5357 718 5414 Maurorum
733 5360 876 5431 gentibus
889 5376 961 5431 pur-

123 5461 228 5524 puram
253 5449 390 5522 sumpsit,
411 5451 440 5503 et
455 5446 588 5503 Africam
602 5449 631 5505 et
646 5447 850 5505 Mauritaniam
869 5449 962 5505 deva·

121 5543 202 5597 stare
217 5537 316 5611 eoepit.
332 5537 592 5611 Caesaraugustam
615 5535 703 5593 eliam
719 5535 874 5609 Hispaniae
890 5536 962 5594 civi-

123 5631 212 5695 tatem
231 5628 448 5690 nobilissimam
470 5626 537 5688 dolo
552 5630 667 5704 captam
683 5625 820 5687 barbaris
835 5627 866 5685 iu
881 5643 962 5704 prae·

1018 3135 1085 3174 mus
1100 3118 1269 3188 reliquerat,
1287 3116 1351 3187 ipse
1367 3116 1396 3170 in
1410 3116 1521 3170 Gallias
1538 3131 1571 3169 se
1586 3115 1707 3186 recepit,
1724 3116 1776 3171 ubi
1787 3132 1853 3170 cum

1017 3207 1203 3279 tranquillam
1228 3205 1439 3276 rempublicam
1467 3206 1498 3259 in
1526 3219 1598 3275 paee
1627 3208 1748 3277 ageret,
1776 3205 1854 3276 apud

1018 3297 1162 3351 Viennam
1186 3295 1253 3350 dolo
1278 3294 1457 3366 Arbcgastis
1482 3295 1597 3348 comilis
1615 3295 1672 3364 sui,
1698 3294 1853 3363 utferunt,

1018 3386 1221 3458 strangulatus
1237 3387 1292 3439 est.
1315 3385 1428 3439 Mortuo
1454 3384 1545 3455 igitur
1570 3382 1774 3439 Valentiniano
1791 3386 1852 3438 Au-

1017 3481 1116 3547 gusto,
1135 3476 1320 3546 hrhogastes
1336 3473 1503 3544 Eugenium
1511 3478 1667 3544 tyrannum
1683 3489 1752 3528 mox
1762 3473 1853 3542 irnpe-

1017 3570 1145 3620 ratorem
1170 3580 1271 3618 creare
1291 3578 1384 3617 ausus
1400 3566 1456 3618 est.
1473 3563 1560 3634 Legit
1578 3562 1676 3633 itaque
1691 3562 1850 3632 hominem,

1018 3656 1064 3708 cui
1081 3653 1233 3726 cingulum
1251 3651 1438 3722 imperatoris
1452 3651 1617 3722 imponeret
1631 3652 1695 3720 ipse
1710 3655 1853 3706 aucturus

1017 3742 1182 3812 imperium.
1200 3742 1326 3812 Moxque
1349 3741 1394 3794 vir
1413 3741 1463 3794 ille
1487 3741 1585 3797 auimo
1610 3741 1757 3794 barbarus
1786 3757 1853 3795 cum

1018 3832 1078 3886 lilio
1103 3846 1200 3898 inanu,
1218 3830 1349 3898 audacia,
1367 3828 1553 3900 potentiaque
1571 3830 1691 3899 nimius,
1707 3829 1854 3885 contruxit

1017 3920 1189 3974 innumeras
1214 3920 1316 3989 copias
1338 3918 1384 3973 vel
1411 3920 1611 3973 ltomauorum
1635 3918 1786 3990 praesidiis
1805 3917 1853 3972 vel

1018 4009 1138 4064 auxiliis
1155 4008 1349 4063 barbarorum
1363 4007 1433 4061 alibi
1449 4006 1508 4062 sibi
1523 4010 1678 4078 potestate,
1695 4006 1767 4062 alibi
1782 4022 1853 4062 vero

1019 4099 1195 4170 eognatione
1213 4098 1368 4152 subnixas.

1161 4187 1231 4242 Can.
1250 4186 1326 4240 Vlll.
1344 4186 1387 4242 De
1408 4185 1570 4241 Theodosio
1584 4185 1703 4258 diuque.

1054 4277 1242 4332 Theodosius
1261 4276 1352 4347 igitur
1368 4275 1504 4346 Magnus,
1520 4276 1659 4330 Gratiano
1680 4276 1858 4345 imperatore

976 4367 1168 4449 Ddefunetc,
1185 4366 1341 4435 imperavit
1359 4366 1445 4419 annis
1461 4363 1640 4435 quindecim.
1659 4363 1764 4434 Porro,
1781 4365 1860 4418 sieut

1019 4457 1129 4510 dictum
1144 4452 1858 4524 est,interfectojunioreValentinian0‚Eugenins

1020 4548 1048 4599 et
1059 4545 1244 4616 hrbogastes
1260 4543 1422 4596 instructas
1436 4543 1518 4596 acies
1534 4542 1646 4612 eampis
1662 4543 1859 4611 expedierant

1020 4639 1048 4689 et
1064 4634 1181 4704 Alpium
1196 4633 1253 4686 alta
1268 4632 1369 4699 latera,
1387 4631 1607 4702 imperviosque
1622 4632 1765 4685 transitus
1781 4646 1857 4701 prae·

1019 4723 1123 4778 missis
1148 4722 1252 4777 callide
1273 4721 1391 4774 insidiis
1412 4723 1640 4790 occupaverant,
1657 4719 1714 4774 etsi
1729 4734 1855 4774 numero

1019 4813 1066 4866 vel
1091 4812 1207 4865 viribus
1237 4811 1381 4878 impares,
1404 4809 1468 4863 sola
1491 4813 1587 4862 tamen
1609 4808 1680 4862 helii
1707 4808 1856 4879 positione

1019 4902 1159 4955 victores.
1183 4903 1221 4953 nt
1244 4913 1314 4952 vero
1330 4897 1518 4952 Theodosius
1539 4896 1569 4950 in
1587 4897 1713 4950 summis
1728 4897 1856 4966 Alpibus

1020 4991 1208 5059 constitutus,
1231 5003 1339 5057 expers
1351 4986 1446 5041 somni
1459 5001 1492 5039 ae
1509 4985 1578 5054 eibi,
1598 4986 1698 5039 sciens
1714 4986 1794 5056 quod
1810 4985 1858 5039 de·

1019 5081 1165 5135 stitutuse
1176 5093 1252 5146 suis,
1264 5074 1491 5144 nesciensquod
1502 5074 1748 5143 claususalienis,
1761 5074 1857 5129 Domi-

1021 5185 1091 5225 num
1107 5167 1257 5222 Christum
1273 5167 1357 5220 sotus
1373 5165 1469 5219 solum
1485 5164 1536 5235 qui
1551 5164 1648 5234 possit
1661 5165 1769 5234 omnia,
1787 5179 1856 5218 ccr-

1018 5273 1090 5330 pore
1106 5257 1186 5313 humi
1202 5256 1299 5324 tusus,
1316 5258 1413 5309 mente
1432 5253 1507 5309 coelo
1522 5252 1600 5307 fixus
1616 5253 1727 5308 orabat.
1742 5253 1855 5309 Deinde

1018 5351 1116 5404 autem
1132 5348 1290 5417 postquam
1309 5344 1476 5399 insomnem
1491 5343 1607 5398 noctem
1622 5357 1745 5413 precum
1758 5342 1855 5398 couti·

1019 5437 1157 5496 nuatione
1167 5434 1322 5506 transegit,
1335 5437 1363 5490 et
1373 5437 1477 5503 ustas,
1485 5448 1560 5506 quas
1573 5433 1604 5488 in
1613 5448 1737 5505 precum
1746 5433 1856 5506 praesi-

1020 5524 1395 5599 diicceiestisappenderat,
1408 5521 1604 5595 lacrymarum
1609 5521 1731 5580 lacunas
1737 5522 1857 5598 reliquit

1020 5622 1195 5687 fiducialiter
1206 5638 1287 5680 arma
1302 5619 1451 5697 corripuit.
1464 5618 1612 5696 Solusque
1623 5621 1725 5680 sciens
1740 5634 1857 5680 sesses
