3816 6030
645 311 960 389 piscennium,
975 345 1015 363 -
1029 311 1110 377 me.
1126 282 1179 375 vv.

43 311 107 373 721
1724 318 1796 390 ⁷22:

43 513 112 569 Tar.
131 513 235 569 Xblll.
255 513 324 579 Quae
334 513 428 579 servi,
442 529 504 585 quae
514 512 706 582 mercenarii,
717 518 746 568 et
758 529 820 585 quea
831 511 888 567 dlii
899 493 934 567 A:
946 512 1088 584 obtulisti,
1103 529 1161 570 non
1176 514 1273 570 solum
1284 513 1420 588 gloriam,
1431 515 1645 588 sedhonorem,
1657 517 1797 590 ᾳιιίΙειιι-Δ

297 601 409 658 offerre
424 602 552 657 debeant
569 601 640 657 Deo.
945 602 1043 656 dando
1056 602 1235 674 glorificant,
1261 605 1410 675 operando
1436 605 1630 676 honorantur,
1650 607 1681 662 in
1696 606 1784 664 malie

87 690 888 760 :tiferteDcmiandfiiDei,aflerteDominodfiosarie·
945 692 1049 746 saltem
1067 691 1193 763 gloriam
1208 693 1317 747 nomini
1335 693 1412 764 eiua,
1439 695 1488 765 qui
1505 693 1573 766 eius
1594 695 1784 768 disciplinam

50 787 113 835 tum
129 781 223 850 (Psal.
240 782 356 843 xxviii).
371 780 493 835 Sicutin
504 780 636 853 tegentia
647 783 693 834 est
708 780 888 850 hostiaprin·
944 778 1072 849 laudant,
1089 781 1225 850 quamvis
1241 797 1300 835 non
1316 783 1494 838 custodiant.

49 872 163 941 cipum,
190 870 246 924 alia
268 870 467 938 sacerdotum,
488 871 544 923 elia
565 885 737 941 pauperum,
764 869 809 924 sic
831 869 888 923 alia
979 870 1041 923 Tm.
1060 869 1164 923 XLIV.
1190 869 1267 934 Quid
1281 872 1322 924 sit
1337 871 1508 926 adorarem
1525 873 1603 928 atrio
1617 872 1747 930 Domini.

50 960 193 1013 convenit
207 958 278 1027 titio,
304 959 360 1013 etia
377 975 475 1027 servo,
503 959 559 1013 alia
584 959 778 1014 mercenario.
795 958 888 1014 Servo
970 956 1784 1036 AdorateDominuminatriosanctoejustPsal.xxv111)

50 1048 799 1120 sufficitproterroregehennaedematispoenitere3
809 1063 888 1102 mer·
944 1045 1088 1117 Superius
1103 1045 1218 1101 hostias
1241 1045 1347 1102 offerre
1362 1049 1615 1120 praecipimur3bic
1626 1050 1785 1109 intuendo·

52 1137 139 1191 cedis
151 1152 240 1190 causa
257 1138 466 1192 mercenarios
480 1137 564 1191 mulis
576 1137 726 1192 abstinere
738 1153 745 1206 ;
760 1136 820 1191 tilio
835 1152 889 1206 pa·
943 1133 1164 1205 rarejubcmur·
1178 1136 1266 1190 Prius
1275 1136 1465 1192 naintremus
1474 1139 1562 1194 vacui
1571 1155 1578 1209 ;
1588 1141 1734 1213 secundo,
1744 1156 1783 1199 ae

53 1243 121 1280 rum
138 1229 183 1280 cst
194 1242 246 1295 pro
257 1230 338 1296 patre
351 1226 474 1281 Domino
486 1227 613 1280 animam
627 1242 747 1297 ponere.
760 1225 890 1280 Pertinet
945 1227 1058 1280 stemus
1074 1224 1173 1278 otiosi.
1185 1223 1215 1278 Si
1232 1223 1395 1280 claustrum
1411 1241 1480 1281 cum
1497 1231 1565 1283 voto
1581 1228 1783 1299 professionis

53 1314 92 1368 ad
104 1331 211 1369 servos
227 1315 323 1385 itaque
339 1316 518 1385 penitentia,
536 1316 572 1369 ad
584 1316 785 1370 mercenarios
796 1315 890 1369 absti-
946 1313 1784 1388 etabrcnuntiationetuiipsiusingressuses,atriumcum
1877 1303 1886 1311 ’

55 1404 165 1471 nentia,
184 1403 252 1457 filiis
268 1405 405 1476 congruit
425 1405 573 1474 patientia.
591 1405 621 1460 Si
638 1406 705 1476 quis
721 1405 812 1476 igitur
825 1407 892 1458 tan·
948 1402 1055 1457 hostiis
1070 1402 1196 1457 intrasti.
1213 1402 1244 1457 Si
1263 1407 1360 1458 autem
1375 1404 1416 1459 ibi
1430 1404 1564 1460 instituta
1578 1405 1692 1477 regulae
1708 1421 1783 1463 con·

55 1509 146 1563 quam
162 1494 227 1546 ovis
238 1492 274 1546 ed
286 1493 466 1547 occisionem
479 1494 596 1548 ducitur
606 1496 634 1548 et
645 1510 744 1548 coram
754 1493 893 1549 tondente
949 1492 1087 1562 servasti,
1101 1494 1129 1546 et
1139 1491 1269 1563 subjecti
1279 1490 1501 1548 omnihumanae
1513 1497 1796 1567 creaturaepropter-

56 1597 92 1635 sc
108 1598 167 1635 non
183 1582 277 1650 aperit
297 1598 331 1636 os
347 1599 443 1653 suum,
461 1583 625 1637 interfilios
646 1586 825 1650 numeratur,
843 1582 894 1654 qui
950 1582 1054 1651 Deum,
1070 1597 1130 1635 non
1144 1580 1339 1637 solumbonis
1355 1585 1384 1636 et
1398 1583 1553 1653 modestis,
1570 1583 1624 1638 sed
1635 1584 1786 1657 etiamdy·

57 1668 186 1724 clici-unt
210 1670 441 1725 filiosarietum.
470 1672 572 1740 Servo,
590 1672 639 1743 qui
657 1687 715 1726 non
732 1670 895 1726 sufficitad
951 1671 1053 1737 scotis,
1071 1670 1242 1725 nonsolum
1258 1671 1784 1746 majoribussedetiamminoribue,

57 1762 169 1812 mutam
179 1759 316 1829 bostiam,
329 1759 440 1814 sufficit
451 1759 557 1815 oller-re
566 1764 709 1815 turturem
720 1760 767 1815 vel
779 1760 893 1815 colum·
951 1777 1004 1830 per
1019 1760 1115 1815 omnia
1132 1759 1286 1830 obedistis,
1298 1760 1447 1815 humiliter
1462 1761 1493 1816 in
1507 1761 1581 1816 atrio
1592 1761 1709 1819 Domini
1719 1763 1787 1819 adc-

58 1849 139 1917 bam,
152 1849 318 1920 plangendo
331 1852 359 1903 et
369 1850 515 1921 gemendo
529 1852 615 1921 quasi
627 1850 795 1905 columbino
807 1854 893 1904 cantu
911 1810 937 1871 Β
953 1850 1035 1903 ratis.
1053 1849 1185 1903 Adorare
1201 1849 1279 1903 enim
1294 1854 1339 1904 ost
1354 1853 1445 1904 totum
1460 1866 1571 1921 corpus
1587 1851 1675 1908 etiam
1690 1867 1788 1925 usque

60 1936 246 1991 satisfacere.
261 1938 471 2006 btcrcenariuS,
484 1940 619 2009 quamvis
630 1939 798 2009 petulantiae
810 1942 838 1993 et
848 1938 894 1992 di·
953 1939 990 1992 ad
1013 1937 1105 2008 pedes
1125 1942 1153 1992 et
1176 1937 1276 1992 infima
1301 1938 1415 1993 scilicet
1433 1939 1565 1993 membra
1585 1943 1796 2010 prosternere..

59 2026 197 2080 lectionis
223 2027 340 2081 baedum
356 2031 470 2096 mactat,
483 2043 519 2082 ne
535 2029 702 2082 mercedem
716 2028 836 2096 amittet,
853 2027 890 2082 ad
953 2026 1026 2082 Cum
1041 2027 1147 2081 hostiis
1163 2042 1235 2099 ergo
1247 2026 1351 2082 intrate
1362 2027 1536 2083 inchoantes
1547 2029 1658 2083 arctam
1671 2028 1750 2084 viam
1760 2031 1791 2085 et

59 2116 268 2170 holocaustum
284 2116 363 2187 bgni
377 2117 554 2171 immaculati
569 2134 628 2171 non
645 2117 729 2171 tacite
744 2117 893 2188 pertingit.
953 2116 1155 2188 ingredientes
1171 2120 1327 2188 angustam
1342 2120 1465 2186 portam.
1483 2116 1617 2189 Ingressi
1629 2110 1789 2174 adoratcin

59 2204 91 2258 Si
108 2205 553 2276 ergoadadoptionemtiliorum
566 2207 734 2276 suspiratis,
747 2207 895 2276 patientiae
953 2205 1054 2260 habitu
1070 2204 1235 2277 religioniS,
1252 2208 1319 2261 voto
1334 2205 1581 2276 professionis,et
1590 2205 1733 2262 institutis
1743 2221 1789 2263 re·

58 2309 157 2364 agnos
173 2292 273 2348 allertc
286 2294 420 2350 Domino.
437 2296 503 2349 Non
518 2299 615 2350 autem
630 2311 734 2367 agnae,
747 2296 801 2350 sed
817 2294 896 2350 dfios
952 2295 1043 2367 gulae,
1059 2295 1090 2348 in
1109 2295 1196 2349 domo
1216 2294 1381 2366 disciplina
1398 2295 1536 2350 omnibus
1553 2294 1679 2351 obedite.

59 2369 189 2437 arietum
205 2384 285 2453 dicit,
311 2384 389 2454 quod
414 2385 492 2439 idem
515 2389 568 2449 est,
587 2389 618 2440 ut
631 2386 748 2456 quoties
764 2384 895 2456 perfecta
954 2383 1016 2438 Tar.
1033 2383 1123 2437 XLV.
1136 2384 1181 2438 De
1190 2383 1292 2438 cedris
1302 2383 1412 2438 Libani
1418 2383 1582 2439 confractis
1591 2383 1623 2437 in
1632 2382 1788 2441 benetali-

59 2473 498 2544 operababeredesidemmus,
511 2475 698 2529 ndDominici
717 2474 821 2547 gregis
839 2475 895 2528 du·
1148 2473 1240 2544 gioso,
1260 2479 1288 2527 et
1304 2473 1342 2528 de
1362 2472 1473 2544 duplici
1491 2471 1591 2528 vitafo.

59 2577 113 2616 ces
129 2561 288 2631 prophetas
300 2565 327 2616 et
341 2563 493 2632 apostolos
508 2580 708 2634 reem-ramae,
721 2568 749 2618 et
764 2562 896 2634 siqualia
996 2560 1058 2616 Vox
1075 2561 1195 2616 Domini
1210 2561 1433 2633 confringentis
1443 2561 1564 2616 cedros:
1574 2566 1604 2616 et
1619 2558 1791 2634 confringet

59 2651 207 2704 habemus
223 2650 381 2719 desideria,
402 2651 469 2704 talin
482 2656 510 2706 et
524 2652 600 2706 dicta
617 2652 692 2707 facta
710 2652 895 2724 geminantes

59 2739 169 2793 imitari
185 2743 213 2793 ot
227 2740 339 2793 nutrire
356 2740 521 2811 studemus,
537 2742 615 2795 filios
626 2742 749 2797 arietum
761 2742 895 2796 immola-

60 2845 139 2882 mus
156 2827 276 2882 ittierte
286 2829 386 2900 igitur,
399 2835 448 2883 aut
459 2831 582 2885 Domino
592 2831 711 2898 afferte,
721 2830 767 2885 bis
779 2833 897 2901 ponitur

59 2916 173 2985 afferte,
190 2920 220 2972 ut
235 2917 332 2972 hostia
348 2918 521 2989 duplicetur,
538 2937 592 2990 pro
608 2921 725 2991 gemine
736 2920 821 2975 stola.
840 2921 896 2975 Pro

61 3006 389 3076 stolacorporisatlertc
402 3009 895 3080 Dominobostiambonaeactiouis,

952 2650 1096 2705 Dominus
1112 2650 1220 2706 cedros
1235 2650 1353 2721 Libani,
1366 2646 1790 2720 etc.(Psal.xxv111).Difflcile

953 2743 1001 2795 est
1015 2743 1044 2794 et
1054 2739 1139 2811 quasi
1149 2739 1488 2810 impossibilecamelum
1503 2738 1699 2809 perforamen
1715 2753 1789 2795 acus

953 2830 1089 2894 transire,
1098 2845 1151 2883 cor
1165 2828 1309 2883 tumidum
1325 2827 1651 2898 superbiaobedientiae
1661 2829 1790 2902 angusta

953 2921 1120 2989 penetrare3
1137 2918 1191 2972 sed
1204 2917 1281 2988 apud
1292 2917 1439 2985 homines,
1449 2932 1509 2971 non
1519 2916 1598 2986 apud
1613 2916 1718 2987 Deum,
1738 2915 1790 2990 qui

955 3005 1324 3078 quaecunquevoluitfecit,
1333 3005 1626 3074 nonsolumincoelo,
1639 3005 1790 3063 sedetiam

61 3111 115 3165 pro
130 3096 206 3150 stola
221 3097 338 3166 mentia,
356 3098 482 3152 bostiam
504 3099 559 3168 piae
576 3100 752 3155 devotionis.
770 3099 824 3165 Qui
840 3100 896 3154 ho·
916 3092 1791 3187 0interra,idestnonsoluminillisquorumcorcstintellie

61 3185 147 3238 stiam
164 3201 223 3239 non
246 3186 384 3256 duplicat,
402 3187 510 3258 duplici
528 3189 702 3243 contritione
716 3193 894 3244 conteretur.
953 3185 1340 3260 gentialucidumdirectum
1351 3183 1508 3252 incoelum,
1525 3184 1553 3237 et
1567 3197 1653 3237 mens
1664 3181 1790 3239 firmain

60 3273 177 3327 Dictum
186 3275 263 3328 enim
272 3279 317 3329 ost
330 3277 448 3331 :Nolite
461 3278 567 3331 timere
578 3295 629 3333 cos
640 3279 690 3351 qui
699 3269 804 3350 corpus
817 3279 896 3333 occi·
953 3280 1041 3344 terre,
1052 3275 1145 3330 sedin
1155 3275 1232 3331 mari
1238 3272 1412 3329 etomnibus
1420 3271 1542 3345 abyssis
1551 3269 1642 3335 (Psel.
1655 3269 1789 3343 cxxxiv),

61 3363 143 3427 dam
158 3364 327 3419 ariirmcnon
339 3366 449 3419 babent
462 3367 531 3438 quid
541 3367 652 3422 iaciant
668 3368 783 3428 titfattb.
796 3373 838 3423 xl.
856 3368 897 3423 Et
952 3364 1319 3436 videlicetquibabentcor
1337 3377 1470 3416 amarum
1484 3359 1790 3433 etinstabileutmare3

61 3451 129 3506 ideo
145 3453 203 3522 ipsi
215 3458 284 3508 sunt
295 3455 409 3508 Domini
428 3460 514 3524 terra,
530 3473 589 3511 non
604 3458 734 3512 Domini:
752 3457 837 3512 Ilium
857 3458 896 3512 ti·
951 3455 1082 3510 animum
1096 3452 1288 3508 tenebrosum
1302 3456 1333 3506 ut
1347 3451 1501 3522 abyssum,
1514 3449 1584 3506 iecit
1594 3449 1789 3521 quodvoluit,

61 3547 149 3605 ariete,
168 3542 209 3595 illi
226 3559 346 3598 munera
358 3543 459 3600 afferte
472 3547 521 3618 qui
530 3552 629 3616 potest
641 3553 669 3601 et
686 3548 811 3601 animam
826 3547 896 3601 mit-
953 3545 1003 3617 qui
1014 3544 1051 3598 ad
1066 3547 1219 3614 aspectum
1232 3544 1360 3597 suamet
1375 3540 1460 3595 vocis
1479 3540 1641 3595 tonitruum
1652 3537 1792 3596 contrivit

63 3636 130 3685 tere
145 3631 176 3684 in
194 3632 359 3702 geliennam
376 3633 476 3704 (ibid).
496 3634 604 3691 Allerte
620 3637 739 3693 domino
760 3653 895 3707 corpora,

61 3717 163 3774 afferto
180 3720 242 3775 Deo
257 3722 402 3791 spiritum.
421 3724 549 3780 Primum
564 3727 635 3797 Deo,
648 3729 716 3797 quia
730 3727 897 3781 dominatur

62 3808 93 3862 in
109 3810 281 3877 aetcrnitate3
293 3813 425 3867 secundo
443 3814 577 3883 Domino,
600 3817 667 3887 quia
683 3816 851 3871 dominatur
867 3817 896 3870 in

62 3901 207 3967 tempore.
238 3898 361 3955 Domitio
386 3904 454 3973 quia
482 3904 529 3958 cui
546 3905 608 3958 vult
621 3906 709 3959 donat
723 3904 895 3974 temporalia

59 3986 138 4040 bona
154 3988 200 4042 vel
217 3989 290 4043 mela
304 4006 311 4059 3
324 3990 449 4046 Domino
464 3992 580 4060 iterum,
597 3995 664 4064 quia
680 3995 730 4065 qui
741 3994 894 4064 placuerit,

55 4075 383 4148 dabitaeternapraemia
394 4081 441 4135 vel
453 4083 606 4137 tormenta.
615 4082 649 4136 Et
657 4086 724 4137 nota
733 4100 895 4155 congruam

55 4164 217 4219 verborum
233 4167 462 4224 distinctionem.
477 4171 808 4238 Affc1·teflcmino,dlii
827 4173 893 4227 Dei.

56 4251 140 4306 Sicut
149 4254 227 4308 Deus
236 4255 396 4312 bonitatem
408 4263 503 4328 sonet,
513 4261 549 4313 ita
560 4261 893 4331 Dominuspotestatem.

56 4340 137 4395 Satis
153 4359 190 4396 ex
206 4344 260 4397 bac
286 4346 474 4402 distinctione
500 4349 595 4403 innuit
617 4350 695 4420 quod
711 4350 763 4405 filii
779 4366 894 4419 sumne,

953 3650 1057 3691 omnes
1069 3634 1184 3687 montes
1194 3631 1383 3702 arrogantiae,
1395 3628 1563 3685 incurvavit
1578 3627 1671 3683 colles
1682 3641 1790 3699 auper-

953 3724 1022 3793 bim,
1039 3725 1068 3777 et
1083 3721 1219 3792 deposuit
1234 3719 1425 3792 pomaireda
1444 3718 1536 3782 sede„
1550 3718 1620 3789 quia
1642 3732 1701 3771 vox
1715 3731 1789 3772 eon-

953 3811 1111 3884 fringentis
1128 3811 1233 3865 cedros
1250 3812 1278 3864 et
1289 3811 1377 3864 etiam
1386 3807 1493 3862 cedros
1505 3805 1621 3885 bibam.
1636 3805 1711 3871 Aliae
1721 3805 1793 3878 sunt

954 3902 1033 3957 cedri
1043 3901 1168 3955 aliorum
1178 3897 1331 3967 montium,
1343 3896 1478 3952 Libanus
1487 3893 1696 3951 decandidatio
1706 3893 1793 3949 inter

952 3981 1790 4063 pretaturDecandidaticautemsanctorumestjimtiticm

952 4082 1003 4135 tio.
1016 4070 1793 4137 Undeloannes113issinumenimsuntsunctidcatioe

953 4169 1162 4240 nesjustorum
1173 4167 1210 4235 (A
1212 4181 1277 4237 poc.
1290 4169 1361 4230 xix).
1372 4163 1457 4219 Unde
1466 4162 1620 4235 voxjusti:
1633 4160 1733 4238 Super
1743 4160 1791 4216 ni·

956 4275 1020 4312 vem
1029 4255 1192 4312 dealbabor
1206 4254 1297 4314 tPsaf.
1308 4255 1345 4324 n).
1359 4253 1394 4308 Et
1405 4252 1521 4308 Domini
1532 4268 1537 4307 :
1549 4252 1585 4306 Si
1593 4251 1790 4324 fuerintpec·

955 4353 1020 4402 cata
1031 4343 1174 4417 vestra[ut
1184 4340 1601 4416 coccinum](lsa.1).Gunrtalis
1612 4340 1790 4399 decandida-

59 4431 215 4486 servitium
231 4434 362 4490 debitum
378 4438 564 4508 exhibemus,
583 4439 713 4494 debitum
729 4444 775 4494 est
788 4440 897 4494 benetl·
911 4451 938 4514 1)
954 4438 994 4492 tio
1006 4435 1134 4491 creverit
1148 4434 1359 4501 inmontem,et
1368 4431 1450 4487 attoli
1461 4430 1584 4502 coeperit
1597 4429 1785 4501 superatios:

58 4519 148 4574 cium.
159 4521 279 4578 Afferte
290 4524 413 4581 Domino
420 4528 546 4598 gloriam
557 4534 585 4583 et
593 4528 744 4603 bonorem.
757 4530 790 4583 ln
801 4529 896 4598 primo

57 4610 897 4688 versubisponituretlerte.PrimopropternoS,secundo

58 4704 182 4769 propter
196 4704 360 4771 proximos
383 4705 481 4759 l’rimo
497 4706 532 4759 ad
550 4708 695 4775 meritum,
713 4708 845 4761 secundo
861 4707 898 4761 ad

61 4791 239 4858 excerptum.
252 4791 360 4864 thuia
371 4796 497 4865 proximi
509 4796 558 4849 elii
568 4796 635 4850 boni
647 4796 695 4849 alii
706 4796 783 4865 mali,
792 4795 900 4849 alferte

62 4878 187 4935 Domino
200 4881 335 4952 gloriam,
349 4887 378 4937 ct
393 4885 448 4938 hoc
464 4889 584 4954 propter
598 4885 705 4954 hence,
723 4883 831 4940 afferte
841 4883 902 4955 plo·

62 4969 139 5024 riam
157 4971 268 5025 nomini
278 4974 343 5043 ejus
358 4979 478 5044 propter
498 4975 601 5029 malos.
620 4976 651 5030 Si
671 4975 742 5029 boui
762 4973 899 5028 videntes

63 5074 152 5128 opera
163 5064 262 5114 vestra
273 5062 360 5131 bona,
374 5065 451 5134 quod
462 5066 576 5120 scilicet
585 5065 662 5119 filios
674 5065 797 5119 arictum
810 5061 900 5119 oller·

63 5149 112 5217 tis,
127 5153 155 5203 et
169 5165 258 5220 opera
273 5155 509 5209 nransuetudinis
530 5155 656 5223 bebetis,
673 5154 767 5208 Deum
781 5153 900 5208 laudant

64 5241 94 5292 et
109 5238 138 5291 in
155 5239 321 5309 eisoperari
333 5243 462 5313 student,
474 5243 625 5297 obtulistis
637 5243 762 5297 Domino
774 5242 900 5314 gloriam

65 5330 94 5381 et
110 5328 262 5383 bonorem.
280 5329 431 5385 Laudibus
448 5333 525 5386 enim
533 5330 815 5403 glorificaturDeus,
827 5345 899 5401 ope·

66 5416 150 5471 ribus
162 5417 332 5473 bonoratur,
345 5421 467 5491 Propter
477 5421 572 5474 bonos
582 5418 769 5492 ergoeiferte
778 5419 901 5474 Donrino

66 5504 383 5576 gloriatinatllertelieo
388 5510 514 5581 gloriam
522 5517 550 5563 et
561 5509 902 5579 bonm·e1n.l'ropterma·

67 5594 124 5663 los,
138 5595 189 5666 qui
203 5598 311 5652 mutari
326 5599 437 5668 nolunt,
456 5599 567 5654 nomini
575 5599 649 5670 ejas,
667 5601 698 5652 ut
713 5598 810 5652 solum
821 5596 900 5669 quod

67 5685 286 5755 reprehendant
300 5704 360 5744 non
373 5689 534 5746 inveniunt.
545 5689 577 5744 ln
587 5687 676 5744 bonis
691 5703 764 5760 ergo
775 5684 900 5743 Domino

956 4543 1023 4581 cnm
1038 4541 1071 4580 sc
1083 4524 1199 4580 seilicet
1213 4523 1370 4594 quisquam
1381 4536 1521 4592 magnum
1535 4518 1682 4590 putaverit
1692 4519 1791 4573 etcae-

955 4616 1026 4671 teris
1039 4614 1227 4682 sanctiorem,
1242 4614 1338 4665 natam
1354 4610 1434 4665 scias
1450 4607 1614 4675 cedrumin
1625 4604 1792 4677 [albiensi

955 4708 1052 4760 autem
1066 4718 1161 4774 nuper
1175 4701 1211 4754 de
1222 4699 1334 4755 saeculo
1345 4698 1462 4761 venisti,
1477 4701 1606 4767 etsuper
1619 4694 1677 4750 lroc
1687 4693 1786 4753 adhuc

955 4810 1008 4865 pro
1019 4792 1125 4847 litteris
1139 4790 1199 4844 tuis
1208 4789 1254 4843 vel
1269 4785 1405 4858 pecuniis
1421 4785 1551 4857 tejactas
1568 4786 1596 4839 et
1607 4781 1726 4839 extollis
1734 4799 1789 4856 per

955 4882 1136 4938 nobilitatem
1147 4878 1268 4951 generis
1278 4875 1326 4930 vel
1337 4891 1390 4946 pro
1401 4873 1492 4930 babiti
1504 4873 1627 4929 bonoris
1636 4872 1791 4947 dignitate,

954 4972 1057 5026 talium
1072 4969 1215 5024 elationes
1224 4964 1306 5021 cedri
1316 4963 1452 5036 quaedam
1463 4965 1542 5032 sunt,
1556 4963 1610 5018 sed
1624 4961 1793 5035 Libaninon

957 5063 1035 5127 suut,
1052 5058 1121 5131 quia
1135 5057 1170 5112 dc
1182 5054 1320 5110 vanitatis
1336 5053 1491 5126 nigredine
1506 5068 1566 5108 non
1582 5050 1794 5131 desanctitatis

956 5148 1160 5205 candidatione
1184 5146 1320 5218 surgunt.
1346 5141 1475 5209 Quodsi
1497 5141 1528 5195 in
1545 5140 1692 5213 principio
1705 5140 1794 5213 bonae

956 5234 1192 5294 conversationis
1208 5238 1277 5301 tuae,
1304 5231 1494 5287 secularium
1517 5246 1692 5302 pomparum
1711 5226 1795 5286 cedri

957 5328 1137 5394 minuuntur,
1160 5339 1217 5378 vor
1230 5320 1350 5378 Domini
1365 5323 1411 5375 est
1435 5318 1657 5391 confringentis
1671 5317 1790 5386 cedros.

955 5416 991 5472 Et
1007 5416 1032 5471 si
1048 5416 1123 5470 forte
1138 5411 1336 5484 postmodum,
1353 5412 1384 5465 ut
1400 5409 1462 5464 lieri
1475 5409 1637 5479 solet,post
1651 5404 1788 5476 instituta

956 5521 1055 5577 opera,
1071 5502 1158 5576 quasi
1168 5502 1204 5556 de
1218 5499 1349 5572 perfecta
1364 5498 1548 5553 institutione
1564 5495 1690 5569 surgant
1705 5510 1791 5567 quae-

955 5595 1022 5649 dam
1037 5606 1211 5665 magnarum
1226 5589 1386 5645 elationum
1402 5586 1493 5656 cedri,
1508 5584 1596 5669 addet
1608 5581 1751 5638 Dominus
1762 5585 1792 5645 et

957 5682 1023 5739 illas
1039 5680 1239 5754 confringere,
1256 5676 1326 5751 quia
1342 5674 1510 5749 confringet
1525 5671 1669 5759 Dominus
1684 5670 1793 5761 cedrog
