3796 6022
82 251 142 319 179

474 254 695 320 APPENDIX
716 256 774 318 Ab
796 252 988 322 HUGONIS
1011 255 1156 320 OPERA
1179 255 1446 321 DOGMA'I'ICA.

1758 249 1820 323 180

84 471 128 512 es.
141 455 182 512 Te
197 454 244 528 da,
256 457 285 512 et
294 455 420 513 habebis
433 456 515 512 illud.
528 457 603 524 Quid
614 458 744 513 turbaris
756 457 792 513 de
803 458 921 530 pretio?
935 438 965 500 Α
980 472 1064 528 spem
1072 457 1297 527 misericordie,
1311 456 1364 511 sed
1380 457 1457 513 unde
1469 457 1555 513 etiam
1566 458 1671 514 audeat
1683 459 1816 531 aspirare

83 545 221 602 Christus
232 546 425 618 semetipsum
436 547 568 617 tradidit,
585 551 617 602 ut
628 548 796 619 acquireret
806 550 833 602 te
846 563 917 620 reg-

83 651 154 691 uum
165 635 226 691 Deo
237 635 326 691 Petri.
341 637 381 690 lta
392 640 422 691 tu
432 638 621 708 temetipsum
636 637 682 707 da,
696 641 728 692 ut
739 638 782 692 sis
794 654 921 709 reguum

84 725 162 798 ejus,
170 739 205 780 ae
216 741 272 780 aon
283 729 549 797 repnetpeecatam
560 728 590 781 in
601 731 648 782 tuo
656 726 776 782 mortali
784 742 917 798 corpore,

84 813 141 870 sed
148 813 310 886 spiritusin
318 815 544 885 acquisitionem
556 816 726 885 ritaellfom.
735 816 787 886 vr).
795 814 920 870 Oauima

83 917 148 958 mea
171 905 354 957 revertamur
379 903 416 957 ad
442 904 781 972 civitatem'coelestem,
808 905 837 959 in
863 921 920 976 qua

84 990 187 1062 scripti
202 1006 307 1046 sumus
318 995 346 1046 et
358 993 439 1047 cives
451 993 572 1048 decreti.
584 993 667 1049 Sicut
678 1010 750 1067 ergo
762 992 846 1049 eires
856 1011 922 1049 san-

84 1085 205 1145 ctorum,
219 1084 249 1134 et
260 1080 417 1135 domestici
427 1082 492 1148 Dci,
507 1089 536 1138 et
552 1083 629 1138 sieut
645 1084 784 1139 haeredes
794 1083 859 1149 Dei,
874 1100 920 1138 co·

82 1168 326 1225 haeredesautcm
339 1170 456 1225 Christi
466 1171 644 1244 (ftomam),
656 1172 880 1228 consideremus
890 1173 920 1229 in

980 547 1015 600 ed
1026 547 1144 618 nuptias
1156 546 1257 616 Verbi,
1269 550 1375 601 etcum
1387 546 1448 601 Deo
1457 547 1532 602 inire
1543 547 1639 603 faedus
1652 548 1814 617 societatis,

979 639 1066 708 atque
1088 652 1154 690 eum
1175 651 1247 707 rege
1270 636 1444 707 angelorum
1467 636 1577 692 ducere
1600 653 1692 693 suave
1706 637 1814 709 jugum

979 725 1099 779 amoris.
1116 725 1188 779 Haec
1204 725 1301 779 omnia
1313 724 1381 778 facit
1392 741 1475 782 amor
1485 725 1511 779 si
1523 727 1619 780 auimo
1631 727 1769 782 exhibeat
1781 742 1814 782 se

979 814 1105 869 similem
1121 814 1183 869 Deo
1198 830 1250 885 per
1260 814 1450 883 voluntatem,
1464 815 1510 869 cui
1522 815 1630 870 similis
1642 819 1688 870 est
1699 832 1751 887 per
1763 833 1813 872 na·

978 906 1084 970 turam,
1101 903 1229 974 diligens
1246 903 1323 956 sicut
1338 903 1443 957 dilecta
1458 907 1513 957 est.
1528 904 1616 959 Solus
1629 908 1766 960 astemoe
1776 922 1813 959 ex

979 991 1116 1045 omnibus
1126 992 1231 1046 animae
1240 992 1380 1059 motibus,
1389 992 1541 1060 sensibus,
1550 996 1636 1064 etque
1645 992 1811 1063 affectibus,

978 1081 1008 1135 in
1018 1096 1076 1152 quo
1085 1083 1182 1152 potest
1193 1085 1327 1135 creature
1339 1084 1367 1135 ct
1377 1081 1404 1134 si
1415 1097 1474 1135 nou
1486 1097 1524 1136 ex
1535 1097 1620 1153 aequo
1631 1083 1813 1152 respondere

978 1169 1080 1239 actori,
1093 1170 1138 1223 rel
1151 1169 1186 1223 do
1196 1169 1594 1241 similimutuamrepaudare
1603 1171 1709 1225 vicem.
1722 1172 1814 1226 Amor

83 1258 190 1330 clytem
204 1261 316 1313 nostrae
331 1260 415 1315 urbis
431 1261 611 1332 felicitatem,
628 1262 800 1333 inquantum
818 1263 919 1316 cousi·
977 1259 1027 1312 ubi
1043 1259 1158 1313 venerit
1173 1261 1300 1314 coeteros
1317 1275 1421 1314 omnes
1441 1259 1471 1313 in
1486 1275 1520 1314 se
1534 1259 1661 1314 traducit
1676 1263 1705 1315 et
1720 1261 1812 1331 capti-

83 1346 188 1402 derare
201 1348 347 1419 possibile
363 1354 418 1404 est.
437 1351 577 1406 Dicamus
589 1367 661 1425 ergo
674 1368 741 1406 cum
752 1351 916 1422 Propheta:
978 1350 1026 1402 vat
1040 1347 1174 1402 aflectus.
1192 1349 1285 1402 Amor
1299 1364 1398 1418 perse
1416 1349 1539 1417 sufficit,
1555 1364 1609 1420 per
1624 1365 1657 1405 se
1671 1347 1768 1421 placet
1783 1351 1811 1405 et

85 1434 109 1491 0
124 1436 348 1509 quamploriosa
360 1438 517 1495 dictasunt
528 1441 564 1496 de
576 1446 613 1508 te,
628 1441 805 1496 cirilasllci
813 1441 823 1494 l
834 1441 919 1495 Sicut
978 1439 1097 1507 propter
1112 1453 1155 1492 se.
1174 1437 1240 1508 lpse
1257 1440 1303 1492 ast
1318 1439 1464 1506 meritum,
1482 1438 1546 1510 ipse
1561 1439 1731 1511 praemium,
1749 1439 1813 1510 ipse

83 1524 669 1586 laetantiumomniumbabitatioestinle.
680 1529 831 1585 Fundanis
840 1531 918 1584 enim
977 1541 1078 1596 eausa,
1092 1527 1156 1596 ipse
1168 1525 1293 1595 fructus,
1307 1527 1370 1597 ipse
1383 1543 1467 1582 usus.
1480 1528 1538 1582 Per
1548 1544 1677 1583 amorem
1689 1527 1813 1599 conjun-

85 1612 919 1690 ersultetioneuuirersmterrac(Psal.uxxxvr).Noncst
980 1615 1078 1687 gimur
1093 1615 1164 1670 Deo.
1182 1617 1274 1670 Amor
1294 1615 1364 1670 facit
1387 1617 1464 1671 idem
1487 1617 1564 1672 velta
1585 1620 1614 1673 ιι
1629 1617 1706 1672 idem
1722 1617 1810 1687 nolle,

83 1703 115 1759 iu
129 1705 158 1758 ιι
172 1707 323 1775 senectus,
339 1722 395 1761 nec
411 1708 573 1762 senectutis
588 1709 718 1763 miseria.
731 1709 797 1763 Non
808 1711 855 1763 est
864 1724 917 1761 na·
977 1719 1060 1758 amor
1075 1703 1145 1758 facit
1159 1704 1242 1775 prius
1258 1721 1358 1760 mores
1375 1721 1563 1777 componere,
1582 1710 1610 1762 et
1624 1707 1813 1778 postmodum

85 1807 153 1861 uus,
168 1807 225 1848 uec
240 1792 380 1865 claudus,
397 1812 452 1850 uec
467 1797 629 1869 gibbosus,
646 1812 742 1868 neque
758 1796 916 1867 deformis,
976 1793 1073 1847 omnia
1085 1810 1150 1864 quae
1162 1793 1416 1866 adsunttnnquam
1427 1812 1486 1850 uou
1497 1796 1595 1851 adsint
1606 1797 1808 1862 considerare,

85 1883 155 1937 dum
170 1897 274 1938 omnes
289 1888 432 1939 oceuruut
447 1887 587 1940 invirum
599 1886 776 1958 perfectum,
794 1887 825 1940 in
838 1902 917 1940 rnen·
975 1883 1061 1937 tertio
1076 1898 1148 1938 vero
1164 1883 1229 1938 loco
1247 1885 1354 1938 munda
1377 1885 1476 1939 cordis
1496 1886 1559 1940 acie
1575 1900 1705 1957 superna
1719 1888 1748 1940 ιι
1764 1885 1810 1939 iu·

84 1986 184 2028 suram
198 1972 299 2028 etatis
304 1972 503 2044 plenitudinis
515 1975 632 2030 Christi
640 1975 764 2047 (Epiros.
776 1977 827 2045 ιιι).
843 1974 920 2041 Quid
976 1975 1059 2027 terna
1076 1972 1260 2042 conspicere.
1283 1973 1341 2028 Per
1362 1988 1492 2030 amorem
1510 1975 1636 2045 primum
1651 1974 1681 2028 in
1697 1973 1810 2029 saeculo

84 2060 141 2116 liae
153 2060 213 2116 vita
224 2059 351 2127 beatius,
367 2062 418 2117 ubi
427 2071 538 2118 nonest
546 2070 733 2137 paupertatis
743 2072 847 2130 metus,
862 2081 918 2119 uon
977 2061 1053 2116 bene
1069 2065 1213 2133 geruntur
1227 2063 1362 2131 honeste,
1380 2063 1568 2134 postmodum
1584 2063 1670 2117 etiam
1685 2063 1810 2119 honeste

84 2150 277 2222 aegritudinis
291 2150 512 2208 imbecillitas?
527 2154 621 2209 Nemo
638 2154 763 2225 laeditur,
780 2154 920 2209 irascitur
978 2152 1082 2206 soeculi
1093 2152 1306 2222 despiciuntur,
1318 2152 1353 2206 ad
1365 2155 1529 2207 extremum
1541 2153 1627 2207 etiam
1642 2152 1696 2207 Dei
1709 2152 1810 2208 intime

85 2254 183 2309 nemo,
192 2255 279 2294 uemo
291 2241 411 2312 invidet,
424 2243 569 2313 cupiditas
580 2243 659 2298 nulla
670 2245 848 2313 exardescit,
859 2242 921 2298 uul-

84 2327 147 2382 lum
162 2329 221 2383 eibi
237 2328 433 2400 desiderium,
455 2331 534 2386 nulle
551 2332 673 2387 honoris
689 2333 787 2402 pulsat
801 2337 849 2388 aut
864 2349 919 2403 po·

85 2417 202 2472 testatis
218 2418 353 2489 ambitio,
371 2421 471 2475 nullus
491 2421 532 2476 ibi
551 2421 659 2476 diaboli
675 2425 785 2490 metus,
801 2422 918 2476 insidiae

86 2505 255 2562 daemonum
265 2508 364 2580 nullae,
376 2512 474 2565 terror
484 2511 628 2583 gehennoe
640 2511 753 2582 procul,
763 2528 844 2567 mors
855 2511 919 2566 uul-

84 2595 114 2650 le
124 2610 221 2668 neque
232 2599 377 2669 corporis,
390 2615 486 2671 neque
499 2600 615 2670 animae,
628 2600 682 2656 sed
694 2601 919 2656 immortalitatis

85 2701 209 2741 munere
220 2686 353 2760 jucunda
369 2689 438 2744 vita.
456 2689 543 2744 Nulla
561 2691 616 2745 erit
630 2692 699 2745 tunc
714 2706 841 2762 usquam
856 2691 919 2746 dis-

87 2775 203 2849 cordia,
226 2778 280 2833 sed
303 2781 408 2834 cuncta
429 2796 574 2850 consona,
595 2783 700 2836 cuneta
716 2780 919 2836 concremantia

86 2863 156 2937 quia
176 2867 307 2923 omnium
330 2872 500 2924 sanctorum
524 2870 579 2925 erit
600 2886 658 2925 uua
674 2870 841 2926 concordia.
858 2871 920 2924 Pax

84 2956 172 3012 cunta
186 2957 216 3013 ιι
228 2955 329 3013 laetitia
350 2959 492 3029 continet,
516 2960 673 3032 tranquilla
693 2963 763 3017 suut
778 2960 875 3015 omnia
891 2962 920 3015 et

978 2241 1211 2311 conspiciuntur.
1229 2241 1309 2295 Deus
1322 2241 1408 2296 Pater
1417 2241 1546 2295 charitas
1556 2244 1611 2296 est.
1624 2241 1705 2296 Deus
1717 2240 1810 2296 Filius

978 2330 1107 2384 charitas
1123 2334 1182 2400 est,
1205 2330 1332 2401 Spiritus
1349 2333 1470 2386 sauctus
1492 2346 1574 2385 amor
1590 2331 1686 2385 Patris
1702 2334 1730 2384 et
1745 2329 1810 2384 Filii

978 2423 1025 2473 est
1040 2419 1105 2473 haec
1121 2419 1260 2490 eharitaS,
1273 2424 1301 2475 et
1311 2421 1376 2475 haec
1387 2420 1516 2475 charitas
1528 2420 1638 2491 aliquid
1649 2419 1746 2475 simile
1761 2434 1810 2474 ra-

978 2507 1067 2578 quirit
1082 2508 1112 2561 in
1128 2507 1226 2577 nobis,
1243 2509 1369 2563 scillicet
1385 2509 1565 2578 charitatem,
1578 2524 1635 2581 qua
1644 2508 1726 2563 velut
1736 2524 1810 2579 qua-

978 2596 1043 2651 dam
1060 2596 1200 2652 affinitate
1212 2598 1478 2670 consanguinitatis
1490 2598 1515 2652 ei
1527 2598 1684 2668 sociemur,
1698 2601 1727 2653 at
1737 2612 1809 2652 cou-

975 2685 1147 2758 jungamur.
1171 2687 1263 2741 Amor
1286 2687 1439 2759 diguitatis
1463 2688 1585 2742 nescius
1613 2686 1810 2741 reverentiam

978 2777 1082 2832 nescit.
1095 2775 1150 2841 Qui
1162 2779 1239 2830 amat
1249 2792 1302 2847 per
1312 2777 1445 2847 seipsum
1460 2776 1635 2832 fiducialiter
1649 2775 1763 2832 accedit
1773 2775 1809 2830 ud

978 2865 1085 2935 Deum,
1102 2866 1285 2921 familiariter
1299 2866 1429 2937 loquitur
1449 2867 1491 2936 ιι,
1514 2865 1586 2920 nihii
1601 2865 1719 2934 timeus,
1736 2863 1809 2920 nihil

978 2955 1131 3010 haesitans.
1148 2955 1247 3012 Perdit
1262 2956 1341 3028 quod
1355 2956 1437 3025 vivit,
1455 2956 1505 3026 qui
1520 2955 1612 3011 Deum
1627 2971 1687 3010 uon
1702 2954 1807 3026 diligit.

83 3045 191 3117 quieta.
208 3046 297 3121 Jugis
312 3048 464 3120 splendor,
481 3066 540 3105 uon
556 3049 611 3106 iste
628 3051 678 3122 qui
694 3066 772 3106 nuuc
787 3053 847 3120 est,
864 3049 918 3105 sed
938 3043 1032 3133 QQui
1047 3048 1143 3101 autem
1158 3044 1269 3117 diligit,
1294 3044 1415 3100 occulos
1439 3060 1512 3100 suos
1536 3059 1654 3115 semper
1669 3043 1757 3099 hebet
1772 3042 1809 3097 ad

81 3137 164 3192 tanto
175 3133 283 3193 clarior
292 3141 402 3209 quanto
413 3138 539 3194 felicior.
550 3138 623 3205 Quia
633 3140 751 3207 civitas,
760 3139 916 3212 utlsgitur,

83 3224 920 3301 illaaonegebitluminesolis,sodllominuscmnipotens

82 3313 919 3391 illuminabiteam,etlucernaejusestApnus(Apoc.xxr)

85 3403 920 3479 misanoeilelpebnmmstelleinperpetmseternna-

86 3492 600 3565 tes,elsicutsplondordrmameati
608 3496 920 3568 quietudiuntmultos

83 3580 172 3654 (Dan.
183 3580 246 3653 111).
258 3580 442 3654 Quapropter
452 3599 511 3638 nox
521 3584 563 3638 ibi
573 3584 662 3655 nulla,
675 3585 764 3640 nulloe
775 3586 917 3658 tenebrae,

85 3685 253 3727 concursus
273 3671 395 3726 nubium
418 3672 532 3742 nulius,
550 3689 604 3728 nec
620 3673 741 3746 frigoris
764 3674 918 3732 ardorisve

85 3761 232 3832 asperitas
260 3759 338 3830 ulla,
363 3761 417 3816 sed
441 3761 508 3817 talis
532 3762 588 3818 erit
612 3778 711 3817 rerum
739 3764 916 3835 temperies,

86 3865 170 3922 ᾳιιιιιι
182 3865 237 3906 uec
247 3848 347 3905 oculus
357 3850 441 3914 ridit,
455 3866 509 3905 neo
520 3851 604 3906 auris
614 3852 737 3919 audivit,
753 3869 806 3908 nec
821 3853 852 3908 in
868 3870 920 3910 cor

84 3937 216 3994 bominis
226 3938 362 3994 aseendit
372 3939 402 4008 (l
411 3939 478 3996 Cor.
492 3940 731 4010 11),nisiiilorum
743 3941 792 4012 qui
805 3957 838 3996 ea
849 3958 918 4013 per-

84 4025 145 4082 frui
156 4026 238 4099 digni
249 4026 449 4097 inveniuntur,
462 4045 587 4100 quorum
598 4031 716 4085 uomina
728 4031 838 4100 scripte
850 4035 919 4086 sunt

84 4114 117 4171 in
131 4114 208 4172 libro
222 4115 301 4171 vitm.
320 4117 429 4172 Verum
450 4134 541 4189 super
560 4119 625 4174 heac
639 4120 737 4174 omnia
751 4121 919 4175 consociari

86 4204 188 4262 choris
209 4205 383 4276 angolorum
407 4209 435 4261 et
458 4207 719 4280 archangelorum,
745 4212 831 4280 atque
854 4224 918 4263 om-

84 4294 167 4351 nium
190 4294 355 4350 coelestium
379 4296 533 4366 virtutum,
560 4297 667 4353 intueri
687 4298 870 4369 patriarchas
891 4301 920 4353 et

978 3134 1081 3203 Deum,
1097 3150 1186 3206 quem
1200 3134 1305 3207 diligit,
1322 3151 1410 3207 quem
1426 3134 1584 3204 desideret,
1596 3135 1626 3188 iu
1643 3148 1702 3205 quo
1718 3132 1809 3186 medi·

976 3227 1063 3295 tatur,
1081 3224 1111 3279 iu
1126 3239 1184 3295 quo
1199 3224 1369 3293 delectetur,
1387 3224 1417 3279 in
1428 3239 1485 3295 quo
1499 3222 1640 3294 pascitur,
1657 3226 1686 3277 ιι
1701 3222 1808 3292 impiu-

977 3316 1093 3384 guatur.
1112 3313 1170 3368 lste
1184 3313 1252 3367 talis
1268 3313 1312 3367 sic
1327 3312 1453 3368 devotus
1468 3314 1506 3366 ita
1518 3315 1623 3381 cantat,
1636 3312 1675 3366 ita
1686 3311 1768 3384 legit,
1780 3312 1809 3366 ιι

976 3403 1007 3456 iu
1015 3402 1153 3458 omnibus
1164 3403 1306 3472 operibus
1315 3402 1380 3457 suis
1389 3402 1434 3456 sic
1443 3405 1489 3457 est
1498 3402 1640 3471 providus
1649 3404 1678 3456 et
1687 3401 1810 3455 circum·

976 3494 1108 3562 spectus,
1118 3492 1204 3562 quasi
1215 3491 1295 3546 Deus
1306 3491 1384 3545 adsit
1393 3506 1529 3561 praesens
1537 3494 1604 3546 aute
1614 3489 1719 3546 oculos
1728 3488 1806 3561 ejus,

976 3581 1053 3635 sicut
1068 3596 1173 3636 revere
1188 3580 1282 3635 adast.
1299 3581 1341 3634 lta
1357 3582 1420 3634 orat
1435 3580 1522 3652 quasi
1538 3580 1578 3635 sit
1591 3582 1764 3650 assumptus
1780 3579 1809 3633 ιι

975 3672 1171 3741 presentatus
1182 3672 1249 3725 ante
1261 3669 1366 3724 faciem
1377 3667 1542 3740 Maiestatis
1554 3669 1583 3723 in
1592 3668 1713 3724 excelso
1724 3668 1807 3723 thro-

975 3775 1023 3827 no,
1040 3759 1089 3814 ubi
1106 3759 1185 3813 milia
1200 3758 1324 3813 millium
1339 3758 1508 3814 ministrant
1522 3758 1549 3814 ei
1570 3760 1600 3812 ιι
1618 3757 1720 3812 (ιιιιιι
1735 3772 1807 3812 cen·

973 3850 1041 3903 tene
1055 3848 1146 3903 millia
1160 3847 1306 3903 assistunt
1322 3847 1349 3902 ei
1363 3848 1450 3917 (Dan.
1467 3845 1529 3919 vn).
1547 3847 1698 3914 Animam,
1719 3861 1807 3917 quam

974 3937 1074 3992 visitat
1088 3952 1179 4006 emor,
1204 3936 1406 4008 expergefacit
1429 3935 1637 4004 dormientem,
1661 3937 1761 3990 movet
1779 3937 1809 3990 et

974 4026 1085 4082 emollit
1102 4042 1176 4096 eam,
1193 4029 1222 4080 et
1231 4027 1368 4080 vulnerat
1379 4041 1432 4081 cor
1441 4025 1519 4096 ejus,
1531 4025 1690 4081 tenebrosa
1701 4024 1807 4079 illumi-

975 4121 1033 4186 nat,
1051 4116 1133 4172 close
1149 4118 1277 4184 reserat,
1299 4115 1407 4187 frigida
1427 4115 1596 4185 inflammet,
1613 4117 1741 4170 mentem
1756 4129 1808 4169 as-

974 4220 1075 4275 peram
1091 4208 1119 4259 et
1134 4204 1324 4273 irascibilem,
1342 4207 1371 4259 ιι
1386 4204 1583 4275 impatientem
1599 4204 1723 4276 mitigat,
1740 4202 1809 4258 vitia

975 4295 1068 4367 fugat,
1081 4295 1216 4350 carnales
1229 4293 1352 4349 affectus
1364 4294 1538 4363 comprimit,
1551 4309 1650 4347 mores
1661 4293 1808 4360 emendat3

84 4383 260 4456 prophetas,
276 4384 377 4440 videre
393 4386 545 4455 apostotos
563 4391 650 4458 atque
664 4402 768 4442 omues
784 4390 916 4457 sanctos,
932 4387 961 4449 D
976 4384 1117 4439 reformat
1131 4387 1159 4438 et
1169 4384 1289 4439 innovat
1299 4383 1444 4453 spiritum,
1457 4383 1580 4437 lubricae
1591 4382 1687 4437 aetatis
1697 4384 1805 4450 motus,

84 4473 188 4530 videre
202 4475 289 4531 etiem
304 4477 442 4544 parentes
458 4479 598 4546 nostros3
614 4475 745 4549 gloriosa
756 4480 826 4530 suut
841 4476 916 4548 haec,
976 4477 1119 4544 actusque
1133 4474 1216 4528 leves
1228 4476 1353 4528 coercet.
1372 4473 1444 4526 Haec
1455 4472 1552 4526 ornnia
1563 4471 1632 4526 facit
1643 4486 1726 4528 emor
1740 4485 1807 4525 eum

84 4564 140 4620 sed
160 4564 253 4621 multo
275 4563 438 4638 gloriosius
462 4567 509 4620 est
531 4568 709 4636 praesentem
732 4565 786 4620 Dei
805 4565 918 4620 vultum
975 4566 1182 4633 praeseusest3
1194 4560 1807 4631 cumveroabsccsserit,itaiucipitauima

85 4654 919 4727 cernere,incirconscriptumlumeuvidere.Superexeel·

82 4741 151 4799 lens
166 4743 262 4815 gloria
277 4743 333 4800 erit
347 4760 414 4800 cum
429 4744 522 4801 Deum
532 4744 699 4800 videbimus
710 4743 740 4798 iu
752 4743 917 4815 seipso,vi-

83 4829 222 4887 dabimus
236 4833 265 4886 et
278 4832 456 4889 habebimus
467 4833 497 4889 in
505 4833 603 4904 nobis,
616 4848 704 4906 quem
715 4848 838 4889 eernere
848 4832 917 4889 fluis

84 4918 211 4975 estsine
226 4919 295 4977 tine.

84 5004 154 5063 Gne.
169 5007 222 5065 IX.
233 5009 342 5066 Anime
351 5026 405 5066 cur
414 5012 457 5066 sit
466 5012 664 5069 similitudine
672 5012 730 5068 Dei
736 5012 874 5084 praedita,
886 5015 917 5067 et

119 5095 159 5152 ad
172 5102 308 5169 quautam
323 5113 363 5153 ex
376 5113 410 5154 ea
425 5114 461 5154 re
476 5115 557 5172 spem
568 5108 599 5157 ιι
608 5101 745 5157 lduoiam
754 5115 916 5172 assurgere

121 5184 227 5252 valeat,
246 5191 276 5241 ιι
289 5186 327 5241 de
343 5188 455 5243 amoris
470 5189 574 5243 animm
585 5191 616 5244 in
627 5191 720 5245 Derim
731 5190 860 5244 meritis.

117 5274 224 5331 Anima
247 5274 359 5348 insigni
386 5276 440 5332 Dei
469 5277 596 5350 imagine
625 5278 750 5349 illustris
775 5278 915 5334 similitu-

82 5367 182 5424 dinem
203 5363 293 5421 habet
315 5364 345 5419 iu
374 5381 444 5420 sese
472 5382 510 5420 ex
538 5367 613 5437 Deo,
641 5383 698 5438 quo
723 5368 916 5422 admoneatur

82 5468 202 5529 semper
224 5457 274 5510 aut
297 5456 376 5509 stara
407 5470 475 5510 cum
503 5469 557 5524 ao,
586 5458 635 5510 aut
662 5455 760 5511 redire
786 5457 811 5511 si
836 5458 914 5511 mota

82 5547 147 5603 suis
162 5541 317 5601 affectibus
334 5545 392 5600 imo
404 5543 570 5600 defectibus
582 5543 680 5599 fuerit.
693 5543 728 5600 Et
743 5560 801 5600 nou
818 5545 916 5599 solum

80 5635 171 5697 babet
192 5633 271 5704 unde
294 5634 442 5711 respirare
467 5634 499 5692 iu
526 5649 611 5711 spem
632 5634 729 5691 veniae
752 5634 840 5708 queat
861 5648 916 5705 per

972 4650 1074 4728 jecere
1089 4651 1239 4722 languida,
1256 4666 1290 4704 ac
1306 4650 1332 4704 si
1349 4650 1459 4705 cacabo
1473 4649 1608 4704 bullienti
1621 4648 1808 4704 subtraxeris

976 4741 1086 4813 ignem.
1103 4741 1210 4812 Magna
1226 4755 1275 4794 res
1291 4743 1336 4794 cst
1351 4754 1443 4808 amor,
1456 4754 1514 4810 quo
1530 4738 1689 4809 auimaper
1699 4739 1808 4793 semet·

975 4830 1070 4900 ipsam
1085 4829 1260 4885 fiducialiter
1274 4828 1389 4883 accedit
1401 4828 1437 4883 ad
1448 4827 1551 4898 Deum,
1565 4828 1626 4882 Deo
1637 4830 1809 4883 constanter

974 4919 1109 4988 inhaeret,
1126 4919 1218 4973 Deum
1233 4917 1417 4972 familiariter
1429 4920 1629 4988 percontetur,
1647 4915 1809 4971 consultat-

974 5024 1031 5079 que
1047 5009 1083 5063 de
1097 5007 1175 5062 omni
1188 5022 1230 5062 ra.
1242 5005 1347 5060 Anima
1359 5022 1425 5077 quae
1436 5009 1522 5074 amat,
1535 5005 1609 5060 nihil
1619 5004 1700 5059 atiud
1709 5007 1809 5075 potest
1834 5056 1845 5072 ,

974 5097 1116 5168 cogitare,
1128 5095 1201 5150 nibil
1212 5095 1304 5167 toqui,
1317 5099 1424 5150 caetera
1435 5093 1604 5163 coutemnit,
1617 5093 1714 5148 omnia
1725 5092 1809 5149 fasti·

973 5185 1024 5254 dit,
1036 5184 1179 5256 quidquid
1191 5184 1356 5254 meditetur,
1374 5183 1516 5256 quidquid
1533 5182 1662 5254 loquitur
1677 5198 1809 5238 amorem

973 5275 1060 5346 sepit,
1076 5290 1206 5329 amorem
1221 5273 1347 5342 redolet,
1366 5273 1483 5328 itesam
1498 5288 1582 5326 amor
1597 5272 1649 5326 Dei
1665 5272 1725 5327 sibi
1739 5273 1808 5327 viu-

972 5365 1090 5418 dicavit.
1106 5363 1162 5429 Qui
1172 5364 1234 5419 vult
1244 5362 1354 5418 habere
1366 5362 1497 5417 notitiam
1509 5361 1572 5429 Dei,
1584 5365 1671 5415 amet.
1684 5360 1808 5416 Frustra

971 5453 1086 5508 accedit
1098 5453 1134 5508 ad
1149 5453 1319 5525 legendum,
1331 5453 1367 5505 ad
1379 5451 1590 5520 meditandum,
1601 5450 1638 5505 ad
1650 5451 1806 5521 orandum,

971 5543 1020 5615 qui
1037 5558 1095 5598 uon
1111 5546 1196 5597 amat.
1214 5542 1305 5597 Amor
1325 5540 1377 5596 Dei
1399 5556 1530 5596 amorem
1549 5539 1656 5595 animoa
1671 5540 1762 5611 parit,
1779 5543 1809 5596 et

972 5647 1036 5686 eam
1047 5632 1199 5688 intendere
1210 5630 1269 5686 sibi
1279 5630 1349 5686 fecit
1359 5645 1367 5701 3
1378 5633 1456 5685 amat
1465 5629 1545 5688 Deus
1554 5631 1587 5689 ut
1595 5632 1721 5688 emetur.
1731 5628 1805 5686 Cum
