3796 6022
136 214 220 347 4444

174 439 294 497 0444404
308 455 325 494 4
341 439 465 495 canibus
476 440 504 493 et
514 437 620 493 avibus
635 437 706 510 quid
722 438 770 510 sit,
785 437 848 495 690.

174 511 348 582 Compassio
363 511 479 581 triplex,
489 509 540 563 544
558 515 587 564 44
602 525 684 583 seqq.

173 583 410 653 Complatorium,
428 580 490 650 449,
505 581 568 636 443.

173 652 404 724 Compositionis
420 652 503 722 plura
524 667 594 706 esse
609 667 730 723 genera,
746 651 808 707 905.

173 723 494 793 Compunotioduplex,
507 723 568 792 844,
585 723 648 778 848.

151 795 291 922 ,0444444
308 795 524 868 margaritifera
539 799 568 849 et
587 793 654 865 ejas
672 793 793 849 moralis
812 792 967 867 significas

136 872 427 1008 110Concupiscentia
442 937 597 992 444404444
617 938 727 1008 partes,
744 935 807 991 544.

173 1009 331 1064 Confessio
346 1009 464 1078 duplex,
482 1015 510 1064 et
524 1009 603 1080 quad
619 1010 698 1062 Deus
715 1007 753 1061 sit
764 1008 843 1062 mitis
858 1008 886 1062 44
900 1022 969 1061 sua-

136 1082 195 1150 vis,
211 1081 273 1135 696.
283 1080 440 1135 044444444
448 1081 566 1150 triplex,
578 1079 640 1135 653.
653 1078 903 1134 Conlessionisde
914 1093 968 1132 ne-

138 1151 277 1208 cessitate
287 1168 395 1221 sermn,
409 1152 481 1206 4404
491 1152 569 1206 votis
579 1150 748 1217 reddendis,
765 1150 833 1204 4049
845 1155 874 1206 44
885 1165 966 1222 seqq.

137 1223 346 1279 Confessioais
357 1223 468 1294 gradus
480 1225 604 1292 septem,
614 1220 666 1275 856
681 1230 710 1275 44
725 1237 758 1275 44
780 1239 806 1293 q.

173 1294 354 1349 Conlessore
370 1294 406 1348 de
422 1293 552 1364 quolibet
567 1306 676 1362 sermo,
692 1291 743 1346 ubi
759 1238 794 1347 04
814 1291 968 1364 negligen-

137 1365 177 1422 tia
191 1366 220 1420 in
238 1366 290 1422 Dei
305 1366 437 1434 servitio,
452 1364 514 1435 966,
531 1363 593 1418 964.

137 1507 153 1564 f
173 1434 410 1562 angqqnationis
420 1433 716 1505 sacramentumquid
727 1435 775 1505 sit,
785 1434 968 1507 etquidcon-

151 1523 201 1564 era
295 1549 301 1562 .

173 1551 371 1634 Co’nsormitas
386 1577 497 1633 Christi
511 1575 668 1647 induenda,
684 1576 746 1632 507.

173 1648 351 1722 Conjugium
367 1665 421 1704 seu
436 1649 652 1704 matrimonium
667 1648 736 1718 quid
753 1648 801 1713 sit,
818 1647 880 1703 396.
894 1646 968 1718 Ejus

137 1721 303 1792 exordium,
320 1721 381 1791 394,
399 1721 534 1792 quaesint
544 1719 611 1774 444
627 1720 715 1788 44444,
728 1720 799 1790 quid
813 1719 912 1790 ipsum
923 1719 968 1773 la-

137 1793 204 1859 ciat,
221 1791 293 1860 3983
309 1808 376 1863 qum
390 1791 463 1847 illud
477 1737 649 1862 4444404444,
665 1789 728 1844 399.
791 1861 797 1872 ἡ
852 1861 857 1872 Ι

174 1863 361 1919 Conscientia
378 1867 406 1919 et
420 1863 505 1927 lama,
522 1863 585 1930 594,
602 1861 665 1917 459.
690 1860 887 1917 Conscientrae
908 1861 969 1916 cul-

137 1934 225 2006 citra,
255 1934 317 1990 lli.
333 1935 528 1991 Conscientiae
553 1933 706 1989 hominum
730 1949 820 2005 quare
853 1934 967 2001 velatae,

172 2076 394 2134 Consideranda
410 2076 497 2132 nobis
513 2079 648 2148 quatuor,
670 2074 732 2144 846,
750 2075 812 2131 847.

172 2149 336 2276 4444444444
351 2149 508 2220 impiorum
522 2150 551 2204 et
564 2148 679 2219 piorum
700 2148 731 2201 in
755 2150 881 2218 quatuor
896 2163 970 2203 eon-

137 2220 182 2278 sis
196 2221 217 2275 it
298 2263 305 2276 .

173 2263 392 2348 Consolationis
407 2291 564 2346 mundanae
580 2289 705 2370 falsitas,
721 2289 773 2345 500
793 2291 822 2344 44
835 2289 897 2344 504.

172 2363 384 2419 Constantinus
399 2364 526 2434 Magnus
549 2360 650 2430 Cesar,
675 2376 742 2431 equs
767 2360 859 2431 lepra,
881 2359 968 2430 visio,

136 2432 306 2517 baptizatio,
323 2435 445 2500 curatio,
463 2434 649 2501 donationes,
666 2432 847 2502 sanctiones,
861 2433 968 2503 studia,

138 2506 237 2563 obitus
253 2505 363 2576 atejus
379 2505 441 2574 lllii,
459 2504 520 2572 953,
536 2504 588 2558 954
605 2509 633 2556 44
656 2519 738 2574 seqq.

173 2576 376 2644 Constantius
397 2575 609 2631 Constantinus
628 2575 656 2627 et
671 2573 818 2628 Constans
841 2574 970 2644 impera-

140 2649 231 2718 tores,
261 2646 323 2702 956.
354 2646 502 2701 Constans
528 2644 656 2700 Heraclii
681 2644 866 2699 Constantini
891 2646 970 2700 lilius

137 2717 309 2846 4444
328 2714 970 2856 44.4444444444444·

139 2831 351 2916 044444444444
367 2861 526 2930 imperator
541 2861 569 2913 44
583 2856 651 2930 ejus
668 2860 762 2912 mater
778 2857 890 2929 lrenes,
907 2859 969 2929 945,

176 3002 388 3074 Contemplatio
405 3001 458 3058 Dei
472 2999 635 3071 multiplex,
651 3000 713 3067 545,
730 2999 792 3055 546.

175 3075 474 3146 Contemplativorum
489 3073 609 3128 ordines
624 3074 695 3139 tres,
712 3071 774 3126 649.

176 3146 367 3218 Contemptus
383 3144 484 3199 mundi
500 3144 641 3209 inductio,
657 3143 718 3211 584,
735 3142 796 3196 588.

177 3217 341 3273 Conversio
356 3217 501 3272 bonorum
517 3215 547 3268 fit
561 3214 723 3284 tripliciter,
740 3213 802 3268 75l.

176 3288 351 3345 Convivium
366 3287 517 3358 spirituale
533 3285 643 3340 Christi
661 3285 795 3339 alludens
811 3285 847 3339 40
869 3287 972 3342 eonvi-

140 3360 222 3418 vium
231 3360 357 3415 Assueri
372 3362 433 3414 tres
442 3372 607 3421 sermones,
618 3372 743 3427 quorum
754 3356 878 3426 primus,
892 3358 970 3429 4483,

142 3431 305 3500 secundas,
323 3429 402 3497 4486,
420 3430 534 3497 4444444,
556 3427 634 3482 4488.

178 3501 284 3556 044044
298 3501 409 3569 4444444
425 3499 542 3568 triplex,
559 3497 620 3552 664.
630 3497 735 3552 044044
745 3497 864 3553 humani
875 3500 968 3556 dirce·

141 3574 193 3642 tio,
204 3572 266 3628 698.
278 3571 383 3626 044044
393 3571 486 3625 nostri
495 3571 599 3625 domus
608 3569 689 3640 quid,
703 3572 731 3624 44
742 3570 883 3624 munditia
892 3570 970 3642 ejus,

141 3644 193 3701 944
210 3649 316 3699 4444.
928 3668 937 3682 x

177 3659 397 3770 Corintlfiorurn
414 3729 539 3787 regnum
555 3713 584 3767 44
598 3725 697 3783 reges,
713 3711 774 3765 936.

177 3786 319 3857 Corporis
341 3784 452 3840 Christi
480 3784 717 3850 sacramentium,
740 3782 803 3837 499.
831 3781 971 3856 Corporis

141 3857 262 3915 humani
277 3857 372 3929 gloria
388 3861 416 3912 et
431 3873 527 3927 poena,
542 3854 604 3909 499.
621 3854 740 3925 Corpus
751 3853 861 3909 Christi
872 3856 902 3908 in
917 3856 972 3911 Eu·

143 3929 283 3984 charistia
299 3933 450 3983 sumentes
472 3943 581 3996 corpus
604 3925 715 3979 Christi
738 3925 892 3981 efficimur.
909 3927 970 3992 Qua

141 4001 200 4055 tide
216 4003 243 4054 et
257 4001 422 4054 reverentia
434 3998 609 4053 sumendum
623 4012 630 4065 ς
642 4014 701 4052 444
713 3999 905 4067 consumitur,
916 4000 970 4054 sed

163 4073 260 4124 eracto
276 4069 374 4124 cilicia
391 4085 443 4140 pro
459 4085 516 4139 quo
537 4069 672 4138 sumitur,
688 4069 718 4122 in
744 4069 850 4123 coelum
872 4075 970 4125 trans-

140 4085 254 4207 fertur,
276 4140 343 4194 licet
363 4157 379 4192 4
402 4140 501 4194 4444444
523 4142 664 4207 sumatur,
688 4140 836 4210 integrum
855 4145 969 4211 manet,

141 4227 196 4266 cur
210 4211 266 4265 suh
282 4210 441 4280 speciebus
458 4210 542 4280 panis
558 4213 586 4263 ct
606 4210 666 4263 vini
690 4210 877 4280 potiusquam
903 4213 969 4266 aliis

140 4283 467 4350 consecretur;animre
484 4280 597 4335 conlert
612 4282 710 4348 vitam,
727 4281 895 4351 incorporat
911 4284 969 4338 silai

140 4369 174 4409 se
190 4356 374 4420 sumentcm3
393 4353 418 4406 si
435 4368 500 4423 quaa
527 4351 685 4422 speciebus
709 4351 874 4408 44444444444
893 4355 969 4408 indi-

138 4423 849 4552 449444444444444444
866 4432 970 4552 444

852 4537 859 4565 4

138 4566 175 4621 40
191 4566 252 4622 440.

173 4637 301 4693 04444444
317 4637 416 4706 varim,
433 4637 557 4691 virtutes
574 4637 712 4703 04444444,
728 4636 790 4691 949.

174 4707 967 4779 044444444444444444444,444044444444,34,39,96.

174 4779 316 4835 Colarnix
332 4784 360 4834 44
376 4780 443 4851 ejus
459 4783 561 4833 natura
573 4779 731 4849 moraliter,
749 4779 793 4848 49,
816 4781 860 4834 50.

138 4848 287 4975 90414444444
302 4856 330 4906 44
345 4850 473 4906 conditio
489 4851 588 4905 mundi
611 4855 638 4904 ct
654 4866 709 4904 sex
734 4850 847 4905 diarum
868 4867 967 4923 44444,

171 4962 968 5065 04444444444444444444404441444840,844044444444

134 5064 237 5190 {aequit
250 5064 325 5189 444144
342 5081 411 5189 4449434
428 5069 493 5120 44444
511 5067 582 5133 4444,
599 5065 660 5119 493.
678 5067 828 5119 Creuturae
842 5067 968 5120 rationa-

149 5151 175 5190 rs
192 5151 247 5190 con
271 5151 331 5202 rra,

169 5205 317 5262 Crocodili
336 5211 447 5275 4444444,
460 5207 505 5277 00,
522 5207 567 5262 64.

168 5277 273 5334 Crucis
291 5279 451 5334 Dominieae
466 5278 643 5348 virtus,l55,
659 5277 712 5334 456
724 5285 753 5334 44
769 5295 849 5354 seqq.
861 5278 967 5335 Crucis

133 5355 245 5405 sanctes
260 5351 290 5404 in
305 5349 381 5405 44444
398 5366 506 5414 sermo,
529 5351 596 5403 1905
613 5358 641 5403 44
660 5367 741 5423 seqq.
763 5352 876 5405 Cruces
893 5355 965 5421 tres,

132 5421 195 5490 499,
212 5422 274 5491 659,
299 5422 361 5476 653,
383 5422 463 5474 Crux
488 5421 681 5492 quadruplex,
708 5425 736 5476 44
762 5420 966 5478 crucifixionis

134 5507 224 5546 causa
238 5498 265 5546 et
281 5494 359 5561 0444,
371 5492 432 5546 444.

169 5562 287 5618 0444444
302 5568 330 5618 44
346 5563 508 5634 suspiciosi
524 5561 652 5617 hominis
668 5560 753 5632 mala,
770 5563 831 5634 043,
847 5560 910 5619 644.

168 5632 281 5689 Currus
296 5635 327 5690 in
342 5634 503 5706 Scripturis
523 5636 595 5704 tres,
616 5631 678 5689 440.
701 5632 813 5691 Curras
833 5637 966 5707 quadrae

124 5701 213 5790 44444,
226 5702 289 5760 804.

158 5771 313 5839 Custodes
325 5775 458 5841 civitatis
471 5777 586 5840 sancte
601 5775 769 5841 ierusalem
783 5775 836 5862 qut
850 5776 920 5858 44444,
934 5781 966 5842 44
992 5836 999 5851 ,

688 251 822 322 INDEX
842 253 995 322 RERUM
1015 253 1299 321 ANALYTICUS.

1785 256 1859 321 1228

1024 453 1126 495 eoram
1141 438 1250 505 cilicia,
1267 438 1337 494 4003
1351 445 1382 494 44
1402 454 1484 511 seqq.
1516 439 1658 496 Custodia
1676 440 1789 495 mentis
1812 457 1858 511 444

1025 511 1189 565 custodiam
1207 509 1344 565 isboseth
1356 511 1491 583 figurata,
1508 513 1570 568 906.
1580 511 1726 567 Custodia
1740 513 1857 567 viaelro·

1022 581 1331 722 1444ἰί44446444444444444,
1348 585 1377 636 44
1391 582 1427 637 04
1451 598 1510 639 444
1530 583 1726 657 divulgandis
1753 588 1857 655 myste

1427 724 1451 778 D

1058 793 1216 850 Daemanes
1232 811 1248 849 a
1263 795 1411 851 4444444444
1447 796 1564 863 ellendi,
1581 796 1645 853 446.

1058 864 1218 920 Dalmatica
1233 867 1304 938 quid
1319 867 1366 936 sit,
1382 867 1418 922 40
1438 910 1445 938 ,
1462 868 1524 923 405.

1057 936 1238 993 Damnentur
1253 954 1344 1008 quare
1358 939 1407 1010 qni
1424 955 1482 994 non
1497 943 1708 1010 peccaverant,
1727 940 1794 1011 553,
1811 940 1856 994 554

1022 1012 1200 1134 affluam
1216 1078 1341 1134 insertur
1349 1079 1460 1136 homini
1476 1082 1571 1137 tribus
1587 1082 1697 1151 444044,
1714 1082 1780 1149 854,
1798 1083 1855 1138 859

1057 1149 1150 1205 David
1174 1151 1349 1222 significans
1374 1152 1524 1208 Christum
1549 1154 1720 1224 patientem,
1744 1154 1816 1209 1078
1831 1160 1857 1208 44

1022 1236 1056 1275 44
1097 1263 1103 1275 .

1056 1237 1212 1349 0444444444
1223 1296 1357 1365 quatuor,
1367 1295 1419 1349 488
1432 1301 1528 1370 etseq.
1539 1296 1698 1352 Debitores
1707 1296 1855 1369 quomoda

1021 1379 1080 1418 aon
1096 1380 1200 1418 sumus
1216 1366 1307 1430 carni,
1324 1366 1385 1434 5-44,
1402 1367 1464 1422 545.

1056 1435 1193 1490 Debitum
1203 1436 1364 1506 multiplex,
1381 1437 1443 1492 805.

1056 1506 1166 1561 Decius
1181 1508 1340 1577 imperator
1366 1509 1527 1578 Romanus,
1545 1513 1574 1565 et
1594 1510 1663 1583 ejus
1685 1515 1786 1583 gesta,
1807 1511 1856 1567 950

1022 1582 1121 1649 etseq.

1057 1648 1208 1703 Dedicatio
1223 1648 1360 1706 ecclesiae
1376 1651 1517 1723 episeopo
1532 1655 1697 1721 reservata,
1710 1656 1739 1709 et
1749 1669 1853 1724 quarc;

1022 1721 1050 1773 et
1064 1719 1154 1773 variee
1179 1721 1365 1791 ceremoniae,
1381 1722 1444 1778 383.
1462 1724 1612 1778 Dedicatio
1631 1724 1780 1779 Ecclesiae
1797 1725 1854 1778 his-

1021 1791 1124 1858 torice,
1141 1791 1203 1859 904,
1219 1792 1281 1847 909.
1300 1792 1506 1864 Tropologice,
1518 1795 1581 1863 903,
1592 1796 1655 1850 904.
1670 1797 1851 1868 Anagogice,

1020 1861 1083 1930 905,
1099 1861 1161 1916 906.
1182 1862 1333 1918 4440444444
1349 1865 1449 1935 templi
1463 1866 1580 1938 triplex,
1596 1866 1659 1922 893.
1677 1867 1715 1921 Et
1729 1868 1855 1939 quinque

1021 1931 1172 2003 inquibus
1189 1935 1335 2004 consistit,
1347 1935 1409 1990 894.

1058 2004 1110 2058 Dei
1122 2020 1155 2058 er
1177 2020 1193 2058 a
1206 2008 1394 2087 peccatorem
1405 2007 1609 2081 benignitaset
1620 2008 1780 2073 severitas,
1793 2008 1851 2063 669.

1022 2074 1072 2129 Dei
1086 2076 1140 2143 ira,
1156 2020 1249 2130 farcies
1260 2080 1288 2130 et
1303 2079 1471 2147 praesentia,
1488 2079 1540 2133 689
1556 2086 1586 2134 44
1606 2096 1669 2152 seq.
1691 2081 1744 2135 Dei
1761 2081 1852 2134 amnia

1022 2150 1091 2200 sunt
1106 2146 1356 2218 incomparabilia,
1374 2149 1436 2203 559.
1453 2150 1504 2205 4444
1519 2150 1566 2219 444
1580 2150 1741 2220 invocatio,
1756 2155 1785 2206 et
1799 2167 1855 2205 nan

1021 2217 1188 2271 invocantis
1205 2218 1333 2287 miseria,
1351 2220 1413 2290 449,
1427 2221 1488 2276 443.
1502 2221 1553 2275 Dei
1565 2226 1724 2292 respectus
1736 2222 1853 2292 duplex,

1021 2287 1082 2342 848.
1100 2288 1151 2343 Dei
1168 2290 1297 2344 servitus
1313 2295 1341 2345 44
1356 2291 1453 2359 timor,
1469 2292 1531 2347 606.
1549 2292 1601 2347 Dei
1624 2292 1679 2347 tria
1696 2293 1857 2347 invisibilia

1021 2375 1075 2483 444
1088 2359 1143 2414 4444
1167 2360 1266 2415 mundi
1288 2360 1417 2416 visibilia
1435 2363 1685 2431 demonstrantur,
1713 2365 1777 2434 903,
1794 2365 1853 2418 904.

1048 2446 1102 2484 444
1117 2446 1169 2485 444
1183 2430 1294 2486 emollit
1309 2432 1404 2487 tribus
1427 2435 1532 2503 modis,
1559 2435 1621 2503 559,
1637 2435 1701 2490 560.
1728 2436 1811 2490 Deus
1830 2442 1857 2490 et

1022 2502 1109 2556 homo
1126 2518 1180 2557 eur
1193 2518 1271 2557 nnus
1287 2506 1314 2558 44
1325 2504 1411 2572 idem,
1428 2505 1489 2560 549.
1507 2506 1586 2560 Deus
1602 2510 1631 2560 et
1645 2522 1702 2560 sua
1716 2510 1746 2560 et
1761 2507 1855 2561 aliena

1018 2573 1146 2642 4404444,
1163 2575 1225 2628 559.
1242 2574 1322 2629 Deus
1341 2575 1428 2630 homo
1458 2575 1554 2632 iactus
1574 2577 1646 2648 quid
1665 2578 1815 2632 invenerit
1829 2579 1857 2632 in

1022 2644 1131 2698 mundo
1146 2645 1224 2714 quod
1241 2661 1299 2700 non
1314 2662 1402 2701 suum
1416 2649 1517 2716 esset;
1533 2651 1562 2703 et
1577 2648 1647 2719 quid
1668 2648 1793 2717 diaboli,
1807 2663 1815 2714 ;
1830 2652 1857 2703 44

1022 2715 1169 2839 quomodo
1185 2720 1308 2788 uterque
1323 2733 1376 2787 pro
1389 2717 1699 2788 juresuacertaverit,
1716 2720 1780 2788 596,
1795 2720 1854 2774 594.

1048 2801 1102 2840 eus
1118 2787 1256 2841 immotus
1272 2788 1432 2843 datcuncta
1443 2791 1566 2857 moveri,
1579 2793 1607 2845 44
1618 2795 1751 2845 4444444
1778 2791 1799 2844 44
1809 2793 1856 2845 aut

1023 2856 1130 2928 congii,
1148 2858 1208 2926 itt,
1226 2859 1286 2913 449.
1305 2858 1384 2914 Deus
1402 2861 1430 2914 in
1446 2859 1607 2931 Scripturis
1620 2861 1734 2916 homini
1755 2807 1854 2933 444444-

1021 2931 1069 2983 tur
1085 2930 1325 2999 quatuormodis,
1343 2930 1404 2986 484.
1414 2931 1487 2986 Cum
1497 2932 1751 3003 homineqnatuor
1761 2933 1853 2987 modis

1022 3003 1078 3067 est,
1096 3003 1124 3054 et
1135 3000 1274 3054 dissimili
1290 3002 1375 3056 modo
1392 3006 1539 3072 operatur,
1561 3004 1614 3058 485
1634 3010 1664 3058 44
1687 3020 1722 3059 44
1744 3045 1751 3058 .
1779 3004 1853 3058 Deus

1023 3087 1082 3125 non
1097 3073 1318 3138 transmutatur,
1336 3089 1390 3127 444
1405 3074 1514 3145 aliquid
1531 3079 1576 3130 est
1590 3074 1634 3129 illi
1645 3021 1851 3142 inordqiaatum,

1022 3141 1085 3196 494.
1102 3141 1182 3196 Deus
1198 3144 1275 3214 qaod
1292 3145 1331 3198 sit
1348 3145 1512 3200 laudandas
1532 3161 1585 3217 per
1604 3161 1725 3201 omnem
1739 3151 1852 3200 creatu·

1023 3228 1095 3281 ram,
1112 3228 1221 3280 sermo,
1238 3214 1307 3269 4444
1323 3221 1352 3270 44
1367 3232 1449 3341 seqq.
1466 3218 1546 3271 Deus
1562 3217 1711 3288 quomodo
1728 3218 1813 3273 cibas
1827 3218 1854 3271 et

1023 3289 1120 3354 pctus,
1136 3285 1197 3339 559.
1211 3287 1291 3340 44444
1307 3303 1414 3357 quomo

1024 3357 1104 3409 Dens
1128 3358 1274 3426 quomodo
1299 3357 1436 3428 loquatur
1454 3359 1491 3413 ad
1516 3375 1576 3428 cor,
1598 3359 1661 3414 645.
1679 3360 1761 3414 44444
1785 3375 1852 3431 quo·

1024 3427 1110 3480 modo
1134 3426 1172 3480 sit
1203 3428 1344 3483 liberator
1367 3433 1478 3499 noster,
1502 3430 1661 3512 retugium,
1690 3431 1852 3485 4444444444·

1022 3499 1182 3622 44444434,
1199 3498 1261 3554 eal.
1279 3500 1358 3555 Deus
1374 3504 1488 3572 septem
1503 3502 1599 3557 modis
1614 3502 1744 3574 suscipit
1759 3501 1851 3559 homi·

1023 3584 1118 3637 nas,o
1156 3610 1162 3622 .

1058 3639 1275 3696 Delectationes
1282 3641 1451 3711 spirituales
1467 3646 1496 3698 44
1509 3659 1604 3715 vanae,
1620 3641 1685 3700 605.

1059 3711 1176 3765 Denarii
1186 3712 1244 3766 duo
1260 3713 1422 3769 stabulario
1438 3714 1506 3780 dati,
1521 3715 1584 3770 584.

1021 3782 1246 3909 68gescendere
1270 3784 1301 3839 44
1324 3785 1473 3842 internum
1495 3802 1562 3841 eum
1585 3787 1680 3842 444444
1708 3787 1781 3860 quid
1805 3787 1849 3857 sit,

1058 3924 1224 3997 Descriptio
1239 3926 1357 3997 triplex,
1374 3927 1489 3984 scilicet
1499 3929 1535 3984 ad
1548 3928 1736 4003 conjugium,
1746 3930 1853 3986 adcon·

1022 3995 1183 4063 tinentiam,
1198 3997 1235 4052 ad
1250 3999 1459 4124 virginitatem,
1474 3999 1535 4055 895.
1750 4030 1754 4041 ·

1022 4142 1033 4195 t
1052 4069 1287 4194 Ι44144444444444
1323 4075 1437 4126 444444
1459 4072 1600 4143 hominis,
1616 4072 1680 4128 639.
1697 4073 1851 4129 Desertum

1035 4157 1058 4195 44
1093 4156 1129 4194 ex
1206 4181 1212 4195 .

1058 4157 1241 4281 8444444444
1257 4227 1324 4283 quae
1337 4213 1392 4269 tria
1409 4214 1539 4285 recipiat,
1560 4214 1624 4269 844.

1059 4283 1210 4336 4444444444
1224 4283 1346 4339 sinister
1367 4286 1445 4341 oculi
1463 4287 1524 4355 Dei,
1540 4286 1602 4354 699,
1618 4285 1683 4342 593.
1703 4287 1805 4342 Dextri
1826 4288 1852 4341 et

1023 4353 1146 4419 sinistri,
1164 4355 1260 4408 sivea
1280 4355 1393 4410 dextris
1409 4360 1437 4412 et
1455 4373 1471 4410 a
1491 4357 1634 4428 sinistris,
1657 4359 1772 4428 quihus
1797 4358 1852 4412 sint

1023 4425 1103 4478 Deus
1121 4429 1149 4478 44
1163 4425 1310 4481 0444444444.
1325 4427 1388 4482 594.

1058 4496 1184 4549 Dextera
1205 4499 1233 4551 et
1257 4497 1379 4552 sinistra
1403 4497 1466 4567 Dei,
1486 4498 1548 4568 598,
1569 4497 1632 4567 609,
1649 4498 1782 4555 Dextera
1803 4498 1851 4554 Dei

1021 4582 1087 4692 qus
1105 4566 1158 4691 449ῑρ
1170 4567 1263 4692 444044
1277 4569 1419 4624 resistant
1433 4573 1462 4625 et
1476 4571 1527 4640 qui
1542 4571 1578 4624 ab
1593 4587 1628 4625 44
1643 4570 1790 4626 custodiri
1806 4586 1852 4625 ve·

1034 4640 1122 4703 unte
1161 4680 1168 4706 ,
1240 4679 1246 4693 .

1060 4709 1179 4762 Diaconi
1189 4709 1293 4765 missio
1307 4711 1344 4766 ad
1355 4711 1531 4767 cantandum
1541 4713 1732 4786 evangelium
1743 4714 1775 4768 in
1786 4713 1851 4768 mis·

1022 4798 1065 4836 sec
1081 4780 1288 4852 celebratione,
1306 4782 1370 4838 493.

1057 4852 1127 4906 44444
1141 4853 1204 4906 4444
1219 4853 1438 4921 vivificationis,
1454 4854 1516 4910 654.

1058 4922 1181 4977 Dilectio
1197 4923 1275 4977 Petri
1291 4927 1319 4978 et
1341 4925 1474 4995 loannis,
1497 4925 1559 4980 859.
1576 4924 1703 4981 [44444444
1727 4925 1852 4998 quadra·

1020 4993 1099 5120 qqqrq,
1115 4993 1183 5118 4468
1196 4994 1369 5051 Dilectionis
1378 4997 1431 5051 Dei
1440 4996 1618 5069 mandatum,
1631 4998 1741 5069 atejus
1753 5014 1850 5066 causa,

1093 5107 1099 5130 ‚
1156 5082 1193 5119 4.

1057 5137 1186 5190 Dilector
1200 5139 1228 5190 et
1243 5136 1370 5193 dilectus
1386 5137 1505 5210 duplex,
1521 5137 1584 5194 549.

1056 5208 1186 5278 Diligerc
1202 5223 1240 5262 ex
1254 5211 1314 5264 tato
1329 5211 1428 5278 corde,
1442 5226 1480 5264 ax
1490 5210 1665 5280 totnanima,
1700 5211 1750 5266 uid
1767 5212 1816 5279 sit,
1827 5213 1852 5266 et

1019 5295 1086 5404 quas
1101 5279 1157 5404 4444
1172 5279 1228 5404 444
1239 5280 1426 5407 4444430044ςί
1437 5281 1564 5354 possint,
1574 5281 1637 5337 466.
1648 5227 1816 5356 4404444444
1826 5284 1851 5337 44

1031 5366 1109 5405 44444
1122 5366 1156 5405 44
1198 5366 1264 5405 eum
1346 5393 1353 5407 .

1055 5421 1254 5477 Diocletianus
1267 5392 1308 5477 ’44
1330 5423 1526 5479 Maximianus
1547 5422 1746 5497 imperatores
1768 5429 1798 5481 et
1818 5422 1852 5479 ab

1018 5493 1063 5550 eis
1078 5496 1173 5566 qesta.
1186 5493 1248 5561 953,
1263 5493 1326 5549 954.

1053 5564 1216 5635 Disciplina
1230 5565 1348 5636 triplex,
1360 5565 1423 5622 684.

1053 5635 1197 5764 4444444444
1211 5635 1270 5692 044
1286 5641 1441 5695 currentes
1460 5637 1498 5695 ad
1511 5641 1737 5698 monumentum
1752 5639 1852 5702 Demi·

1016 5708 1046 5767 ni
1143 5712 1226 5764 etse
1267 5748 1274 5765 .

1050 5724 1405 5860 Dispensatigqquomodo
1419 5780 1479 5861 4444,
1494 5779 1558 5845 555.

1438 3303 1454 3343 4
1470 3288 1615 3343 exaltetur
1630 3288 1660 3342 in
1675 3288 1776 3357 nobis,
1792 3288 1850 3342 684.
