3796 6022
97 292 156 356 147

473 291 693 355 APPENDIX
712 289 770 353 ΑΙ)
792 286 984 353 HUGONIS
1006 286 1150 351 OPERA
1170 286 1438 350 DOGMATICA.

1757 285 1818 350 148

134 492 294 547 Feminalia
309 494 386 547 linea
399 495 482 547 erant
495 491 608 562 stricta,
618 491 724 561 sponte
735 487 929 542 assumeban·
943 468 972 530 Α
1022 486 1123 543 Gallus
1138 484 1381 556 profundioribus
1397 485 1479 540 horis
1490 484 1587 540 noctis
1598 485 1779 541 valentiores
1791 488 1819 540 et

100 583 156 651 tur,
168 581 303 650 pudenda
318 584 431 652 tegunt.

135 669 247 725 Fanum
262 672 363 723 castate
377 670 461 739 viret,
478 669 565 723 molle
580 670 636 737 est,
651 681 828 737 percussum
847 664 932 718 lacile

100 757 190 813 sentit
204 755 353 827 injuriam,
371 758 522 811 succisum
537 756 636 811 statim
650 757 723 822 arat,
740 754 770 807 in
785 754 933 808 clibanum

67 910 72 922 Ι
100 845 232 914 mittitur,
246 845 332 899 cibus
343 848 389 900 est
400 845 611 916 jumentorum.

137 933 251 987 Folium
276 936 363 987 tenue
387 936 448 1001 θεῖ,
473 932 572 1001 latum,
596 932 670 1000 leve,
694 931 827 985 umbram
852 930 931 997 tacit,

100 1021 237 1076 arborem
253 1024 347 1088 ornat,
364 1021 492 1074 fructum
510 1020 626 1074 arboris
642 1020 728 1091 tegit,
744 1020 774 1073 in
792 1022 932 1073 autumno

100 1108 344 1180 pallescit,vento
360 1108 506 1180 dejicitur,
518 1108 613 1162 viride
628 1111 778 1177 est,vcnt0
793 1107 931 1179 agitatur,

100 1200 129 1252 et
144 1197 257 1252 stridet.

986 576 1191 646 productiores
1207 578 1310 628 cantus
1325 575 1413 630 edere
1435 574 1525 644 solet,
1546 575 1576 628 in
1591 574 1731 628 matutino
1748 575 1818 628 bre-

985 664 1085 719 viores
1102 664 1208 717 format
1222 678 1323 717 voces.
1336 664 1500 734 Antequam
1511 662 1659 716 conatalis
1671 679 1704 717 se
1716 663 1820 717 verbe-

986 756 1040 822 rat,
1058 752 1134 806 diem
1149 752 1271 821 nuntiat,
1283 752 1387 823 pigros
1400 751 1517 821 excitat,
1531 751 1609 806 omni
1620 754 1708 805 vento
1725 766 1758 804 se
1775 751 1818 804 in·

987 840 1084 894 clinat.

1021 928 1141 983 Gemma
1155 930 1285 999 pretiosa
1296 932 1342 982 est
1352 931 1381 982 ct
1392 927 1480 998 clara,
1493 928 1599 982 virtute
1608 928 1708 998 pollet,
1721 927 1817 997 plana,

986 1020 1044 1071 tota
1060 1018 1207 1087 speciose.

1021 1104 1101 1160 Gena
1117 1106 1237 1175 decora,
1263 1104 1400 1174 candida,
1421 1104 1523 1174 plana,
1550 1105 1587 1159 ab
1608 1104 1820 1159 verecundiam

985 1194 1095 1248 rubore
1110 1194 1310 1248 subtunditur.

136 1286 228 1340 Follis
252 1301 290 1339 cx
314 1284 395 1355 ligno
419 1288 447 1339 et
471 1284 551 1339 corio
576 1285 616 1352 fit,
634 1300 668 1338 os
691 1283 779 1337 habet
799 1284 933 1338 interiori
1022 1282 1136 1337 Gibbus
1152 1282 1341 1352 superfluitas
1361 1285 1407 1336 est
1430 1286 1557 1351 naturae,
1580 1281 1724 1336 minorem
1738 1280 1819 1351 lacit,

100 1376 192 1443 parte,
218 1372 432 1442 spiramentum
460 1373 633 1441 attrahit,et
661 1373 765 1426 emittit
789 1388 887 1427 acrem
902 1375 934 1427 ut
987 1370 1201 1424 deformitatem
1216 1371 1334 1443 ingerit.

100 1461 201 1533 ignem
214 1460 332 1516 excitet.
1021 1458 1112 1530 Gigas
1121 1459 1228 1531 ingens
1237 1462 1283 1513 est
1292 1474 1425 1529 corpora,
1436 1459 1564 1531 insignis
1576 1458 1728 1528 membriS,
1742 1458 1823 1513 forti·

137 1548 217 1603 Fons
241 1549 277 1603 de
301 1552 378 1602 terra
407 1550 539 1619 scaturit,
565 1548 693 1620 frigidus
717 1551 771 1616 θεῖ,
796 1548 825 1601 in
849 1549 932 1604 rivos
986 1547 1086 1601 tudine
1097 1550 1254 1617 praestana,
1267 1547 1320 1602 sed
1332 1548 1438 1617 pietate
1449 1551 1477 1602 et
1488 1548 1607 1618 ingenio
1618 1547 1698 1602 bono
1710 1547 1819 1602 delicit.

101 1637 251 1705 dividitur,
260 1651 353 1707 purus
369 1639 424 1705 est,
434 1636 519 1691 dulce
536 1640 706 1705 murmurat,
717 1636 796 1690 sitim
810 1636 930 1706 relevat,
1022 1635 1138 1690 Glacics
1154 1636 1190 1689 ad
1211 1635 1307 1707 frigus
1330 1651 1366 1689 cx
1391 1652 1466 1706 aqua
1489 1636 1651 1705 induratur,
1672 1636 1708 1689 ad
1726 1635 1820 1690 solem

102 1725 133 1779 in
148 1724 244 1779 hicme
265 1721 349 1794 celet,
367 1725 465 1779 clarus
483 1728 539 1796 est,
554 1725 658 1781 leviter
672 1725 815 1796 turbatur,
831 1729 931 1780 scatu-
947 1774 973 1836 Β
987 1723 1134 1796 liquescit,
1151 1723 1268 1795 fragilis
1284 1727 1348 1792 est,
1365 1724 1489 1794 lubrica,
1507 1725 1601 1794 clara,
1618 1724 1784 1794 splendida.

101 1813 216 1885 rigines
231 1828 352 1868 sursum
366 1813 450 1867 tollit.
1023 1811 1114 1866 Glans
1130 1829 1145 1866 a
1160 1828 1272 1882 quercu
1287 1813 1389 1881 oritur,
1407 1812 1493 1866 cibus
1508 1828 1664 1882 percorum
1681 1815 1736 1866 est.

137 1901 280 1971 Forcipes
309 1902 367 1956 duo
394 1901 515 1955 brechia
538 1901 658 1972 habent,
685 1902 833 1972 scindunt,
862 1903 932 1956 dum
1023 1900 1136 1955 Globus
1152 1901 1296 1955 rotundus
1318 1904 1364 1955 est
1387 1887 1542 1970 volubilis',
1567 1901 1668 1966 multis
1690 1901 1750 1955 filis
1766 1900 1822 1955 cir·

102 1989 251 2058 scindunt,
277 1991 474 2061 stringuntur,
493 1989 575 2044 clavo
601 1990 778 2062 junguntur,
804 2006 933 2045 connec-
990 1988 1187 2043 cumvolutus.

101 2077 246 2132 tunturin
260 2077 368 2132 medio.
1024 2077 1140 2131 Grande
1167 2077 1196 2130 in
1220 2091 1287 2131 aare
1312 2077 1474 2147 induratur,
1503 2076 1608 2149 friget,
1635 2077 1665 2131 in
1689 2077 1822 2131 cadendo

138 2166 256 2221 Fornax
279 2165 395 2221 modica
419 2169 475 2235 est,
499 2167 594 2221 calida
615 2170 670 2237 est,
691 2183 795 2222 aurum
816 2171 933 2240 purgat,
990 2166 1179 2220 contunditur
1194 2169 1223 2219 θῖ
1238 2165 1407 2234 resolvitur,
1432 2166 1521 2220 liores
1536 2168 1564 2220 et
1580 2166 1689 2221 herbas
1703 2167 1823 2221 teneras

102 2253 183 2325 ligna
202 2254 356 2323 incinerat,
373 2254 502 2308 scoriam
516 2255 667 2309 adnihilat.
990 2253 1080 2308 laedit.

138 2341 247 2413 Frigus
263 2357 353 2410 poros
370 2343 697 2414 constringit,membra
713 2343 867 2413 contrahit,
878 2343 936 2399 lm·
1025 2343 1154 2398 Granum
1165 2343 1283 2410 seritur,
1293 2343 1427 2412 moritur,
1440 2342 1639 2412 postpullulat
1649 2342 1678 2396 in
1690 2342 1823 2414 herbam,

104 2427 233 2482 ctificare
248 2444 306 2483 non
323 2429 402 2483 sinit.
989 2434 1057 2502 post
1070 2432 1101 2484 in
1113 2431 1235 2501 spicam,
1252 2434 1281 2484 et
1297 2430 1402 2485 deinde
1415 2430 1646 2501 intrumentum,
1663 2430 1823 2503 colligitur,

139 2515 237 2570 Frons
251 2520 353 2571 tenera
368 2521 423 2588 est,
444 2510 501 2574 cilo
517 2518 611 2586 rubet,
629 2519 714 2574 locus
729 2522 775 2574 θεῖ
789 2535 935 2575 verecua·
990 2520 1151 2589 trituratur,
1167 2535 1183 2572 a
1198 2520 1280 2589 palca
1296 2535 1349 2589 per
1367 2523 1488 2574 ventum
1503 2523 1666 2590 separatur,
1683 2520 1822 2590 siccatur,

104 2603 171 2673 dite,
189 2604 407 2660 maculamnon
424 2606 507 2661 celat.
990 2611 1018 2662 θῖ
1033 2608 1108 2661 mola
1125 2607 1294 2662 conteritur.

140 2692 268 2747 Fructus
295 2693 385 2749 odore
413 2695 531 2764 mulcet,
555 2699 646 2767 gustu
675 2696 779 2768 reiicit,
804 2700 937 2752 naturam
1024 2696 1120 2751 Grues
1141 2696 1219 2749 viam
1238 2699 1403 2766 sequuntur
1416 2695 1556 2750 litteraria
1572 2696 1684 2766 ordine,
1703 2697 1823 2751 excelsa

104 2779 222 2835 arboris
238 2781 377 2852 ostendit,
404 2782 502 2836 calore
531 2783 605 2838 solis
630 2784 787 2855 coloratur,
804 2789 937 2841 maturus
990 2786 1101 2853 petunt,
1117 2798 1175 2853 quo
1188 2783 1304 2837 facilius
1317 2784 1436 2838 videant
1446 2787 1540 2838 terras
1552 2800 1626 2855 quas
1637 2787 1747 2854 petunt.
1761 2784 1823 2838 Una

105 2867 229 2939 decidit,
246 2867 357 2924 directe
370 2869 529 2941 jaculatur.
991 2871 1146 2942 praecedit,
1162 2887 1228 2942 quas
1248 2887 1356 2943 agmen
1375 2873 1500 2944 castigat
1519 2888 1608 2941 voce,
1630 2888 1686 2942 qua
1706 2888 1823 2927 rauces-

142 2956 258 3013 Frusus
272 2974 369 3029 genus
387 2960 528 3015 ruborum
544 2963 649 3030 sponte
664 2963 849 3033 nascitu1·,in
864 2964 937 3019 den·
993 2962 1086 3027 cente,
1102 2959 1159 3012 alia
1174 2960 1317 3014 sucsedit.
1335 2960 1439 3015 Noctis
1455 2960 1575 3033 vigilias
1592 2960 1735 3030 dividunt,
1753 2965 1782 3016 θῖ
1797 2960 1823 3015 in

105 3060 172 3101 sum
186 3045 318 3116 pullulat,
330 3047 473 3117 spinosus
484 3053 540 3117 est,
549 3050 736 3120 immeabilis,
747 3052 936 3124 tenebrosus,
995 3048 1097 3102 ordine
1115 3048 1284 3119 vigiliarum
1305 3049 1374 3119 pedi
1396 3064 1516 3119 semper
1537 3049 1701 3104 innituntur
1718 3049 1781 3119 uni,
1797 3049 1823 3103 in

104 3135 228 3204 densus,
258 3135 408 3206 impletus,
435 3137 601 3208 implexus,
627 3143 656 3193 θῖ
679 3139 737 3193 sihi
767 3140 935 3211 cohaerens,
995 3151 1053 3207 quo
1069 3136 1339 3191 caleulumtenent.

104 3222 252 3293 hispidae,
269 3225 408 3294 incultus,
425 3226 547 3280 sterilis.
1029 3225 1146 3295 Gurges
1162 3225 1326 3294 profundus
1343 3229 1389 3280 est
1404 3226 1579 3296 orbscuruS,
1597 3225 1760 3295 horribilis,
1778 3224 1823 3281 ab·

79 3381 83 3388 ¹
146 3310 247 3366 Fucus
261 3327 321 3368 nou
339 3312 462 3383 laborat,
479 3314 593 3386 pungit,
609 3315 734 3370 aliorum
749 3317 867 3374 labores
887 3317 941 3372 de·
995 3313 1133 3380 sorbens,
1150 3313 1280 3384 alioquin
1295 3314 1446 3368 immotus.

112 3401 206 3453 vorat.
1031 3400 1116 3455 Gutta
1132 3403 1233 3472 gravis
1248 3406 1303 3472 θεῖ,
1321 3403 1378 3457 cito
1394 3403 1513 3473 arescit,
1531 3402 1647 3458 modica
1661 3407 1716 3473 θεῖ,
1733 3420 1823 3475 praes·

146 3484 259 3557 Fulgur
272 3488 303 3540 in
328 3503 380 3541 ora
404 3488 489 3559 cadit,
506 3490 619 3560 incutit,
636 3492 734 3547 subito
759 3494 860 3564 oritur,
878 3494 940 3550 ela·
995 3491 1036 3543 tal
1050 3489 1229 3560 refugerim·

110 3587 177 3628 rum
191 3576 238 3630 θεῖ
252 3576 281 3629 θῖ
294 3576 492 3648 splendidum,
508 3593 546 3632 ex
561 3579 658 3635 calore
673 3583 818 3650 provenit.
1030 3577 1136 3632 Guttur
1149 3576 1319 3632 vehiculum
1334 3577 1419 3632 vocis
1436 3583 1496 3650 est,
1513 3583 1541 3634 et
1557 3580 1690 3636 ciborum
1706 3581 1823 3635 canalis,

146 3662 259 3718 Fumus
274 3679 312 3719 ex
336 3663 405 3736 igne
421 3666 562 3738 nascitur,
578 3667 609 3721 in
630 3669 774 3724 directum
796 3670 929 3725 ascendit

110 3748 257 3823 lacrymas
270 3756 420 3822 provocat.

145 3838 248 3895 Funde
262 3844 343 3896 motu
358 3842 499 3911 vibratur,
516 3843 552 3898 de
566 3844 647 3899 corio
664 3845 704 3915 fll,
723 3846 833 3901 circum
855 3853 941 3919 caput
1032 3859 1198 3914 Haereditcs
1213 3874 1230 3913 a
1246 3860 1370 3916 Domino
1381 3862 1536 3933 excolitur,
1555 3863 1711 3919 Dominum
1722 3865 1823 3935 pascit⁴

108 3929 231 3997 rotatur,
248 3929 374 3999 lapidem
390 3931 527 4001 continet,
545 3933 660 3989 duabus
676 3935 815 4007 corrigiis
830 3953 941 4008 appen—
996 3947 1119 4002 flrmiter
1131 3948 1312 4017 possidetur.
1821 3929 1823 3936 Α

109 4014 199 4086 ditur,
210 4016 283 4073 dure
294 4018 371 4073 ferit.
1032 4036 1144 4090 Hamus
1160 4036 1305 4106 aduncuS,
1321 4053 1391 4092 esca
1406 4040 1516 4110 tectus,
1533 4040 1667 4112 gracilis,
1682 4041 1760 4097 linea
1775 4057 1823 4114 ap·

931 3713 939 3743 '
1032 3718 1100 3773 Car.
1119 3718 1194 3774 Vlll.
1212 3719 1256 3774 De
1272 3720 1319 3774 ln's
1338 3721 1444 3793 quibus
1455 3722 1553 3793 prima
1568 3721 1672 3778 littera
1690 3728 1737 3776 θεῖ
1751 3721 1788 3777 H.

144 4101 378 4160 Fundamentum
393 4107 537 4177 profunde
554 4109 677 4178 locatur,
694 4110 810 4165 lirmum
831 4116 885 4183 est,
903 4129 941 4169 ex
995 4140 1118 4195 pensus.

108 4190 248 4262 impolitis
263 4194 295 4249 tlt
308 4194 465 4266 lapidibus,
482 4198 512 4250 in
523 4197 610 4252 imam
618 4199 851 4271 terramjacitur,
863 4205 941 4258 terra
1032 4212 1148 4267 Harena
1163 4212 1273 4286 [arena]
1282 4213 1505 4272 innumerabilis
1518 4220 1572 4286 est,
1583 4218 1704 4289 minuta,
1716 4234 1823 4290 amara,

109 4280 249 4350 operitur,
266 4281 357 4338 latum
371 4288 426 4353 est,
444 4285 601 4340 aedilicium
616 4287 753 4342 sustinet.
996 4301 1117 4370 sterilis,
1135 4302 1311 4372 ponderosa,
1330 4303 1459 4372 humida,
1476 4305 1586 4360 bibula.

143 4368 204 4469 Fur
231 4369 268 4426 de
296 4374 382 4428 noete
410 4374 500 4443 venit,
526 4375 642 4444 spoliat,
658 4375 757 4431 subilO
773 4377 893 4447 invadit,
910 4383 980 4466 021)
1031 4389 1171 4443 Harundo
1187 4388 1322 4463 [arundo]
1332 4408 1426 4445 vacua
1437 4397 1492 4462 est,
1505 4393 1632 4465 fragilis,
1645 4395 1725 4450 omni
1739 4398 1823 4451 vento

105 4459 225 4527 perimit
245 4459 390 4532 incautos,
411 4465 583 4532 aucupatur,
605 4464 723 4518 domum
745 4464 874 4536 suffodit,
899 4468 936 4523 ob
995 4477 1082 4546 cedit,
1100 4478 1222 4531 stridula
1239 4482 1299 4548 est,
1317 4479 1345 4532 in
1368 4480 1473 4549 palude
1488 4484 1606 4552 crescit,
1622 4498 1742 4538 manum
1758 4500 1823 4538 con·

106 4548 244 4602 servatus
259 4547 339 4619 latet,
351 4548 566 4605 immisericors
581 4554 636 4622 est,
649 4557 783 4609 secretos
799 4555 935 4612 introitus
995 4566 1146 4620 tractantis
1164 4567 1286 4637 sauciat,
1305 4569 1436 4623 exterius
1459 4570 1548 4639 viret,
1565 4571 1688 4627 interius
1704 4576 1823 4627 marcet.

105 4634 220 4705 quaerit,
237 4635 273 4689 ad
288 4651 403 4691 omnem
418 4638 571 4708 strepitum
586 4644 682 4710 pavet.
1029 4653 1227 4725 Hastalonga,
1240 4657 1329 4725 terea,
1342 4656 1463 4727 directa,
1474 4658 1570 4729 piane,
1582 4658 1678 4730 laevis,
1689 4660 1819 4733 gracilis

139 4721 339 4780 Fusciuncula
356 4741 481 4781 recurva
495 4731 551 4797 θεῖ,
568 4728 644 4784 daos
659 4745 753 4785 uncos
779 4730 877 4802 habet,
907 4735 936 4788 et
992 4741 1099 4812 rigida,
1115 4743 1308 4812 penetrativa,
1325 4743 1404 4799 lerro
1420 4747 1540 4801 munita.

103 4807 167 4864 tere
182 4809 280 4867 terrea
295 4815 352 4867 est.
1027 4828 1144 4883 Hedera
1155 4831 1257 4900 serpit,
1268 4846 1387 4902 semper
1396 4834 1481 4903 viret,
1494 4835 1601 4889 similis
1613 4851 1691 4891 rosae
1702 4837 1823 4908 crescit,

138 4896 237 4955 Fusus
252 4899 302 4956 illo
317 4900 486 4974 involvitur,
502 4903 533 4959 in
551 4910 676 4977 utroque
692 4907 750 4962 fine
771 4911 887 4980 acutus,
903 4909 933 4965 in
991 4917 1102 4971 sterilis
1118 4919 1173 4986 est,
1192 4933 1306 4972 comam
1317 4935 1375 4973 non
1387 4921 1517 4991 deponit,
1533 4924 1696 4978 attractivae
1711 4928 1823 4981 natnrae

100 4985 199 5043 medio
213 4986 301 5062 latus,
319 4990 440 5047 dextera
454 5009 543 5048 manu
558 4996 696 5050 volvitur.
990 5008 1045 5073 est,
1063 5004 1173 5059 fetores
1189 5008 1279 5076 arcet,
1295 5008 1426 5063 victores
1442 5014 1572 5066 coronat.

1026 5092 1184 5163 Heremita,
1200 5095 1336 5151 videatur
1354 5097 1501 5153 Fremitu.

1028 5180 1177 5236 Herodius
1193 5184 1257 5239 avis
1277 5186 1484 5257 rapacissima,
1506 5187 1668 5242 volantium
1680 5190 1824 5261 maxima,

132 5267 256 5326 Galbani
271 5272 345 5327 odor
360 5279 516 5344 serpentes
531 5276 623 5349 fugat,
640 5279 744 5349 estque
761 5294 870 5336 succus
886 5280 930 5336 ie·
993 5269 1121 5340 a‘lunam
1136 5270 1237 5342 Vlsssslb
1253 5273 1284 5327 l¹1
1298 5274 1435 5329 mflxiffllfl
1450 5278 1612 5345 peltarum,
1630 5277 1770 5332 ssldlfissfli·

41 5353 43 5357 ¹
185 5359 343 5430 cujusdam
358 5361 476 5418 arboris
492 5381 559 5435 quae
573 5366 746 5421 nascituri„
760 5366 854 5438 syria,
1022 5356 1125 5412 Hiems
1140 5374 1233 5430 aquas
1249 5362 1394 5433 congelat,
1408 5361 1516 5434 frigida
1529 5368 1585 5434 est,
1599 5368 1702 5420 noctes
1712 5365 1823 5439 longio-

184 5446 243 5501 lina
253 5449 350 5518 pullos
362 5448 418 5504 sub
434 5450 490 5506 alia
505 5452 594 5522 soret,
612 5456 712 5508 contra
727 5456 848 5512 milvum
858 5459 925 5515 tue·
984 5459 1036 5524 ‘9⁸
1052 5444 1141 5501 habel
1156 5447 1271 5518 diebus,
1289 5449 1408 5505 humid⁸
1426 5454 1482 5506 ⁰⁸¹·

92 5533 150 5605 tur,
165 5535 202 5590 (10
214 5537 315 5591 dolore
330 5537 478 5607 pullorum
491 5556 614 5596 suorum
630 5546 762 5615 aegrogag
779 5549 808 5601 01
822 5563 925 5605 paneg,
1020 5533 1174 5589 Hinnulus
1197 5537 1227 5589 in
1250 5538 1380 5593 excelsis
1405 5543 1544 5609 moratur,
1568 5541 1657 5596 velox
1680 5544 1741 5613 est,
1755 5543 1823 5602 visu

92 5622 158 5697 ecit,
171 5628 200 5682 et
214 5625 329 5697 plumas
344 5625 473 5698 deponit,
491 5643 528 5683 ex
543 5629 640 5686 calore
655 5633 796 5703 pascitur.
992 5622 1181 5693 Pefflltlffltffir
1196 5622 1226 5678 5¹¹
1241 5625 1366 5696 rupibus
1381 5627 1506 5684 ⁸¹1m¹¹¹l⁸
1521 5629 1663 5701 millius·

151 5127 221 5184 Gar.
238 5129 300 5186 Vll.
316 5130 426 5188 Deliis
441 5135 763 5207 quibusprimalittara
779 5142 825 5192 θεῖ
842 5137 875 5194 G.
