3796 6022
53 304 114 373 281
457 301 800 369 EXCERPTIONUM
822 299 1026 367 PRIORUM
1048 300 1177 364 LIBER
1197 299 1399 365 DECIMUS.

1723 298 1782 406 2⁸2

53 509 192 580 seipsum
219 523 286 562 cnm
313 506 481 578 provincia,
507 506 554 561 cni
578 509 719 577 praeerat,
745 505 812 577 eJ'us
837 520 891 575 po·
905 483 935 545 Α
950 517 1021 555 num
1036 500 1161 558 feliciter
1179 504 1414 557 consummatum
1437 505 1492 557 est.
1517 503 1619 557 Totam
1641 504 1784 573 praeterea

52 597 154 653 testati
184 598 330 669 promisit.
362 597 453 653 Porro
483 596 553 652 dum
581 596 618 651 ad
647 595 785 651 Carolum
814 596 892 650 sicut
950 589 1076 644 Frisium
1096 592 1183 662 atque
1208 591 1388 646 Britanniam
1412 606 1467 646 suo
1492 591 1654 646 dominatui
1679 590 1784 663 subju·

53 686 168 742 dictum
197 690 243 742 est
271 688 453 742 Francorum
487 703 525 742 ex
559 687 675 758 integro
705 686 892 756 pervenisset
949 680 1039 752 gavit.

51 791 192 848 aeguum,
205 777 322 848 legatus
333 777 475 832 Romana
487 775 631 831 Ecclesiae
643 776 761 832 nomine
774 775 890 842 Petrus,

51 866 88 920 ab
105 866 239 921 Adriano
262 865 401 936 pontifice
425 866 538 921 missus
563 865 598 920 ad
622 865 759 920 eumdem
778 863 891 936 glorio·
985 823 1057 878 (iar.
1075 822 1137 878 Vll.
1152 821 1297 888 Quomodo
1313 822 1576 896 CarolusMapuns
1590 824 1689 879 tactus
1703 830 1749 878 cst

52 969 122 1009 '¹¹⁰¹
136 969 241 1027 ”Sem
256 953 395 1011 Car-oium
414 955 508 1024 venit,
530 954 687 1026 postulans
703 955 740 1009 ab
756 969 791 1010 ao
807 953 892 1008 auxi·
1278 918 1453 984 ¹¹¹²P0P⁸i⁰¹2

51 1042 128 1099 lium
149 1048 254 1100 contra
278 1044 544 1115 Langobardorum
566 1060 668 1116 regem
690 1043 890 1110 Desiderium,
986 1039 1088 1093 Romae
1113 1037 1239 1109 deniqne
1266 1037 1394 1093 Adriano
1419 1054 1502 1110 papae
1527 1039 1709 1111 subrogatus
1731 1042 1784 1095 est

51 1132 104 1205 qui
121 1147 206 1189 more
220 1132 312 1204 patris
329 1133 377 1188 sui
392 1132 529 1204 Astuiphi
544 1134 706 1189 Romanam
720 1133 894 1204 inquietavit
949 1128 1020 1183 Leo.
1032 1126 1151 1181 Praelati
1160 1142 1231 1182 vero
1241 1126 1364 1182 Adriani
1372 1129 1582 1200 papaecognati
1593 1130 1695 1183 llomaa
1704 1144 1783 1183 ccm-

51 1219 233 1277 Ecclesiam.
260 1220 314 1277 Cui
338 1222 463 1277 Carolus
488 1223 632 1278 obediens
656 1222 766 1277 bellum
791 1225 893 1277 contra
948 1219 1102 1272 moventes
1118 1216 1258 1288 populum
1281 1219 1382 1272 contra
1407 1217 1536 1272 Leonem
1559 1232 1663 1289 papam
1678 1222 1783 1275 tenue·

52 1309 245 1367 Desideriurn
274 1328 381 1383 magna
401 1312 510 1367 virium
538 1313 622 1385 copia
645 1312 836 1383 preparavit,
865 1315 894 1365 et
948 1308 1025 1376 runt,
1038 1309 1302 1361 etexcaecaverunt
1318 1322 1480 1375 eum3n0n
1496 1307 1701 1363 tameniumcn
1716 1307 1783 1379 ejus

51 1415 106 1470 per
132 1403 262 1457 montem
291 1398 443 1456 Cenisinm
474 1402 585 1456 ltaliam
614 1401 748 1470 intravit,
774 1405 803 1455 ct
824 1400 891 1456 torti
948 1396 1066 1467 penitus
1086 1395 1261 1466 extinguere
1283 1398 1450 1466 potuerunt.
1477 1398 1514 1450 At
1536 1396 1584 1450 ilie
1601 1395 1735 1469 confugit
1748 1398 1784 1452 ad

51 1489 164 1544 robore
179 1489 314 1545 Ticinum
334 1506 412 1544 nunc
428 1489 548 1562 Papiam
565 1490 656 1547 italiae
672 1491 820 1546 civitatem
836 1490 892 1544 cir·
954 1485 1091 1541 Carnium
1105 1500 1206 1557 regem
1222 1485 1418 1554 Francorum,
1435 1487 1486 1557 qui
1504 1486 1582 1540 ultus
1598 1489 1643 1541 est
1659 1502 1740 1557 eum,
1757 1489 1785 1544 et

51 1577 215 1647 cumdedit,
231 1579 282 1634 uhi
297 1579 484 1635 Desiderium
497 1596 600 1652 regem
617 1581 703 1652 cepit,
721 1584 749 1636 et
764 1581 794 1634 in
809 1580 892 1634 exsi-
948 1575 1077 1631 restituit
1091 1576 1120 1628 in
1136 1575 1239 1630 sedem
1262 1590 1355 1629 suam.
1382 1575 1441 1630 lieo
1463 1592 1535 1631 vero
1551 1575 1703 1631 coronavit
1716 1591 1784 1631 eum

50 1665 126 1723 lium
142 1667 232 1722 misit.
253 1669 504 1726 Pvaetereatiiinm
522 1668 892 1742 DesideriiAdaigisuma
948 1667 978 1720 in
998 1665 1106 1735 templo
1128 1664 1228 1718 Sancti
1249 1664 1329 1720 Petri
1349 1665 1572 1734 imperatorem,
1595 1665 1783 1720 circumdans
1863 1734 1866 1739 Ι

51 1771 149 1828 regno
173 1757 268 1827 patrio
292 1757 450 1830 effugavit,
476 1762 504 1815 et
529 1759 660 1814 subactae
685 1758 775 1814 ltaiiae
799 1759 891 1814 hlium
949 1768 1016 1808 eum
1032 1754 1219 1824 imperatoria
1240 1757 1334 1809 veste.
1352 1754 1493 1825 Tuncque
1515 1755 1573 1826 ipsi
1593 1754 1785 1810 acclamatum

51 1859 142 1900 suum
174 1845 309 1917 Pipinum
337 1863 440 1920 regem
470 1849 630 1904 constituit.
659 1848 722 1914 Quo
751 1850 781 1904 in
809 1849 890 1903 ltalia
949 1847 1046 1902 estab
1063 1845 1265 1917 onmipopulo
1289 1845 1507 1900 Romanorum:
1531 1843 1785 1916 CoroloAnguato

51 1934 220 2004 composito
255 1937 373 2008 negotio
403 1937 583 1993 Saxonicum
613 1938 725 1993 bellum
756 1938 889 2008 arripuit.
950 1937 1044 1991 allec
1059 1941 1205 2002 coronato,
1219 1949 1332 2006 magno,
1347 1932 1471 2005 pacifico
1486 1934 1663 2006 imperatori
1679 1933 1738 1988 vita
1754 1938 1784 1988 et

48 2021 189 2078 Saxones
204 2025 301 2079 autem
318 2026 356 2080 ita
379 2029 449 2080 sunt
472 2027 578 2082 virtute
603 2027 670 2098 ejus
693 2027 847 2097 perdomiti
864 2028 893 2080 et
952 2025 1087 2080 victoria.

50 2111 189 2181 emolliti,
206 2115 238 2167 ut
252 2113 353 2169 decem
369 2114 460 2170 millia
470 2115 622 2171 hominum
631 2116 721 2171 exeis
738 2132 803 2170 cum
819 2131 892 2170 uxo·

48 2201 136 2256 ribus
152 2205 181 2257 et
195 2203 329 2273 parvulis
349 2204 465 2261 sublata
487 2205 684 2274 transtulerit,
708 2207 736 2259 et
755 2221 808 2275 per
821 2204 891 2260 Gal-

48 2288 120 2346 liam
144 2293 174 2346 et
200 2290 387 2347 Germaniam
418 2294 589 2349 muitimoda
614 2293 762 2350 divisione
789 2294 890 2348 distri·
984 2294 1107 2349 ttarolus
1119 2293 1212 2367 igitur
1221 2310 1348 2367 magnus
1360 2309 1397 2349 ex
1408 2309 1479 2366 rege
1490 2295 1672 2348 Francorum
1684 2290 1781 2346 iactus

1061 2168 1122 2222 Car
1149 2167 1225 2222 Vlll.
1244 2167 1286 2221 Do
1300 2167 1425 2239 irnperio
1441 2166 1541 2222 Caroli
1555 2166 1669 2238 elingui.

48 2378 159 2434 buerit.
176 2379 299 2452 ‘l'alique
319 2382 436 2438 tandem
459 2383 627 2438 conditione
649 2383 759 2438 beilum
775 2386 890 2437 constat

48 2482 122 2524 esse
135 2467 270 2538 tinitum,
287 2474 332 2541 ut,
349 2471 466 2544 abJ'ecto
482 2473 649 2528 daemonnm
667 2473 756 2542 cultu,
784 2473 888 2528 Chris-

48 2556 139 2612 tianae
164 2557 234 2614 tidei
260 2564 444 2616 sacramenta
472 2563 676 2632 susciperent,
709 2566 737 2617 et
765 2562 889 2618 Francis

48 2646 125 2701 uniti
139 2661 219 2702 nnus
236 2664 304 2704 cnm
325 2649 369 2705 eia
395 2651 522 2722 populus
547 2650 745 2707 citicerentnr.
768 2651 888 2706 Interim

48 2738 149 2791 tamen
165 2736 236 2792 dum
251 2737 309 2794 hoc
330 2739 440 2795 bellum
464 2745 633 2813 gereretur,
658 2742 813 2813 dispositis
835 2758 889 2812 per

47 2823 114 2880 loca
130 2838 264 2900 congrua
282 2829 447 2900 presidiis,
464 2830 636 2902 Hispaniam
652 2835 697 2887 est
717 2833 886 2904 ingressus.

47 2912 193 2988 Saltuqne
214 2916 350 2988 Pyrenaei
374 2920 482 2976 montis
508 2925 661 2992 snperato,
685 2924 714 2977 et
733 2921 885 2991 omnibns,

48 3019 116 3076 quaa
140 3005 271 3075 adierat,
301 3009 418 3080 oppidis
443 3013 530 3082 atque
555 3010 685 3065 castellis
709 3012 740 3065 in
764 3010 887 3066 deditio-

948 2384 1107 2454 imperator
1124 2386 1337 2452 Romanorum,
1359 2399 1434 2437 anno
1450 2382 1664 2437 incarnationis
1684 2381 1783 2436 Domi·

947 2474 1022 2529 nicae
1037 2475 1302 2547 septingentesimo
1319 2474 1502 2546 octogesimo
1520 2476 1639 2544 quarto,
1656 2474 1781 2542 impera·
1833 2477 1836 2483 ’

946 2564 987 2617 vit
1002 2564 1087 2619 annis
1105 2565 1222 2619 circiter
1233 2564 1425 2637 quadraginta
1438 2567 1561 2634 septem.
1575 2562 1630 2617 ilic
1641 2563 1782 2632 suscepta

947 2653 1025 2707 sicut
1040 2655 1178 2724 superius
1195 2654 1364 2709 dictumest
1379 2656 1407 2708 et
1422 2653 1553 2708 ordinata
1567 2651 1720 2724 republica
1734 2651 1782 2705 in-

947 2742 1064 2796 choavit
1079 2758 1168 2812 opera
1184 2743 1308 2812 plurima
1324 2743 1360 2797 ad
1374 2743 1488 2813 imperii
1508 2742 1690 2814 dignitatem,
1706 2741 1783 2797 inter

946 2847 1012 2902 quae
1024 2833 1161 2887 videntur
1171 2847 1240 2887 esse
1248 2833 1408 2903 praecipua,
1419 2832 1542 2887 basilica
1554 2831 1669 2887 Sanctae
1680 2831 1781 2886 Mariae

946 2921 1145 2997 Aquisgrarti,
1161 2925 1189 2976 et
1204 2937 1279 2991 pons
1298 2921 1375 2991 apud
1394 2921 1613 2993 blagunliacurn
1628 2921 1659 2974 in
1676 2920 1781 2976 Rheno

946 3010 1176 3083 quingentorum
1209 3026 1354 3082 passuum
1386 3010 1591 3082 longitudinis.
1627 3009 1781 3080 Praecipue

47 3109 117 3148 nem
131 3096 295 3166 susceptis,
312 3113 453 3153 reversus
465 3103 521 3155 est.
535 3098 593 3154 Sed
609 3101 678 3156 dum
694 3101 762 3155 inde
778 3100 887 3155 rediret
906 3101 1027 3174 caedes
1043 3117 1146 3155 sacras
1161 3101 1191 3155 in
1207 3104 1266 3155 toto
1278 3115 1370 3172 regno
1383 3115 1437 3154 sno
1449 3100 1617 3169 ubicunque
1633 3098 1780 3168 collapsas

47 3183 77 3239 iu
94 3182 165 3254 ipso
181 3184 317 3255 Pyrenaei
330 3186 405 3259 jugo
421 3187 592 3260 Vasconum
607 3190 760 3260 pertidiam
774 3193 820 3245 est
835 3206 886 3244 ex·

47 3275 163 3342 pertus.
181 3272 257 3328 Nam
274 3290 340 3329 cum
362 3278 479 3348 agmine
504 3277 593 3350 longo
618 3282 650 3332 nt
672 3278 730 3333 loci
751 3283 779 3333 et
793 3295 887 3350 angn-

47 3361 175 3416 stiarum
183 3362 251 3417 sitis
261 3364 564 3436 exigebatporrectus
576 3368 632 3423 iret
642 3368 801 3436 exercitus,
813 3368 887 3422 Vas·

47 3465 141 3506 eones
158 3450 189 3506 iu
205 3451 274 3507 sinu
290 3454 398 3509 montis
413 3454 530 3510 insidiis
546 3456 709 3526 collocatis,
727 3459 887 3512 extremam

46 3543 162 3610 partem
177 3543 306 3614 agminis
321 3543 508 3616 invaserunt,
533 3549 560 3600 et
584 3546 613 3600 in
638 3545 803 3618 subJ'ectam
823 3547 886 3601 val-

45 3628 105 3684 lem
120 3629 305 3702 dejecerunt.

80 3717 291 3792 Consartoque
303 3738 369 3777 cum
381 3723 425 3779 eis
438 3724 551 3795 praelio,
566 3741 755 3797 omnesquae
768 3725 887 3780 invene-

46 3810 117 3864 runt
131 3809 354 3867 interfecerunt.
372 3810 404 3868 in
421 3829 480 3885 quo
496 3814 598 3885 praelio
616 3815 821 3887 Eggibardus,
837 3831 887 3870 re-

47 3897 107 3968 gioe
122 3911 238 3954 mensae
249 3902 439 3972 praepositus,
452 3903 614 3958 Ansclmus
627 3920 727 3959 comes
738 3903 847 3974 palatii,
860 3907 889 3960 et

46 3985 205 4042 Rotundus
230 3989 391 4059 praelectus
415 3991 517 4047 limitis
542 3993 704 4048 Britannici
729 4009 795 4048 cnm
819 3992 887 4049 aliis

45 4075 254 4147 compluribus
270 4078 417 4136 interiecti
437 4085 516 4136 sunt.
540 4081 585 4136 Ex
608 4083 717 4154 quibus
735 4082 886 4138 ilolandus

44 4164 148 4221 Blavia
165 4160 288 4223 castello
304 4168 475 4239 deportatus
490 4173 518 4226 et
533 4171 679 4242 sepultus.
698 4171 753 4226 His
768 4187 885 4243 quoqne

44 4253 153 4309 diebus
168 4270 295 4327 magnus
310 4273 364 4313 rex
379 4257 560 4315 Francorum
581 4260 707 4317 Carolus
722 4260 759 4314 ab
775 4259 885 4331 Hispa-

44 4343 93 4398 nia
115 4359 259 4400 reversus
281 4348 390 4418 reperit
417 4348 577 4422 conjugem
603 4350 815 4422 liildegardam
830 4366 885 4422 ge·

945 3192 1055 3262 reperit
1063 3189 1261 3261 pontificibus,
1272 3189 1308 3243 ad
1317 3205 1442 3260 qaorum
1450 3204 1550 3243 curam
1558 3186 1781 3258 pertinebantut

945 3282 1194 3347 restaurarentur,
1211 3277 1355 3333 adhibens
1372 3293 1471 3332 cinam
1486 3293 1539 3348 por
1554 3277 1670 3349 legatos
1686 3275 1781 3347 impe·

944 3370 1038 3439 ravit,
1065 3372 1096 3423 ut
1119 3369 1259 3447 imperata
1283 3368 1505 3439 perficerentur.
1531 3366 1685 3436 Praecipue
1708 3381 1780 3421 vero

946 3459 1109 3514 Romanam
1134 3457 1298 3513 Ecclesiam
1322 3456 1512 3526 defendebat,
1539 3458 1567 3511 ct
1588 3457 1653 3511 suis
1674 3455 1781 3526 opibus

945 3548 1117 3603 exornabat.
1136 3546 1323 3619 Religionem
1339 3546 1530 3601 christianam
1543 3561 1658 3600 stimma
1674 3545 1780 3617 pietate

945 3653 1065 3708 semper
1081 3636 1224 3706 excoluit,
1242 3639 1269 3691 et
1283 3636 1441 3691 ecclesiam
1457 3651 1541 3691 mane
1556 3638 1584 3689 et
1599 3649 1735 3705 vespere,
1753 3635 1781 3688 et

944 3726 1099 3782 nocturnis
1114 3726 1212 3795 horle,
1230 3729 1257 3780 et
1276 3726 1414 3780 sacrificii
1435 3728 1566 3796 tompore
1581 3723 1709 3796 impiger
1722 3723 1780 3778 ire·

944 3816 1105 3889 quentavit.
1122 3816 1205 3870 Circa
1225 3830 1371 3886 pauperes
1394 3830 1510 3885 quoque
1531 3814 1657 3867 maxima
1673 3811 1780 3867 libera÷

944 3905 1023 3960 litate
1035 3905 1177 3976 praeditus
1189 3907 1260 3974 erat,
1272 3907 1302 3958 ut
1314 3904 1432 3975 quinon
1444 3903 1541 3958 solum
1556 3902 1586 3956 in
1600 3916 1694 3973 regno
1710 3917 1777 3970 suo,

944 4011 1047 4050 verum
1064 3995 1150 4049 etiam
1167 3994 1195 4047 in
1212 3992 1417 4047 transmarinis
1438 3991 1613 4064 regionibus
1629 3990 1689 4046 iilis
1704 3989 1779 4045 sub-

944 4083 1095 4152 veniebat,
1114 4085 1141 4138 et
1156 4083 1185 4136 in
1200 4082 1329 4154 Syriam,
1351 4081 1529 4153 AEgyptnm,
1545 4083 1574 4136 et
1588 4079 1734 4149 Africam,
1750 4081 1780 4136 et

943 4172 1174 4244 lerosolymam,
1191 4175 1220 4225 et
1233 4170 1451 4239 Alexandriam,
1468 4174 1554 4242 atquc
1570 4170 1779 4242 Carthaginem

943 4262 1086 4331 pecunias
1103 4260 1210 4314 multas
1231 4260 1345 4314 mittere
1366 4258 1528 4330 satagebat.
1546 4258 1737 4332 Legebantur
1752 4257 1778 4314 ei

941 4349 1086 4419 historice,
1107 4351 1134 4403 et
1158 4365 1207 4404 res
1234 4351 1338 4422 gestae.
1366 4348 1572 4404 Delectabatur
1593 4352 1622 4404 et
1640 4349 1671 4403 in
1691 4347 1776 4403 libris

43 4431 268 4490 ninamedtsee
279 4435 402 4506 prolem.
415 4437 488 4492 Post
499 4438 562 4493 haec
573 4437 697 4493 Carolus
714 4437 884 4510 subjugatis
900 4432 926 4493 D
942 4438 1035 4493 sancti
1053 4438 1226 4510 Augustini,
1247 4438 1395 4510 praecipue
1418 4439 1447 4492 in
1468 4439 1515 4508 iis,
1537 4437 1586 4508 qui
1602 4437 1644 4492 De
1660 4436 1776 4493 civitate

45 4518 298 4580 Narbonensibus
314 4525 345 4580 in
361 4525 514 4581 Franciam
530 4543 692 4600 regressus
711 4531 766 4597 cst,
783 4530 811 4581 et
825 4543 884 4582 non

43 4611 252 4682 postmultum
275 4615 418 4685 temporis
444 4615 481 4670 ad
503 4615 632 4687 Capuam
652 4616 820 4688 Campaniae
837 4634 884 4671 ur-

41 4697 113 4754 bem
124 4714 180 4771 per
194 4700 306 4756 ltaliam
321 4705 461 4774 perrexit,
474 4707 503 4760 at
518 4706 586 4760 inde
600 4705 721 4760 rediens
732 4706 884 4761 Beneven-

41 4787 121 4843 tanis
136 4787 247 4844 beilum
262 4790 376 4846 indixit.
390 4793 500 4848 Verum
511 4793 572 4849 dux
582 4793 758 4862 Provinciae,
776 4794 883 4865 Aragi-

43 4893 99 4931 sus
111 4876 241 4946 nominc,
254 4879 436 4935 ferocitatem
446 4883 529 4954 regis
541 4881 619 4938 iarre
630 4897 689 4938 non
703 4881 880 4953 praevalens,

40 4965 122 5020 tilios
139 4982 224 5035 suos,
244 4966 439 5024 somonam
451 4970 700 5041 etGrimoaidum,
718 4969 840 5025 obsides
855 4971 881 5025 ei

41 5070 95 5124 pro
124 5057 330 5111 conservanda
356 5058 494 5114 strictitate
517 5060 691 5115 transmisit.
718 5059 882 5114 etiterum

40 5146 110 5214 post
126 5143 192 5199 haec
207 5145 332 5201 Carolus
344 5146 470 5219 itlagnus
482 5149 517 5203 ad
528 5148 650 5204 Galliam
661 5162 813 5203 reversus.
826 5147 881 5201 Ba·

37 5230 191 5305 joaricnm
205 5232 332 5306 denique
349 5236 458 5291 beilum
479 5242 524 5292 cst
539 5240 684 5307 exortum,
701 5240 731 5293 et
745 5236 882 5291 celeriter

40 5324 291 5379 consummatum.
308 5323 365 5380 Sed
383 5330 411 5380 et
431 5326 547 5381 Snaevis
566 5326 677 5383 bellum
691 5325 877 5396 catillatum,

40 5409 115 5465 Dani
128 5425 202 5466 vcro
219 5411 336 5469 Suaevis
353 5418 435 5469 erant
450 5414 651 5471 confederati.
668 5413 726 5470 Sed
742 5415 798 5470 hos
815 5431 879 5469 onr-

38 5515 94 5554 nes
110 5514 170 5554 una
183 5502 296 5557 tautum
311 5502 498 5573 expeditione
510 5503 640 5559 edomuit
650 5501 784 5559 Carolus
798 5504 878 5559 Hun-

38 5604 94 5644 nos
112 5602 232 5661 quoque
253 5594 281 5645 et
303 5592 419 5647 Avares
438 5592 517 5648 bello
538 5609 706 5666 aggressus
722 5596 778 5649 est.
794 5592 877 5657 Quod

37 5676 152 5733 beilum
170 5676 244 5734 intra
259 5681 406 5754 octavum,
424 5696 462 5737 ex
484 5698 542 5755 quo
563 5685 690 5754 coeptum
705 5682 811 5755 fuerat,
826 5697 878 5737 au-

943 4528 995 4582 Dei
1016 4527 1132 4582 titulum
1154 4527 1272 4582 hahent.
1297 4526 1405 4582 Habuit
1428 4530 1571 4598 practerea
1596 4528 1656 4581 tros
1681 4525 1775 4595 iiiios,

942 4616 1089 4687 Carnium,
1107 4616 1271 4686 Pippinum,
1284 4620 1312 4671 ct
1328 4616 1520 4671 Ludcvicum.
1534 4615 1642 4668 Verum
1658 4613 1777 4669 tandem

941 4704 1118 4775 magnificus
1136 4705 1293 4775 imperator
1308 4704 1432 4759 Carolus
1448 4720 1515 4758 cum
1530 4703 1617 4756 tinem
1633 4701 1691 4757 sibi
1706 4702 1776 4758 vitae

941 4797 1075 4849 cerneret
1088 4795 1249 4860 imminere,
1263 4794 1413 4874 Ludovico
1428 4793 1488 4847 lilio
1500 4807 1555 4847 suo
1567 4807 1706 4848 coronam
1721 4791 1775 4847 im-

939 4883 1080 4953 perialem
1096 4882 1261 4954 dereliquit.
1278 4882 1414 4937 Decessit
1425 4885 1521 4937 autem
1534 4896 1611 4937 anno
1626 4881 1694 4936 vitae
1710 4897 1774 4936 suaa

940 4971 1162 5042 septuagesimo
1182 4971 1330 5039 secundo,
1354 4971 1439 5043 regni
1456 4987 1527 5026 vero
1543 4970 1589 5026 sui
1605 4971 1774 5044 quadrage·

939 5060 1015 5114 simo
1031 5060 1172 5130 septimo,
1193 5062 1221 5114 et
1236 5059 1450 5115 iucarnationis
1465 5059 1574 5116 Christi
1591 5060 1773 5132 octingente-

938 5148 1014 5203 simo
1043 5148 1158 5204 decimo
1186 5152 1307 5220 quarto,
1336 5149 1496 5205 indictione
1521 5154 1641 5222 quarta,
1671 5151 1773 5224 quinto

938 5236 1086 5292 Kalendas
1105 5237 1266 5292 Februarii.
1279 5238 1424 5310 'Sepultus
1436 5241 1482 5294 cst
1492 5244 1589 5295 autem
1600 5241 1629 5295 in
1646 5239 1775 5295 ecclesia

937 5327 1035 5381 Beatus
1051 5327 1152 5381 lilariae
1168 5329 1361 5400 Aquisgrani.
1381 5328 1492 5385 Eodem
1507 5346 1625 5402 quoque
1640 5332 1771 5399 tempore

936 5415 1040 5470 claruit
1055 5415 1197 5487 AEgidius
1214 5420 1336 5473 sanctus
1353 5418 1510 5474 confessor
1524 5419 1703 5491 praecipuus,
1721 5431 1771 5470 na-

935 5504 1013 5559 tione
1029 5504 1166 5576 Graecus,
1183 5507 1233 5578 qui
1250 5507 1303 5561 Dei
1323 5512 1394 5563 nutu
1409 5509 1532 5563 veniens
1548 5507 1584 5562 ad
1599 5505 1724 5573 Gallias,
1741 5503 1771 5558 in

934 5593 1086 5664 provincia
1106 5596 1153 5649 cui
1175 5595 1354 5667 Septimania
1378 5612 1484 5651 nomen
1506 5599 1566 5666 est,
1588 5592 1770 5659 eremiticam

933 5682 1017 5738 duxit
1030 5685 1131 5741 vitam.
