3796 6022
604 239 833 314 ssauouas
857 249 1033 317 csuruu
1227 332 1229 337 ,
1601 262 1681 328 roes

64 441 219 499 »diabolas
229 459 296 499 cum
307 445 459 501 universis
470 444 610 519 malignis
622 444 787 518 spiritibus,
802 432 832 495 Α
852 450 1035 522 compendia,
1052 451 1184 509 honores
1192 455 1329 511 terrenos
1344 457 1494 528 promittit,
1504 461 1536 514 ut
1544 459 1683 517 caelestes

63 530 129 586 obis
142 530 313 588 homiuibus
328 537 503 604 potestatem
518 550 573 590 aas
588 536 786 607 persequendi
851 538 973 595 auferat.
985 539 1211 613 Ostentatsalsa,
1220 546 1251 598 ut
1261 560 1331 599 vera
1347 546 1501 617 subripiat.
1515 546 1628 604 Etcum
1642 548 1683 604 la·

63 619 131 674 andi
147 620 289 675 divinitas
314 622 481 678 refrenatus
503 625 617 679 emittit.
633 623 669 678 Et
683 628 789 697 regnat
849 629 945 681 tenter
959 633 1123 699 nonpotest
1137 631 1250 702 tallere,
1260 637 1362 689 exerte
1377 639 1464 706 atque
1475 640 1574 706 aperte
1585 638 1680 693 mina-

64 711 155 778 oster,
167 709 236 779 quia
244 711 352 766 damin
361 712 449 766 nobis
458 713 718 786 conciditregnum
728 713 789 769 dia·
848 718 904 770 tur.
921 715 1077 773 Terrorem
1088 719 1214 775 turbidae
1223 725 1441 791 persecutionis
1450 724 1572 780 intentat
1580 727 1616 781 ad
1627 727 1680 783 de-

64 796 131 851 titur
144 801 173 852 et
187 802 286 853 manet
296 815 423 873 regnum
437 800 557 856 Christi.
575 801 661 856 Nunc
677 799 786 874 itaque,
846 801 1003 860 bellandas
1018 821 1125 861 servos
1141 807 1204 878 Dei,
1217 809 1369 880 inquietus
1384 827 1503 882 semper
1517 816 1546 868 et
1560 829 1680 886 semper

64 886 123 940 rimi
138 886 237 957 nobis,
254 887 282 941 si
297 903 356 943 non
367 904 471 944 semen
482 890 630 961 Chanaaa,
647 891 701 945 sed
711 890 786 945 luda
847 890 1030 964 ialestus3in
1040 910 1112 966 pace
1122 896 1337 953 subdolasetin
1348 901 1555 970 persecutione
1566 901 1679 957 violeu-

64 974 172 1046 ,illius,
186 975 315 1047 inquam,
331 977 419 1047 luda,
435 978 471 1032 de
486 994 545 1050 quo
563 980 708 1050 seriptum
723 982 784 1035 est:
846 981 905 1035 tus.
917 979 1114 1046 Quamobrem
1130 988 1232 1040 contra
1243 1000 1346 1043 omnes
1357 988 1475 1056 diaboli,
1491 990 1539 1045 vel
1554 989 1677 1047 fallaces

64 1063 253 1119 claudebant
263 1065 380 1121 iratres
392 1067 435 1121 tal
445 1066 532 1137 (Gen.
544 1067 636 1138 xcix).
646 1066 788 1123 Conlltea·
846 1067 982 1140 insidias,
999 1070 1045 1124 vel
1066 1075 1182 1142 apertas
1198 1074 1293 1129 minas
1313 1078 1393 1131 stare
1407 1077 1495 1133 debet
1510 1079 1674 1136 instructus

64 1153 157 1208 *imum
167 1157 288 1224 peccate
299 1157 412 1225 nostra,
429 1155 513 1210 etsie
529 1156 718 1212 immolemus
735 1172 787 1211 sa·
845 1156 962 1212 animus
977 1160 1006 1213 et
1020 1162 1161 1231 armatas,
1178 1164 1238 1217 tam
1252 1167 1371 1234 paratus
1387 1165 1424 1220 ad
1438 1168 1674 1240 repugnandum,

64 1242 200 1297 mlauais
210 1243 345 1314 Domino,
356 1247 384 1298 et
390 1244 549 1299 reddamus
557 1244 710 1301 altissimo
719 1248 787 1300 vota
846 1259 933 1316 quam
947 1249 994 1302 cst
1008 1261 1127 1318 semper
1145 1249 1182 1303 ad
1197 1249 1429 1324 impugnandum
1443 1248 1563 1325 pn'ratus
1578 1256 1678 1312 inimi-

66 1330 251 1403 intempore,
264 1335 295 1387 ut
303 1348 370 1387 cum
382 1333 448 1404 ipso
457 1348 617 1406 regnemus
626 1334 657 1388 ia
667 1335 786 1389 aetermi-
845 1349 910 1389 cus.

64 1419 118 1475 uod
133 1420 221 1475 nobis
232 1425 377 1492 praestare
389 1423 528 1495 dignetur
542 1423 634 1478 lesus
648 1421 786 1478 Christus
880 1422 957 1478 Sane
968 1427 1105 1496 quatuor,
1117 1427 1195 1496 sunt,
1208 1427 1301 1499 aspis,
1311 1427 1484 1502 basiliscus,
1499 1430 1556 1503 leo,
1573 1433 1673 1505 draco,

64 1524 101 1564 us
111 1511 281 1582 noster,qui
291 1514 337 1566 est
348 1511 429 1567 Deus
439 1511 782 1568 benedictusinsoecula.
844 1526 911 1582 quae
925 1511 956 1566 i'a
966 1513 1111 1583 principio
1124 1517 1274 1570 sermonis
1290 1518 1456 1589 posuimuS,
1465 1536 1520 1591 per
1530 1537 1596 1592 quae
1606 1522 1674 1577 uai-

843 1600 992 1656 versalem
1007 1601 1116 1656 diaboli
1131 1603 1272 1659 malitiam
1287 1606 1453 1680 intelligere
1468 1624 1630 1680 possumus
1647 1614 1676 1666 et

256 1687 386 1744 SEllMO
409 1689 484 1744 LlV.
844 1687 998 1744 dehemus.
1010 1689 1121 1745 Ferunt
1135 1691 1171 1746 de
1186 1693 1289 1764 aspide
1301 1695 1381 1766 quod
1396 1711 1462 1751 cum
1480 1697 1601 1768 caeperit
1616 1699 1675 1770 pati

219 1777 254 1831 In
276 1778 518 1851 Quadrupesima.
843 1777 1065 1847 incantatorem,
1078 1779 1390 1854 quieamquibusdam
1409 1786 1591 1842 carminibus
1607 1802 1676 1858 pro·

64 1881 88 1919 rr
102 1864 787 1936 aspidemetbasiliscumambulabisetcoucal-
844 1866 919 1937 priis
929 1870 1080 1937 provocat,
1098 1871 1129 1922 ut
1140 1883 1203 1923 eam
1219 1869 1256 1924 de
1271 1886 1397 1926 caverna
1412 1873 1527 1945 educat,
1544 1874 1593 1929 illa
1609 1891 1676 1931 cum

64 1953 167 2009 'eonem
177 1954 475 2025 etdracoacmlPsal.
485 1954 713 2026 xc).Hocsaero
725 1971 788 2010 ma·
844 1955 927 2010 exire
942 1955 1080 2026 nolucrit,
1091 1972 1181 2011 unam
1191 1959 1331 2014 auremia
1346 1962 1455 2015 terram
1469 1962 1585 2032 proruit,
1600 1963 1674 2018 alte·

64 2042 461 2112 tmpore,charissimiaobis‚
471 2045 787 2100 utsacraconsuetudo
844 2059 908 2098 ram
923 2044 1015 2099 cauda
1025 2044 1180 2101 obturatet
1197 2048 1301 2118 operit,
1313 2049 1417 2122 sicque
1433 2065 1526 2105 voces
1537 2049 1603 2105 illas
1615 2066 1675 2106 ma-

65 2131 105 2185 im
114 2134 318 2202 repraesentat,
331 2133 361 2185 in
373 2133 481 2188 castris
496 2131 788 2188 Ecclesiaetubacce-
845 2132 929 2204 gieas
944 2147 1004 2186 aon
1014 2133 1138 2188 audiens
1148 2149 1208 2189 non
1224 2138 1293 2191 exit.
1302 2139 1392 2209 Aspis
1407 2139 1507 2211 igitur,
1518 2155 1585 2211 quae
1600 2155 1672 2195 suas

64 2219 178 2290 luditur,
188 2221 338 2275 exercitus
348 2221 788 2293 Christianusconvocatur,sti-
845 2236 934 2276 aures
943 2222 1106 2277 obturando
1119 2227 1334 2281 coatravoecm
1347 2227 1523 2281 incantantis
1535 2243 1569 2282 se
1583 2229 1676 2299 perti-

66 2322 95 2362 m
105 2308 248 2364 doctrinm
264 2310 407 2380 spiritalis
422 2310 570 2381 tribuitur,
581 2311 692 2366 Christi
702 2310 788 2365 miles
845 2310 959 2365 nacitor
973 2316 1082 2378 servat,
1098 2327 1135 2366 ae
1157 2316 1261 2384 exeat,
1286 2316 1407 2369 sardam
1421 2318 1450 2370 et
1467 2316 1676 2373 insensibilem

64 2399 132 2470 itur,
143 2414 278 2470 campum
289 2414 383 2454 sacrae
398 2400 584 2455 abstinentiae
596 2415 662 2455 cum
671 2400 787 2456 diabolo
846 2401 949 2454 contra
961 2414 1019 2454 aas
1033 2400 1143 2455 diaboli
1157 2403 1348 2472 pertinaciam
1367 2408 1447 2458 recte
1462 2404 1580 2476 ligarat.
1597 2405 1675 2461 ilinc

66 2499 119 2539 ras
129 2486 305 2557 ingreditur,
316 2491 344 2542 et
353 2488 444 2541 armis
455 2488 633 2542 virtutumet
642 2488 788 2543 bonorum
846 2491 892 2543 est
903 2488 982 2560 quod
993 2488 1029 2543 de
1039 2489 1099 2544 illis
1108 2505 1185 2561 quos
1196 2491 1266 2545 vitio
1275 2506 1339 2548 suoe
1350 2492 1541 2565 malignitatis
1550 2492 1677 2549 obdura·

64 2576 219 2629 amonitus
230 2576 414 2647 aggreditur,
426 2592 524 2649 pagna
532 2578 732 2647 committitur,
749 2578 789 2631 vi·
846 2581 904 2647 tos,
921 2577 952 2631 ia
975 2576 1053 2632 malo
1077 2579 1245 2648 pertinaces
1268 2581 1348 2651 facit,
1369 2581 1476 2635 dicitur
1496 2581 1525 2635 iu
1548 2581 1678 2652 psalmo:

64 2667 205 2735 speratur,
222 2664 318 2720 hostis
334 2666 471 2730 vincitur,
489 2666 656 2737 triumphus
672 2667 789 2723 revehi·
846 2665 945 2721 Furor
952 2666 1018 2720 illis
1027 2668 1418 2725 secuudurnsimilitudiaem
1429 2671 1591 2742 serpentis,
1600 2671 1677 2727 sicut

64 2753 789 2827 reaadonatur,paxbelloquoesitasecuriuspos-
846 2755 1679 2831 aspissurdaeetobturaatisauressuas,·quaeaoaexau·

64 2857 80 2897 ·.
98 2842 165 2897 Non
181 2843 269 2897 debet
282 2844 370 2899 miles
384 2844 504 2915 Christi,
522 2851 647 2901 sonante
663 2846 790 2902 buccina
846 2844 910 2898 diet
923 2859 1021 2899 rocem
1029 2845 1253 2913 incantantium,
1265 2852 1295 2901 et
1308 2847 1432 2903 venenu·
1436 2848 1676 2906 incantantissa-

64 2931 88 2986 is
104 2933 330 3003 exhortationis,
347 2933 384 2987 ad
408 2948 567 2988 occursum
589 2935 685 2989 hostis
699 2936 790 2990 validi
844 2932 968 3004 pieater
983 2932 1080 3003 (Psal.
1097 2936 1178 3005 auu).
1197 2935 1355 2991 Veneticae
1371 2936 1522 3007 sapienter
1535 2938 1680 3010 incantat,

64 3035 114 3091 ue,
130 3036 198 3075 cum
213 3023 386 3094 evangelica
406 3022 529 3077 docente
545 3022 669 3077 historia
685 3024 790 3079 ducem
848 3021 917 3077 dum
932 3021 1036 3076 doctor
1055 3023 1189 3077 eruditus
1211 3023 1361 3093 sapienter
1381 3024 1537 3096 prmdicat,
1560 3030 1589 3081 et
1609 3028 1680 3082 totis

64 3111 160 3164 ortem
170 3116 313 3165 armatam
325 3113 481 3183 cognoscit
495 3111 605 3166 dudum
616 3127 788 3183 superasse.
805 3126 831 3188 0
847 3110 962 3165 viribus
972 3111 1080 3181 studet,
1088 3112 1310 3181 atpeceatorem
1317 3111 1352 3166 de
1362 3129 1425 3167 suae
1431 3115 1585 3184 pravitatis
1593 3114 1679 3170 abdi-

63 3204 193 3254 armatus
205 3201 354 3271 diabolus,
366 3204 471 3255 atrium
482 3200 550 3272 ejus
558 3201 697 3271 mundae,
710 3216 791 3255 arma
847 3200 886 3253 tis
897 3199 933 3253 ad
948 3200 1045 3255 lucem
1055 3200 1188 3254 veritatis
1203 3199 1339 3255 abducat.
1353 3200 1411 3256 Sed
1427 3203 1510 3273 aspis
1519 3206 1596 3257 terra
1608 3217 1679 3258 eau-

65 3288 176 3343 iritales
186 3291 366 3362 estastutiae,
380 3305 452 3344 vasa
464 3290 611 3361 homines,
621 3289 726 3344 fortior
741 3305 791 3345 su·
848 3287 944 3360 daque
953 3303 1025 3343 suas
1034 3304 1123 3344 aures
1133 3290 1260 3360 obturat,
1272 3304 1309 3345 ne
1320 3305 1424 3345 vocem
1435 3291 1612 3347 incantantis
1626 3307 1681 3346 au-

64 3378 135 3432 riens
146 3378 295 3450 Christus,
312 3379 436 3449 direptio
452 3396 612 3451 vasorum,
628 3379 791 3451 redemptio
849 3377 945 3431 distet
956 3380 1051 3448 exeat,
1066 3378 1283 3449 dampeccator
1300 3378 1369 3434 hiac
1380 3394 1480 3435 amare
1497 3384 1683 3436 terrenorum

64 3469 208 3540 umjLuc.
224 3474 276 3538 xi).
296 3468 380 3523 Venit
392 3471 491 3541 itaque
505 3469 689 3542 Christus-ia
704 3485 791 3524 mua·
849 3465 1047 3538 vietus,illiae
1056 3467 1152 3538 despe
1160 3468 1267 3523 suturae
1276 3469 1500 3542 emendationis,
1508 3485 1596 3543 quam
1605 3469 1685 3525 circa

64 3557 351 3630 itliberaretgenus
367 3558 537 3629 humanum,
553 3562 582 3613 et
596 3559 668 3613 utin
683 3562 793 3613 terram
851 3557 921 3610 vitae
934 3556 1024 3610 ίὶιιοιιι
1039 3556 1086 3612 vel
1101 3558 1133 3611 ia
1148 3557 1205 3611 tiae
1220 3558 1340 3628 quidam
1356 3560 1500 3630 consequi
1511 3559 1682 3630 creduntur,
1743 3573 1749 3591 ’

64 3650 86 3702 et
95 3662 154 3702 aon
162 3661 276 3717 pacem,
287 3648 340 3702 sed
348 3648 476 3719 gladium
487 3647 794 3718 (illntth.x).Maledi-
852 3645 911 3699 sibi
924 3644 1082 3701 blandiens
1101 3647 1199 3701 modis
1219 3647 1357 3703 omuibus
1373 3648 1515 3719 elaborat,
1530 3663 1567 3703 ae
1580 3647 1683 3720 justus

64 3737 382 3808 goquil'nertopasllei
389 3738 589 3810 negligenter,
600 3738 685 3810 etqui
691 3738 794 3809 prohi—
852 3733 972 3790 monitis
988 3735 1026 3790 ad
1039 3751 1175 3806 praesens
1187 3736 1313 3791 obediat.
1325 3737 1418 3807 Aspis
1428 3737 1526 3807 itaque
1536 3737 1686 3792 diabolum

64 3826 154 3881 rdiam
165 3841 248 3880 suam
264 3827 438 3898 asaapairre
447 3827 643 3898 (Jemxavur).
656 3826 701 3896 Et,
714 3829 745 3880 ut
755 3827 795 3881 ait
854 3839 987 3896 congruo
1002 3824 1111 3896 ligarat
1125 3825 1220 3896 quiin
1243 3840 1298 3878 sua
1316 3825 1497 3896 malignitate
1513 3827 1615 3879 contra
1629 3840 1686 3880 uos

64 3929 108 3986 aa,
115 3916 214 3986 primo
222 3922 334 3987 ternpus
346 3917 427 3983 belli,
441 3922 470 3970 et
476 3923 580 3987 postea
591 3929 706 3988 tempus
711 3916 795 3987 pacis
851 3913 934 3968 velut
948 3913 1059 3967 surdus
1071 3917 1099 3967 et
1108 3912 1295 3967 insensibilis
1301 3913 1492 3982 pertinaciter
1501 3915 1684 3984 perseuerat.

64 4012 137 4075 ῑιιι).
155 4004 283 4075 Tempus
291 4005 362 4059 belli
373 4006 404 4058 in
415 4006 533 4076 mundo,
544 4011 661 4075 tempus
672 4005 754 4074 pacis
765 4004 796 4058 ia
854 4002 1045 4057 Peccatorem
1065 4015 1182 4071 quoque
1193 4004 1273 4056 recte
1289 4001 1440 4074 significat
1454 4002 1506 4077 qui
1519 4001 1551 4059 ia
1565 4018 1686 4074 pravam

64 4092 116 4148 Pro
126 4094 240 4148 viribus
250 4109 322 4165 ergo
331 4111 509 4167 pugnemus,
519 4093 796 4164 utadeptarictoria
855 4090 1101 4146 consuetudinem
1115 4104 1200 4144 suam
1216 4094 1320 4146 trusus
1335 4091 1525 4163 pertinaciter
1539 4092 1684 4161 renititur,

64 4198 77 4238 o
93 4183 237 4238 laetemur.
254 4184 337 4248 Quod
352 4185 524 4257 sipugnare
540 4188 569 4238 et
583 4197 726 4253 superare
742 4198 796 4237 ne·
854 4195 891 4235 ue
903 4179 997 4251 justis
1013 4180 1133 4234 monitis
1148 4179 1329 4251 acquiescat.

64 4289 119 4343 us,
141 4273 379 4345 expugnabimur
401 4278 429 4327 et
453 4272 671 4345 superabimur.
692 4271 796 4326 Hostis
890 4269 949 4324 Sed
965 4283 1032 4340 uos,
1050 4268 1231 4340 charissimi,
1256 4271 1417 4343 diabolum,
1443 4288 1532 4345 quem
1548 4270 1686 4326 hocloco

64 4361 704 4434 moster-noudormitaequodormitat(Psal.
714 4362 795 4431 cxx),
853 4375 908 4430 per
921 4358 1265 4430 aspidemprincipaliter
1275 4360 1427 4434 designari
1442 4362 1582 4432 diximus,
1598 4360 1688 4415 toties

64 4453 798 4526 rqaaurleorupienscircuit,quaereasquemdevo·
855 4448 996 4504 ettandia
1009 4447 1087 4502 fusis
1102 4449 1139 4502 ad
1155 4449 1248 4503 ileum
1262 4450 1403 4518 precibus
1414 4453 1443 4504 et
1456 4450 1553 4503 saeris
1568 4448 1688 4502 monitis

66 4542 154 4597 Petr.
170 4543 210 4614 u).
223 4542 360 4613 inhujus
371 4542 723 4613 expositioneseutentisc
738 4554 800 4596 noa
855 4535 1173 4606 adaltcrutrumiaotis,
1187 4538 1383 4609 incantemus,
1394 4538 1489 4593 donee
1499 4536 1580 4591 illam
1591 4535 1690 4589 desua

64 4633 269 4698 ,verambeati
279 4633 517 4702 Cypriaaiverba
527 4635 691 4704 capiamus.
709 4652 720 4683 ι
735 4631 796 4686 Cir·
813 4610 840 4672 Ῑ)
854 4626 1017 4699 pertinacia
1032 4641 1090 4696 qua
1107 4629 1209 4680 contra
1223 4640 1280 4679 nos
1296 4626 1392 4695 saevit,
1403 4622 1692 4697 etejuspestiierum

64 4721 154 4793 aquit,
182 4721 230 4775 ille
245 4736 301 4775 nos
316 4722 531 4793 singulos„·et
545 4726 685 4793 tanquam
700 4719 798 4775 hostis
855 4717 940 4771 virus
957 4716 993 4772 de
1009 4715 1120 4770 nostris
1136 4713 1336 4786 fraternisque
1345 4714 1488 4769 cordibus
1497 4716 1633 4785 potenter
1643 4713 1695 4787 eji-

67 4810 258 4879 sobsidens,
275 4825 379 4864 mures
394 4810 538 4882 explorat,
557 4812 692 4881 ettaatat
706 4825 744 4863 aa
760 4811 801 4863 sit
857 4806 982 4860 ciamus.
994 4803 1160 4858 Basiliscus
1171 4803 1285 4875 Graece,
1297 4803 1400 4859 Latiae
1410 4802 1532 4876 regulas
1542 4803 1690 4874 interpre-

64 4899 345 4970 .iquamembrorum
356 4885 799 4966 minusstahilisetminusllda,
856 4898 934 4951 tatur
949 4909 985 4950 eo
1000 4893 1079 4966 quod
1093 4908 1148 4948 rex
1163 4895 1346 4965 serpentium
1361 4894 1408 4962 sit,
1425 4895 1500 4951 adeo
1514 4897 1546 4950 ut
1560 4909 1629 4950 cum
1644 4896 1691 4950 vi-

64 4988 189 5042 adituao
205 4989 345 5044 interiora
365 4994 544 5060 penetretur.
565 5012 576 5036 a
594 4987 686 5043 Oll'ert
705 4986 801 5042 oeulis
857 4986 962 5040 dentes
977 4983 1103 5056 fugiant,
1120 4984 1190 5056 quia
1204 4985 1275 5038 llatu
1283 4998 1339 5038 suc
1349 4986 1504 5054 serpentes
1512 4988 1606 5057 necat,
1614 5001 1695 5041 mus·

64 5077 321 5151 sillices,et·iaees
341 5076 606 5151 voluptatisjlaces
617 5075 800 5150 voluntatisl,
855 5073 925 5130 telis
939 5077 1038 5130 tamon
1052 5073 1191 5129 vincitur.
1208 5073 1335 5128 Mustela
1343 5073 1452 5128 dicitur
1462 5074 1549 5145 quasi
1557 5090 1623 5130 mus
1632 5075 1693 5132 loa·

64 5166 802 5240 adostruatcastitatem.Auresppercanoramasr-
851 5179 926 5237 gas.
966 5162 1043 5218 Nam
1078 5162 1243 5218 telonaico
1263 5163 1387 5236 longum
1421 5163 1539 5219 dicitur.
1568 5163 1695 5220 Mustela

64 5260 113 5328 tat,
130 5262 160 5312 ut
176 5258 243 5312 soni
255 5258 399 5312 dulcioris
414 5258 526 5328 auditu,
543 5255 803 5328 solvatetmolliat
858 5255 956 5326 itaque
968 5252 1135 5325 estfanimal
1149 5248 1283 5326 longum,
1295 5269 1420 5325 parvam
1435 5257 1464 5308 et
1479 5253 1622 5325 prudens.
1638 5251 1696 5306 Per

65 5347 165 5401 ianam
176 5348 323 5419 vigorem.
335 5347 481 5419 Linguam
490 5347 563 5402 vitio
573 5349 725 5418 provocat,
739 5360 802 5400 ma·
858 5343 1034 5399 basiliscum
1048 5357 1132 5416 ergo,
1156 5342 1225 5415 quia
1240 5343 1316 5398 inter
1335 5343 1383 5399 sui
1399 5344 1521 5417 generis
1537 5337 1696 5396 animantia

64 5435 171 5510 ajuriis
191 5437 412 5493 lacescentibus
433 5437 471 5493 ad
494 5438 686 5511 petulantiam
702 5434 803 5491 cordis
858 5449 913 5490 rex
927 5435 983 5506 est,
1000 5435 1081 5489 recte
1097 5431 1270 5506 superbiam
1285 5432 1395 5490 diaboli
1409 5426 1615 5504 intelligimus.
1625 5426 1694 5501 lpse

64 5528 99 5584 at.
114 5524 153 5582 Ut
167 5524 366 5584 fraudatorem
382 5525 479 5602 saciat,
498 5525 709 5600 lucraoppenit
723 5523 805 5600 iuju-
860 5525 906 5582 est
916 5523 995 5582 euim
1006 5537 1158 5598 rexsuper
1168 5537 1273 5583 omncs
1283 5521 1519 5596 filiossaperhie
1529 5517 1607 5595 (doh.
1623 5516 1703 5603 xrs).

64 5610 125 5627 nen-0⁴¹
143 5610 310 5626 -m-matu--a
316 5608 610 5627 «ua-th

84 5638 214 5701 animam
232 5645 362 5714 pecunia
382 5641 489 5711 capiat,
512 5603 807 5715 ingeritpern'mffci'os]
860 5617 917 5695 Qui
936 5618 965 5676 et
983 5635 1040 5686 suo
1059 5616 1130 5675 tlatu
1150 5631 1306 5703 serpentes
1325 5625 1426 5690 necat,
1455 5613 1525 5673 dum
1543 5619 1697 5690 multoties
