3796 6022
59 337 120 403 tte
520 334 600 401 ΗΒ.
623 334 683 401 nn
700 331 879 403 unone
895 336 1070 403 attentet
1091 337 1323 405 unanime.
1352 366 1356 372 ·
1726 344 1787 411 466

162 543 232 599 Car.
255 543 317 598 Vll.
338 544 382 599 De
402 545 504 616 quinte
522 543 628 599 ordine
649 542 788 597 Carrenis.
990 544 1025 599 nt
1038 546 1199 601 nomadum
1209 547 1329 618 quod'ia
1339 547 1396 604 boc
1407 548 1511 605 ordine
1520 548 1618 606 Oratio
1634 549 1787 609 Dominiea

95 632 128 687 ln
144 633 247 705 quinto
264 632 367 688 ordine
378 637 410 688 ut
422 633 595 704 petitionum
605 637 774 687 nostrarum
791 645 896 686 eonse-
952 634 1127 698 continetur,
1145 635 1222 690 unde
1238 639 1266 691 et
1280 639 1341 692 tres
1356 638 1539 708 quaestiones
1554 639 1788 697 rationabilem

59 721 365 792 qnamureslreaciam,
375 725 526 792 captamus
534 721 778 789 benevolentiam,
789 724 897 774 utram-
951 721 1007 776 hoe
1023 722 1125 777 ordine
1140 723 1283 778 criuntur.
1300 725 1397 779 Prima
1413 726 1549 781 videlieet
1564 743 1656 798 quare
1669 727 1701 783 in
1715 744 1786 784 eru·

59 825 116 881 que
141 811 384 865 commendamus
407 827 580 882 personam,
607 810 702 864 Patris
732 809 847 863 scilicet
870 812 899 863 ct
951 810 1784 889 cibust'aciendistantadivorsitasostenditur,secunda,

59 899 190 969 Spiritus
200 901 307 954 sancti.
321 899 416 953 Patris
428 900 898 968 commendamuspersonamper
950 915 1041 971 quare
1056 916 1165 970 corpus
1183 900 1299 954 Domini
1313 902 1460 974 integrum
1475 903 1505 957 in
1520 904 1634 959 eisdem
1644 905 1785 962 crucibus

59 987 238 1044 ineffabilem
250 989 432 1054 charitatem,
445 989 494 1043 ubi
507 988 650 1042 dicimus:
667 987 730 1042 Per
741 1003 823 1058 quern
834 987 897 1041 brec
950 988 1094 1043 iaciendis
1118 1004 1206 1044 manu
1225 992 1374 1057 teneatur,
1397 991 1493 1059 tertia,
1508 1008 1599 1064 quare
1615 992 1646 1048 in
1661 992 1784 1050 hoe'or-
1818 970 1821 981 ¹

57 1077 164 1141 cilinia,
184 1078 317 1140 Dorniuc,
334 1094 453 1149 scrrrper
468 1078 543 1131 dorm
563 1094 662 1141 creas,
687 1079 743 1130 ete.
769 1075 896 1145 Spiritus
950 1077 1017 1131 dine
1033 1077 1230 1148 potiusquam
1246 1078 1276 1133 in
1287 1079 1353 1133 aliis
1363 1079 1460 1134 Oratio
1472 1081 1623 1135 [lominica
1638 1083 1786 1138 contines·

57 1166 154 1218 saneti
165 1181 323 1236 personam
335 1166 560 1237 permirabilem
571 1165 704 1220 scientiae
715 1163 896 1234 prolandita-
948 1169 1005 1220 tur.
1019 1166 1185 1221 Notandum
1196 1170 1243 1221 est
1253 1167 1338 1222 etiam
1352 1168 1430 1238 quod
1445 1169 1502 1222 alia
1513 1185 1567 1238 per
1581 1186 1615 1224 ea
1629 1186 1696 1242 qum
1710 1171 1785 1226 fiunt

57 1259 126 1319 tem,
144 1270 202 1325 qua
218 1255 256 1308 ita
272 1255 418 1309 ordinavit
432 1257 580 1308 lunonem
593 1254 669 1308 atad
680 1253 806 1308 verbum
817 1267 896 1306 crea·
949 1253 1162 1326 intelliguntur,
1183 1255 1240 1309 alia
1264 1271 1318 1326 per
1333 1271 1368 1311 ea
1391 1273 1458 1327 quae
1479 1257 1626 1313 dicuutur.
1643 1257 1701 1314 Sed
1715 1275 1784 1331 quae

57 1343 218 1397 tionisnon
230 1344 502 1415 iaciamussignum
513 1342 665 1411 credend
676 1341 895 1412 triasequentis
948 1342 1107 1396 diversitas
1133 1343 1162 1397 in
1187 1343 1328 1399 crucibus
1351 1344 1535 1399 ostenditur?
1553 1346 1650 1401 Prima
1664 1347 1782 1418 quidem

57 1430 213 1497 racimirus,
224 1432 403 1495 saratinus,
420 1432 562 1500 uirilitas,
572 1429 894 1500 bctrcdieis.thunre?
948 1445 1021 1485 crux
1036 1446 1073 1486 ex
1088 1435 1300 1503 utraqueparte
1310 1433 1385 1488 ultra
1397 1433 1519 1488 calicem
1531 1435 1724 1505 protenditur.
1734 1436 1784 1492 Se-

56 1520 120 1573 haec-
132 1525 178 1573 cst
193 1536 294 1590 causa,
311 1522 379 1592 quin
396 1521 522 1574 huruuua
538 1525 639 1574 natura
651 1535 689 1574 ex
705 1517 893 1589 statuprimae
947 1521 1042 1574 cunda
1058 1520 1142 1574 calici
1158 1526 1337 1593 coaequetur.
1355 1523 1451 1577 Tertia
1467 1522 1544 1577 inira
1559 1523 1680 1578 calicem
1697 1539 1783 1580 coar-

55 1609 236 1663 couditionis
252 1625 307 1664 nec
323 1610 425 1664 habuit
442 1608 744 1679 ,trondemni-tutis,
761 1623 816 1662 neo
831 1611 893 1661 stn—
948 1611 1051 1663 etatur.
1067 1608 1175 1673 Quarta
1189 1610 1291 1664 eadem
1307 1616 1353 1665 est
1375 1627 1441 1665 cum
1460 1612 1563 1682 prima,
1587 1611 1693 1677 Quinta
1715 1617 1783 1671 ante

54 1698 197 1752 bilitalern
212 1699 414 1753 beatitudinis.
438 1699 480 1752 Ex
501 1699 593 1768 prima
610 1698 730 1768 quidem
744 1697 892 1751 creatione
947 1698 1069 1752 calicem
1086 1698 1265 1770 depingitur.
1286 1699 1319 1754 ln
1333 1701 1426 1770 prima
1442 1716 1514 1772 ergo
1530 1717 1618 1757 eruce
1633 1702 1783 1760 aeternites

54 1786 320 1856 pollcbatuaturnli
331 1788 453 1853 ratione,
470 1787 618 1857 gaudebat
628 1785 730 1840 arbitri
741 1785 891 1855 libertate;
950 1785 1015 1839 lilii
1030 1786 1204 1858 intelligitur
1219 1803 1286 1842 curn
1303 1788 1404 1857 Patre,
1425 1789 1599 1844 insecundo
1617 1790 1781 1862 aequalitas,

55 1891 107 1946 per
122 1892 157 1929 se
173 1879 270 1931 autem
285 1893 340 1931 nec
356 1880 469 1946 poterat
484 1879 562 1929 sture
579 1891 633 1929 nce
649 1876 809 1945 proficere,
826 1874 892 1928 sine
908 1907 934 1969 Β
950 1874 979 1929 in
995 1876 1079 1930 tertia
1095 1877 1191 1930 unitas
1207 1876 1330 1931 internae
1345 1882 1374 1931 et
1388 1877 1524 1948 ejusdem
1540 1879 1729 1951 substantie,
1751 1881 1784 1937 in

57 1965 152 2036 gratia
168 1963 313 2036 adjutrice
329 1969 356 2020 et
372 1966 437 2020 sinc
454 1966 552 2019 erneis
568 1965 684 2018 virtuto.
706 1963 751 2017 Ex
770 1979 803 2018 se
819 1978 891 2034 ergo
948 1967 1050 2035 quarta
1072 1965 1150 2019 idem
1172 1966 1277 2019 modus
1300 1966 1446 2020 existendi
1470 1968 1640 2038 utriusque,
1664 1971 1695 2023 et
1714 1972 1782 2027 ante

55 2053 155 2107 labilis
167 2057 197 2108 et
212 2054 339 2118 ceduee;
355 2070 392 2108 ex
403 2056 510 2109 virtute
521 2058 618 2108 nutem
633 2055 745 2107 sancta
757 2052 855 2106 crucis
865 2055 893 2106 et
946 2054 1047 2107 mundi
1059 2053 1308 2120 constitutionem,
1321 2057 1350 2108 et
1364 2057 1431 2123 post
1441 2055 1541 2109 mundi
1552 2058 1782 2113 consummatio·

56 2142 723 2214 grotiaeadjutricisstabilisefficituretbeatu.
734 2141 893 2212 Propterea
945 2157 1021 2197 nem.
1040 2142 1124 2196 Unde
1140 2142 1176 2196 de
1192 2141 1341 2212 seraphim
1356 2143 1465 2213 legitur
1488 2144 1567 2214 quod
1587 2144 1705 2200 duabus
1723 2145 1780 2202 elis

56 2230 90 2283 ad
106 2231 234 2301 primum
248 2232 373 2287 verbum
384 2231 544 2285 creationis
554 2248 613 2285 uon
631 2231 756 2284 iacimus
772 2229 891 2302 signum
945 2230 1082 2286 velabant
1093 2235 1188 2302 ceput,
1198 2235 1227 2286 et
1237 2232 1352 2287 duabus
1361 2232 1464 2303 pedes,
1477 2236 1504 2287 et
1515 2233 1631 2288 duabus
1640 2233 1781 2290 volabant

56 2319 166 2388 cruciS,
178 2321 214 2373 sd
226 2321 280 2375 triu
291 2320 445 2392 sequentia
458 2321 593 2375 tacimus.
607 2318 786 2373 Serretidcas
796 2318 853 2373 tide
864 2320 893 2373 et
944 2319 1067 2387 (Erccl.
1086 2319 1116 2389 r).
1133 2320 1166 2375 ln
1186 2321 1280 2390 eapite
1302 2321 1494 2390 principium,
1512 2321 1541 2374 in
1556 2321 1682 2390 pedibus
1698 2322 1777 2379 linis.

56 2424 109 2478 spe
120 2412 149 2462 et
160 2408 543 2479 remissionepeecatorum,
557 2406 892 2462 rivilieassucramentis
944 2409 1018 2473 Quid
1034 2409 1112 2463 enim
1128 2407 1181 2462 iuit
1196 2412 1262 2463 ante
1274 2408 1373 2463 mundi
1390 2409 1639 2478 constitutionem,
1651 2410 1699 2465 vel
1708 2410 1781 2482 quid

55 2497 123 2551 lidei
139 2502 167 2551 et
182 2499 289 2553 virtute
298 2498 442 2554 bonorum
453 2513 585 2568 operum,
598 2496 753 2550 licrredr'cis
768 2495 891 2565 plenitu-
945 2496 1076 2552 futurum
1086 2499 1124 2551 sit
1135 2500 1202 2568 post
1212 2498 1313 2552 mundi
1325 2498 1619 2567 consummationem,
1632 2500 1780 2555 oecultum

55 2585 124 2640 dinc
148 2588 309 2658 gratiarum
332 2591 361 2642 et
380 2586 634 2642 consummatione
650 2586 805 2639 bonorum.
823 2583 891 2637 ldeo
945 2589 991 2640 est
1006 2590 1035 2640 et
1049 2586 1186 2641 velatum.
1206 2586 1326 2640 Duabus
1341 2586 1397 2640 alis
1412 2587 1560 2656 volabant,
1576 2587 1606 2641 id
1617 2587 1714 2642 estad
1728 2603 1780 2645 no·

56 2689 129 2747 ergo
144 2680 190 2729 ter
204 2692 323 2730 crucem
334 2676 469 2744 iacimus,
486 2676 554 2746 quia
565 2691 618 2747 per
632 2674 700 2745 ejus
715 2674 852 2727 virtutem
864 2673 893 2725 ct
945 2675 1038 2729 titiam
1052 2675 1203 2729 hominum
1218 2674 1399 2743 deferebant,
1416 2691 1483 2745 qum
1498 2675 1528 2728 in
1539 2675 1635 2730 medio
1649 2676 1689 2731 ad
1701 2676 1781 2732 salu·

55 2779 187 2817 amorem
211 2764 276 2818 bac
292 2764 345 2818 trie
362 2757 547 2831 obtinemuS,
564 2763 672 2835 quibus
689 2759 891 2831 superomnia
946 2768 1004 2819 tem
1019 2763 1170 2818 hominum
1186 2763 1380 2834 pertinebant.
1399 2763 1431 2816 ln
1446 2765 1547 2834 quinta
1564 2779 1653 2818 cruce
1671 2764 1781 2820 intelli·
1802 2820 1808 2831 ,

55 2852 236 2924 indigemus.
253 2853 417 2908 Personam
432 2854 497 2908 Filii
513 2869 565 2923 per
580 2851 786 2922 multiplicem,
801 2849 830 2903 id
846 2851 892 2903 est
946 2853 1026 2924 gitur
1034 2853 1130 2906 unitas
1142 2851 1270 2922 Spiritus
1281 2853 1376 2906 suncti
1387 2868 1454 2906 curn
1463 2852 1549 2906 Patre
1557 2857 1585 2907 et
1600 2852 1684 2908 Filio.
1701 2838 1734 2908 ln
1744 2868 1781 2910 oo

54 2941 308 3011 quadripartitam,
324 2945 498 3012 potestatem
515 2940 770 3008 commendamuS,
788 2941 890 2993 osten·
946 2940 1781 3012 ver-equoddiciturpcripsumintelligiturcrentio.lneo

53 3030 159 3085 dentes
175 3046 241 3084 eum
256 3031 349 3101 primo
367 3031 458 3085 Deum
473 3034 601 3098 naturae,
623 3027 756 3083 secundo
770 3026 890 3098 largito·
947 3030 1026 3101 quod
1040 3030 1147 3084 dieitur
1162 3046 1225 3083 curu
1242 3030 1314 3100 ipso,
1331 3029 1472 3099 operatio.
1492 3029 1522 3083 ln
1538 3045 1573 3083 eo
1585 3030 1663 3101 quod
1675 3030 1782 3089 dieitur

53 3136 115 3174 rem
139 3121 249 3188 venire,
275 3121 362 3175 tertio
383 3121 539 3176 Dominum
559 3119 675 3173 virtutis
698 3121 726 3171 et
741 3116 844 3188 gratiae
860 3117 888 3169 et
947 3120 978 3174 in
990 3121 1053 3191 ipso
1064 3117 1287 3175 consummatio.
1300 3118 1357 3172 Per
1367 3117 1472 3172 Filium
1487 3118 1563 3172 enim
1574 3119 1660 3173 Pater
1670 3119 1782 3174 creavit

53 3210 166 3264 sontem
181 3211 262 3280 vitae,
275 3215 382 3282 quarto
397 3213 509 3282 liegem
524 3212 639 3284 gloriae,
650 3211 728 3265 unde
743 3210 886 3280 scriptum
904 3218 930 3280 c
947 3209 1097 3277 universa,
1115 3224 1182 3262 cum
1192 3207 1266 3261 Filio
1281 3209 1428 3276 operatur,
1444 3210 1473 3262 et
1487 3207 1579 3262 Filius
1594 3223 1662 3263 cum
1675 3223 1726 3279 eo,
1739 3224 1782 3264 re·

52 3303 120 3365 est:
139 3299 283 3355 Donnnus
300 3302 440 3356 virtutum
456 3302 522 3373 ipsc
537 3308 581 3356 est
594 3302 660 3355 Iter
673 3300 778 3372 gloriae
792 3297 887 3368 (Psal.
946 3298 1044 3370 gendo
1067 3301 1094 3352 et
1115 3297 1299 3367 disponendo
1319 3300 1426 3351 create.
1448 3298 1532 3353 Unde
1550 3299 1580 3352 iu
1596 3298 1778 3372 Evangelio:

52 3389 148 3460 xxnrt
167 3389 264 3445 Prima
279 3394 411 3461 potestas
427 3395 482 3458 est,
499 3407 556 3462 qua
570 3394 669 3461 potest
679 3390 777 3445 omnia
791 3389 827 3445 de
842 3390 889 3444 ni-
945 3387 1128 3443 Paterrueus
1136 3386 1310 3459 usquemodo
1318 3386 1780 3459 operetur:eteqooperorffleen.

52 3477 113 3532 hilo
130 3493 248 3535 creare:
267 3479 408 3549 secunda,
425 3484 587 3550 quapotest
599 3484 718 3551 peccata
729 3480 890 3547 dimittere,
945 3477 985 3548 v),
1003 3476 1135 3547 Denique
1154 3476 1184 3530 in
1204 3475 1268 3544 ipso
1285 3477 1569 3531 consummabuntur
1584 3478 1693 3533 omnia.
1710 3479 1784 3534 Post

52 3567 148 3633 tertia,
160 3584 218 3639 qua
227 3572 324 3638 potest
335 3570 458 3641 gratiam
468 3574 496 3625 et
506 3570 643 3625 virtutem
654 3584 776 3641 augere,
788 3570 892 3641 quarta
945 3565 1046 3620 mundi
1061 3580 1132 3619 vero
1148 3564 1445 3633 consummationem,
1473 3582 1536 3619 curn
1553 3566 1715 3622 tradiderit
1728 3581 1782 3621 re-

52 3672 109 3726 que
126 3659 224 3726 potest
239 3659 413 3714 emundatos
429 3663 456 3713 et
470 3659 565 3730 gloria
576 3663 604 3713 et
614 3658 793 3714 beatitudine
805 3673 892 3713 coro·
945 3671 1032 3726 gnum
1044 3653 1203 3708 DcoPatri
1211 3658 1240 3707 ct
1251 3653 1404 3724 sulp‘octus
1413 3653 1472 3707 erit
1483 3653 1513 3707 ei
1523 3655 1572 3726 qui
1582 3654 1643 3709 sibi
1652 3653 1782 3726 subjecit

52 3761 134 3800 nare.
153 3744 217 3800 Per
232 3763 318 3818 quern
332 3747 395 3802 llaec
409 3748 515 3812 omnia,
533 3749 666 3812 Domine,
684 3763 802 3819 semper
817 3746 892 3800 boire
946 3744 1042 3797 omnia
1057 3743 1080 3811 (Ι
1097 3741 1166 3796 Cor.
1183 3742 1244 3812 xv),
1260 3745 1366 3796 etcum
1382 3741 1512 3811 perfecte
1528 3746 1729 3814 cognoscetur
1742 3743 1781 3799 ab

51 3850 151 3899 crees,
168 3849 239 3889 ecce
252 3835 335 3891 Deus·
342 3840 470 3905 naturae,
487 3837 674 3901 Serretilicas,
688 3851 758 3890 ecce
770 3834 895 3906 largitor
947 3832 1085 3886 omnibus
1096 3830 1224 3901 Spiritus
1235 3831 1329 3885 sancti
1341 3845 1468 3900 persona
1480 3834 1509 3886 et
1518 3834 1632 3901 natura,
1648 3834 1782 3902 tuneper

54 3922 161 3976 veniae.
183 3922 330 3989 l'iridcas,
348 3941 418 3981 ecce
428 3926 495 3981 tons
507 3927 574 3980 vitae
584 3930 612 3981 ct
623 3925 766 3980 Dominus
776 3922 893 4007 virtptis
947 3920 1052 3976 Filium
1064 3920 1119 3975 erit
1130 3914 1190 3974 Dee
1201 3919 1279 3974 Patri
1292 3919 1394 3975 Omnis
1404 3919 1533 3975 donaret
1541 3919 1648 3992 picria.
1659 3920 1692 3975 lu
1702 3936 1783 3977 crea·

54 4010 424 4084 gr·etiee;Benedicis,eece
434 4018 769 4070 rexeteoronaoeternee
778 4011 892 4084 gloriae.
947 4011 1025 4064 tione
1040 4012 1137 4064 autern
1152 4024 1250 4063 rerum
1267 4011 1295 4063 et
1308 4009 1340 4063 in
1355 4009 1524 4079 operatione
1535 4013 1581 4064 est
1591 4009 1783 4080 quidemulleo

168 4100 238 4157 Car.
260 4102 336 4158 t'ltt.
358 4104 402 4159 Do
417 4109 504 4158 serto
518 4104 624 4158 ordine
643 4102 779 4158 Carrenis.
949 4099 1026 4153 Patri
1040 4114 1093 4170 per
1107 4097 1212 4152 Filium
1229 4097 1324 4152 honor
1338 4102 1367 4153 et
1382 4098 1490 4169 gloria,
1517 4099 1572 4154 sed
1589 4115 1649 4155 uon
1669 4099 1782 4171 omnis,

92 4190 128 4243 ln
141 4194 228 4246 sento
243 4192 345 4248 ordine
355 4209 410 4263 per
419 4210 486 4249 eum
497 4192 545 4264 qui
558 4193 639 4248 venit
654 4192 683 4245 in
699 4194 783 4246 sexta
799 4192 893 4258 εεῑείε,
949 4188 1042 4242 donec
1053 4189 1121 4257 post
1132 4188 1521 4243 consummationemsicutn
1531 4188 1783 4259 Patremffilium,

56 4284 85 4334 et
102 4295 157 4350 per
178 4280 316 4338 virtutem
340 4283 440 4337 crucis
462 4281 529 4354 ejus
553 4281 614 4353 jam
639 4280 755 4352 plenius
779 4294 896 4333 ornnem
950 4276 994 4330 sie
1009 4293 1026 4330 a
1042 4275 1115 4330 Filio
1135 4275 1294 4330 haeredites
1314 4279 1478 4330 revertatur
1499 4277 1536 4330 ed
1556 4277 1683 4333 Patrem.
1709 4276 1784 4333 Pro-

56 4369 210 4423 veritatem
234 4372 465 4442 cognoscimus,
488 4375 516 4425 et
541 4386 594 4441 per
617 4370 752 4425 cumdem
777 4367 893 4422 Patrem
950 4368 1050 4434 pterea
1065 4364 1165 4436 quinia
1181 4380 1254 4418 crux
1265 4365 1382 4435 quando
1393 4366 1423 4419 in
1434 4366 1540 4419 virtute
1551 4365 1679 4436 Spiritus
1687 4367 1784 4421 sancti

57 4456 240 4513 honoremus
261 4462 290 4513 et
311 4459 523 4532 glorificamus.
543 4456 628 4515 Unde
651 4457 755 4530 maj0ri
777 4457 893 4526 sumpta
952 4453 1068 4524 dieitur,
1093 4457 1159 4508 ante
1185 4453 1307 4507 culicem
1329 4453 1506 4525 depingitur,
1527 4454 1555 4506 id
1578 4457 1624 4508 est
1642 4454 1672 4507 in
1687 4452 1789 4508 oculis·

58 4545 168 4600 lldncia
182 4549 211 4601 ct
224 4548 361 4617 audacia,
386 4551 417 4602 ut
436 4548 471 4603 nd
487 4564 631 4602 summum
647 4547 729 4618 pacis
745 4544 893 4616 pertinge·
908 4531 935 4592 Ι)
952 4543 1081 4597 omnium
1097 4542 1310 4597 manifestetur.
1328 4540 1399 4596 Post
1418 4543 1518 4596 mundi
1542 4541 1620 4595 enim
1641 4556 1783 4595 eonsum-

58 4652 142 4705 mus,
165 4637 296 4692 omniurn
317 4636 489 4707 petitionum
505 4653 651 4691 summam
665 4638 694 4690 in
710 4635 794 4690 brevi
809 4632 894 4687 colli-
951 4631 1453 4702 mationem,nontantumquomodo
1464 4630 1785 4686 Filiussitunumenm

58 4726 175 4796 gimus,
200 4724 351 4780 dicentes:
375 4725 471 4780 Pater
491 4731 604 4794 noster,
629 4728 684 4779 etc.
701 4722 820 4792 (tratti.
842 4720 896 4792 vr.)
950 4719 1035 4774 Patre
1056 4736 1159 4774 verum
1178 4719 1269 4773 ctiam·
1283 4719 1430 4790 quomodo
1451 4719 1579 4789 Spiritus
1600 4721 1723 4774 sendus
1745 4719 1786 4776 sit

58 4813 196 4884 Quinque
207 4829 313 4868 cruces
325 4813 459 4883 iacimus,
479 4816 510 4868 ut
519 4829 571 4884 per
582 4813 719 4867 virtutem
730 4815 758 4868 et
767 4827 897 4867 amorem
948 4824 1040 4862 unum
1054 4824 1121 4863 curn
1136 4811 1260 4879 utroque
1270 4810 1299 4861 et
1308 4806 1448 4877 procedet
1462 4807 1498 4861 ab
1509 4812 1634 4879 utroque
1650 4806 1737 4879 plene
1747 4808 1785 4865 ab

60 4906 173 4957 εεεεῑιε
189 4903 290 4957 crucis
305 4903 435 4975 quinque
451 4902 562 4975 gradus
578 4902 609 4956 in
629 4901 798 4972 cognitione
817 4900 896 4954 veri-
949 4896 1088 4951 omnibus
1109 4895 1201 4966 ‚iustis
1225 4896 1433 4968 cognoscetur,
1455 4895 1532 4951 sieut
1554 4896 1783 4968 scriptumest:

59 4993 129 5046 tetis
140 4991 339 5047 ascendamus
349 4992 414 5047 sine
423 4992 532 5063 quibas
543 4991 618 5046 salvi
631 5005 770 5045 essenon
785 5004 896 5059 possu-
951 4987 1135 5057 cognoscent
1145 5000 1192 5038 me
1207 5000 1334 5038 onrnesa
1347 4983 1468 5038 minimo
1480 5001 1569 5058 usque
1579 4985 1784 5059 admaxionem

60 5097 139 5135 mira.
170 5080 237 5137 Non
261 5080 341 5151 quod
365 5081 477 5153 gradus
505 5081 566 5135 sint
590 5078 679 5151 aliqui
704 5079 734 5133 in
756 5076 897 5132 Trinitate
949 5073 1024 5143 (der.
1041 5073 1135 5142 xxxi).
1148 5071 1307 5142 Propterea
1318 5071 1413 5126 orrrnis
1427 5072 1520 5126 ltonor
1536 5080 1564 5126 ct
1574 5075 1676 5146 glorie
1685 5073 1785 5135 diller·

61 5168 242 5224 deitatisrel
258 5169 364 5225 deitate
380 5169 547 5239 Trinitatis,
574 5169 629 5224 sed
653 5169 681 5222 in
704 5165 772 5239 eius
794 5165 898 5221 idest
949 5166 998 5217 tur
1018 5177 1116 5232 usque
1138 5161 1168 5214 in
1194 5160 1337 5215 ultimum.
1361 5160 1429 5216 ldeo
1443 5177 1517 5234 ergo
1533 5162 1663 5236 quinque
1678 5181 1786 5224 eruces

60 5258 237 5326 dilection03
265 5258 343 5314 unde
374 5259 554 5329 Apostolus:
583 5258 635 5312 Er
663 5256 721 5311 tide
745 5256 777 5310 in
810 5253 898 5308 tidem
951 5250 1087 5320 iacimus,
1103 5253 1133 5305 ut
1153 5250 1359 5321 pervirtutem
1382 5253 1493 5305 sanetae
1519 5250 1618 5307 crucis
1637 5253 1675 5308 ad
1698 5254 1787 5311 istam

61 5347 157 5416 inam.
174 5347 209 5418 ι.)
227 5346 345 5403 Primus
370 5347 482 5419 gradus
506 5347 573 5403 ildei
596 5349 642 5401 est
663 5343 814 5400 aeternitas
833 5340 898 5398 Filii
951 5337 1785 5413 quinquepartitamcoguitionemveritatisportingamns.

61 5453 132 5493 cum
152 5435 257 5506 Patre;
277 5437 429 5493 secundus
449 5435 575 5508 gradus,
601 5432 772 5505 aequalitem
794 5431 899 5486 tertius
951 5429 1046 5483 Prima
1070 5424 1211 5499 quaestio,
1238 5443 1328 5501 quere
1352 5427 1467 5483 scilieet
1486 5430 1565 5483 tonia
1580 5426 1738 5485 diversitas
1753 5428 1784 5487 in

62 5525 177 5598 gratim
194 5526 292 5580 unitas
306 5525 445 5596 ejusdem
459 5524 649 5590 substantiae3
672 5523 806 5594 quartus,
822 5519 901 5574 idem
953 5517 1094 5573 crucibus
1115 5515 1259 5572 iaciendis
1282 5516 1457 5587 ostenditur,
1475 5517 1506 5570 in
1525 5515 1675 5587 praedictis
1690 5517 1792 5572 soluta*

62 5614 172 5670 modus
196 5615 352 5686 utriusque
376 5614 541 5680 existendi,
563 5613 701 5684 quintus,
718 5610 817 5666 unitas
833 5607 901 5680 Spi-
953 5605 1135 5661 terminetur.
1148 5603 1787 5677 Ceteroedueequaestionesrestnatsolyen·

63 5704 141 5759 ritus
155 5704 257 5759 sancti
268 5720 336 5761 curn
346 5707 482 5776 utroque,
498 5703 526 5758 id
538 5706 584 5757 est
594 5717 661 5759 enm
676 5701 750 5757 Filio
765 5703 794 5756 ot
804 5700 900 5757 Patre.
955 5691 1817 5767 de.solatioseemdeqmsnousaussxaautsuexo»
