3796 6022
122 340 184 416 lo't

468 336 688 409 APPENDIX
708 340 767 407 AD
788 340 980 408 nucoms
1002 339 1149 406 OPERA
1168 339 1434 405 boemones.

121 567 179 608 nus
192 551 284 607 lesus
298 549 415 620 integer
431 548 460 601 et
479 545 630 617 perlectus
653 544 741 600 homo
761 544 910 616 apparuit,
926 547 955 598 et
970 536 999 598 A
1014 544 1108 600 rentin
1124 542 1260 611 dicendo,
1276 542 1352 598 dona
1367 541 1454 597 nobis
1473 557 1586 614 pacem.
1608 539 1722 596 Solutio
1744 542 1848 611 primas

121 641 254 711 seipsum
268 639 416 709 integrum
430 638 517 706 atque
532 634 695 705 perlectum
711 633 845 688 exhibuit
859 637 888 688 at
901 649 955 704 pro

121 729 209 785 nobis
234 727 348 784 obtulit.
371 725 439 780 ldeo
463 725 494 778 in
514 727 600 778 sexto
627 722 729 777 ordina
749 738 817 776 eum
841 722 956 794 integra

121 833 209 872 manu
223 820 369 883 tenemuS,
386 814 414 867 id
430 816 476 868 ast
490 813 547 866 lida
562 812 677 883 integra
687 814 716 866 et
726 826 815 881 opere
824 810 955 881 perlecto

120 905 229 960 imitari
242 904 402 972 debemus3
419 905 448 956 et
461 903 506 955 sic
522 916 628 955 cruces
640 900 776 968 iacimus,
793 899 822 954 id
833 902 878 954 est
888 899 956 971 ejus

121 994 313 1066 passionibus
325 990 587 1046 communicamus.
596 987 708 1043 Salutio
716 987 810 1043 tertioe
816 989 956 1060 quaestio-

121 1083 179 1138 nis.
196 1083 229 1136 ln
240 1084 325 1136 sexta
340 1082 423 1134 relate
440 1078 582 1132 Dominus
599 1077 689 1132 lesus
703 1077 828 1131 veniens
844 1076 957 1131 Oratio-

121 1187 189 1227 nem
204 1170 387 1225 Dominicam
403 1166 549 1222 ordinavit
564 1169 593 1220 et
607 1166 717 1235 docuit,
735 1169 764 1220 et
778 1166 844 1220 ideo
862 1167 891 1220 in
906 1182 956 1221 se-

122 1262 173 1315 xto
184 1259 287 1314 ordine
297 1255 523 1311 convenientius
534 1270 621 1326 quam
631 1258 660 1309 et
670 1254 737 1309 aliis
745 1255 880 1325 ponenda
891 1254 955 1310 luit.

227 1346 288 1401 Cxe
308 1345 359 1399 lx,
382 1345 425 1399 De
445 1344 570 1415 septimo
589 1343 694 1399 ordine
711 1343 849 1399 Cononis.

136 1458 139 1462 ·
157 1435 307 1506 Septimus
323 1434 423 1488 ordoa
438 1448 509 1503 pace
525 1432 628 1502 incipit
640 1435 669 1487 ct
685 1433 721 1486 ad
737 1449 839 1503 pacem
854 1433 955 1488 tendit.

122 1523 190 1578 Tria
200 1524 236 1578 de
248 1522 403 1577 dilectione
414 1521 563 1577 creatoris
571 1521 777 1592 requiruntur:
791 1537 886 1591 mens,
899 1538 958 1575 ms-

122 1628 179 1667 nus
194 1615 223 1666 et
232 1612 334 1683 lingua
345 1627 351 1680 3
366 1611 431 1665 baec
442 1611 544 1666 eadem
553 1610 583 1663 in
593 1610 650 1665 hoc
662 1613 830 1681 operantur.
843 1611 958 1683 Lingua

122 1700 229 1756 iormat
242 1716 356 1769 vocem,
373 1715 479 1754 uranus
493 1698 589 1771 pingit
608 1714 742 1769 crucem,
759 1715 844 1755 mens
860 1704 958 1756 movet

122 1792 290 1860 utrumque,
306 1789 336 1843 id
352 1793 398 1843 est
408 1789 540 1860 linguam
550 1787 586 1841 ad
599 1788 784 1843 formandum
798 1805 913 1858 vocem,
930 1793 958 1843 et

1014 633 1204 705 quaestionis:
1217 632 1290 687 Tres
1299 631 1368 686 vitae
1377 631 1587 686 sunthumame
1597 633 1724 685 naturae:
1738 630 1846 699 Prima,

1013 721 1119 777 animae
1130 721 1219 777 simul
1233 737 1299 776 cum
1311 736 1450 791 corpor03
1465 719 1607 788 secunda,
1623 719 1729 774 animae
1743 719 1848 773 relicto

1014 827 1138 881 corpore
1149 827 1156 880 ;
1168 811 1263 879 tertia,
1275 810 1390 878 anima,
1401 812 1552 880 resumpto
1564 824 1703 880 corpore:
1717 809 1849 879 quaeerit

1014 901 1044 955 in
1058 900 1287 956 resurrectione.
1300 901 1333 954 ln
1348 900 1442 971 prima
1456 900 1515 953 vita
1530 914 1587 969 pax
1603 901 1649 952 est
1664 897 1847 964 neccssaria,

1014 1006 1081 1061 quae
1096 988 1184 1062 longe
1196 989 1283 1044 iaciat
1297 989 1457 1044 acrimine.
1474 988 1506 1042 ln
1517 986 1658 1055 secunda,
1670 1002 1727 1057 pax
1737 989 1785 1040 est
1795 1001 1850 1039 ne·

1015 1079 1157 1147 cessaria,
1174 1094 1240 1150 quoe
1255 1078 1344 1150 longe
1360 1077 1448 1131 iaciat
1461 1093 1477 1130 a
1492 1080 1616 1146 terrore,
1632 1075 1710 1130 unda
1722 1074 1751 1128 in
1761 1090 1850 1128 exse-

1015 1167 1096 1238 quiis
1116 1171 1299 1222 mortuorum
1324 1167 1446 1221 dicitur:
1469 1165 1538 1221 Non
1558 1164 1686 1238 poenalis
1702 1165 1852 1218 timorex-

1016 1253 1849 1327 cruciet·nonreorumproximncatennconstrinpat,etc.

1016 1346 1049 1400 ln
1059 1344 1144 1401 tertia
1158 1345 1217 1399 vita
1228 1360 1285 1415 pax
1297 1346 1343 1398 est
1352 1344 1523 1399 necessaria
1534 1358 1601 1414 quae
1611 1343 1700 1414 longe
1715 1341 1805 1396 iaciat
1814 1341 1852 1395 ab

1015 1438 1151 1505 utroque,
1164 1433 1247 1489 idest
1257 1449 1273 1487 a
1282 1433 1567 1501 orimineetterrore,
1578 1429 1852 1503 consummataglo-

1016 1524 1059 1579 ria
1070 1522 1295 1579 etbeatitudina.
1308 1522 1377 1577 ldeo
1393 1537 1465 1594 ergo
1476 1524 1539 1576 tres
1551 1536 1657 1576 cruces
1671 1520 1808 1589 iacimus,
1820 1521 1852 1574 ut

1016 1629 1070 1684 per
1084 1613 1221 1667 virtutem
1237 1611 1335 1667 crucis
1350 1611 1387 1666 ad
1402 1612 1488 1666 istam
1504 1609 1649 1681 triplicem
1662 1624 1765 1681 pacem
1780 1625 1851 1679 per-

1016 1701 1176 1774 tingamus
1187 1701 1256 1756 ldeo
1271 1701 1358 1756 etiam
1374 1716 1492 1771 semper
1502 1699 1639 1768 dicimus,
1655 1698 1684 1753 id
1700 1700 1746 1753 est
1756 1697 1852 1752 inhac

1016 1791 1124 1860 triplici
1139 1790 1198 1844 vila
1212 1805 1315 1861 pacem
1332 1789 1398 1843 aliis
1414 1789 1617 1859 imploramus.
1625 1787 1851 1842 Solutiosecun-

122 1893 239 1933 manum
250 1877 287 1931 ad
297 1877 479 1949 pingendum
494 1892 622 1932 crucem.
640 1879 712 1933 Haeo
723 1877 814 1949 igitur
823 1877 878 1932 tria
889 1881 958 1933 sunt
973 1896 1000 1958 B
1015 1879 1061 1935 dae
1076 1879 1261 1950 questionis:
1274 1878 1360 1933 Nulla
1377 1879 1479 1933 natura
1493 1877 1662 1932 redimenda
1673 1879 1736 1930 erat
1751 1875 1798 1930 vel
1813 1875 1848 1930 ad

122 1967 311 2036 necessaria,
334 1966 363 2020 id
379 1970 424 2020 est
439 1982 499 2021 vox
518 1966 675 2037 orationis,
693 1970 721 2021 et
734 1967 829 2021 virtus
846 1970 957 2021 sancite

122 2056 237 2126 crucis,
262 2059 291 2111 et
313 2054 388 2110 ildes
413 2056 535 2125 mentis,
557 2058 588 2109 ut
602 2055 806 2127 pertingamus
822 2056 857 2110 ad
874 2073 958 2111 sum·

121 2161 199 2202 mam
212 2144 306 2215 pacis.
323 2144 392 2199 Pax
405 2144 524 2199 Domini
537 2145 579 2199 sit
590 2161 708 2216 semper
719 2144 878 2199 vobiscum.
892 2145 958 2200 Non

121 2235 219 2290 omnis
230 2251 287 2304 pax
298 2237 345 2288 est
355 2234 472 2289 Domini
481 2249 548 2304 pax.
562 2232 616 2288 Est
624 2234 702 2288 enim
713 2250 770 2305 pax
782 2233 956 2305 inordinata,

121 2327 168 2379 est
177 2339 236 2393 pax
246 2321 392 2391 simulata,
404 2325 450 2376 est
459 2337 518 2391 pax
530 2321 689 2393 inquinata,
702 2325 730 2376 et
738 2322 955 2392 paxscelerata.

122 2413 186 2466 Pax
210 2410 385 2478 inordinata,
408 2425 467 2479 pax
490 2410 702 2480 superborum,
719 2411 769 2481 qui
790 2414 957 2482 contempto

122 2498 277 2569 superiora
292 2497 434 2552 obediunt
448 2498 592 2566 inferiori,
609 2499 688 2552 sicut
702 2499 795 2552 Adam
811 2501 907 2569 uxori,
929 2503 957 2555 ct

47 2643 50 2649 ,
122 2587 189 2641 ideo
213 2586 347 2656 seipsum
369 2587 554 2655 superiorem
577 2590 607 2641 et
629 2586 800 2642 inferiorem
819 2589 956 2658 perdidit.

121 2674 277 2732 Secundus
288 2690 359 2729 voro
369 2674 461 2728 Adam
470 2674 573 2729 maluit
582 2675 703 2730 obedire
710 2676 771 2730 Deo
781 2677 859 2731 Patri
870 2694 957 2748 quam

122 2765 290 2836 Synagogae
311 2763 411 2832 matri,
437 2766 465 2817 et
490 2763 555 2818 ideo
580 2764 713 2834 seipsum
728 2767 839 2837 recepit
855 2783 958 2821 cuma

121 2853 247 2909 mortuis
262 2852 438 2922 resurrexit,
455 2857 483 2907 et
498 2853 614 2909 Patrem
629 2855 774 2925 servavit,
792 2857 821 2910 et
835 2859 958 2912 matrem

120 2945 152 2999 in
167 2944 224 2999 line
238 2943 370 3014 recipiet.
386 2941 439 2997 Cui
456 2941 623 3015 Synagogae
647 2944 730 2998 matri
753 2946 956 3016 compatiendo

121 3036 202 3091 Patri
216 3035 350 3091 dicebat:
368 3033 472 3098 Pater,
490 3035 519 3089 si
533 3034 602 3089 deri
608 3040 718 3108 potest,
736 3041 871 3091 transeat
886 3053 959 3092 ame

97 3182 100 3186 Δ
122 3124 271 3181 calixiste
279 3124 399 3192 (Mattb.
409 3124 502 3195 xxvi).
510 3124 577 3178 Non
588 3127 684 3180 temen
693 3127 865 3194 passionem
876 3127 959 3182 time-

1015 1984 1118 2040 pacem
1139 1968 1322 2037 reducendo,
1343 1967 1401 2022 nisi
1423 1966 1518 2022 solius
1542 1965 1671 2021 bominis
1691 1979 1802 2035 corpus
1822 1967 1851 2018 et

1015 2058 1128 2126 anima,
1149 2060 1305 2128 propterea
1327 2056 1492 2111 secundum
1516 2056 1592 2110 hanc
1616 2055 1759 2109 rationem
1782 2052 1850 2107 lldei

1015 2146 1125 2217 duplex
1139 2162 1212 2201 crux
1227 2145 1415 2200 solummodo
1430 2145 1547 2199 videtur
1562 2159 1631 2199 esse
1645 2141 1790 2198 iacienda.

1051 2235 1164 2291 Solutio
1175 2235 1268 2290 tertiae
1283 2233 1478 2306 questionis:
1496 2234 1529 2287 ln
1543 2233 1668 2304 septima
1684 2234 1768 2286 aetate
1784 2246 1852 2302 quae

1015 2325 1182 2395 excipietur
1203 2324 1240 2379 ab
1263 2326 1366 2379 octava
1387 2338 1460 2394 pace
1484 2325 1700 2390 consummata,
1721 2336 1781 2375 non
1797 2319 1853 2374 erit

1015 2413 1094 2468 unde
1105 2412 1237 2468 exterius
1252 2412 1291 2466 sit
1305 2411 1463 2467 dolendum
1478 2410 1532 2465 sed
1547 2410 1625 2465 unde
1639 2409 1738 2480 potius
1755 2408 1795 2463 sit
1805 2409 1852 2463 in-

1015 2503 1108 2557 terius
1120 2501 1317 2573 gaudendum.
1328 2501 1487 2572 Propterea
1498 2515 1604 2555 cruces
1615 2515 1674 2554 non
1690 2501 1783 2566 extra,
1797 2498 1851 2553 sed

1016 2592 1096 2646 intus
1119 2592 1149 2645 in
1172 2589 1263 2645 calice
1288 2590 1369 2645 liunt.
1396 2589 1508 2645 Solutio
1525 2591 1637 2660 quartae
1656 2588 1850 2659 quaestionis:

1016 2680 1113 2735 Tertia
1128 2696 1198 2750 pars
1214 2678 1359 2733 Dominiei
1370 2679 1505 2750 corporis
1516 2694 1603 2750 quam
1614 2694 1702 2731 manu
1716 2681 1852 2732 tenemus

1017 2785 1083 2823 cum
1100 2784 1206 2823 cruces
1222 2768 1356 2836 iacimus,
1373 2784 1443 2838 pars
1460 2767 1508 2821 illa
1524 2771 1569 2822 est
1584 2766 1728 2821 Ecclesiae
1739 2782 1807 2838 quae
1824 2766 1852 2819 in

1016 2858 1213 2913 exsultatione
1237 2861 1284 2912 est
1305 2860 1333 2912 et
1354 2857 1463 2929 gaudet
1482 2872 1548 2911 cum
1564 2855 1682 2911 Christo
1696 2855 1726 2910 in
1742 2857 1852 2910 aeterna

1016 2947 1206 3016 beatitudine,
1224 2947 1299 3001 hanc
1314 2961 1397 3018 ergo,
1409 2946 1439 3000 id
1450 2949 1495 3001 ost
1506 2948 1626 3000 sanctos
1637 2961 1726 3000 manu
1739 2946 1852 3012 tenere,

1018 3036 1046 3090 id
1061 3039 1107 3091 est
1122 3036 1178 3090 lide
1194 3039 1222 3091 et
1237 3051 1325 3106 opere
1345 3035 1452 3089 imitari
1467 3035 1622 3104 debemus,
1638 3037 1670 3088 ut
1685 3034 1730 3087 sic
1747 3049 1854 3087 cruces

1018 3125 1171 3194 iaciamus
1180 3123 1576 3195 idestpassionibustristi
1588 3122 1853 3178 communicemus.

121 3215 228 3270 batuel
244 3202 453 3284 subterfugere
470 3213 598 3282 volebat,
615 3215 669 3268 sed
684 3214 753 3286 quia
768 3214 959 3288 Synagogam
975 3206 1001 3269 C
1017 3213 1130 3270 Solutio
1146 3214 1255 3286 quintae
1271 3214 1466 3286 quaestionis:
1483 3213 1566 3268 Celix
1581 3212 1697 3267 Domini
1712 3211 1763 3283 qui
1776 3211 1857 3265 labo·

123 3321 161 3360 ex
177 3321 231 3359 sun
246 3305 387 3375 passione
401 3303 562 3373 perituram
577 3303 705 3373 sciebat,
721 3302 828 3359 ellectu
842 3304 959 3375 pietatis

124 3392 309 3448 condolebat.
319 3391 382 3446 Pax
390 3391 527 3447 simulata
538 3395 584 3447 est
598 3392 790 3462 proditorum,
808 3393 857 3463 qui
870 3397 960 3449 orest

123 3496 183 3536 non
199 3481 288 3535 corde
301 3480 476 3551 loquuntur3
493 3496 551 3550 pax
565 3480 729 3551 inquinata,
748 3480 960 3537 fornicatorum

124 3574 153 3626 et
166 3569 381 3638 adulterorum,
407 3585 466 3639 pax
484 3569 643 3638 scelerata,
664 3569 818 3624 rebellium
834 3573 862 3626 et
878 3570 960 3626 schi-

124 3659 326 3728 smaticorum,
344 3658 394 3729 qui
410 3657 619 3713 universaliter
634 3657 779 3712 Eeclesiae
796 3660 959 3714 auctoritati

124 3749 269 3804 resistunt
280 3751 309 3802 et
320 3746 533 3802 contradicunt.
547 3746 632 3802 Unde
647 3746 764 3802 Samuel
778 3763 784 3801 :
801 3746 960 3802 Peccatum

124 3836 274 3894 ariolandi
288 3841 335 3891 est
348 3852 526 3907 repugnare,
538 3842 567 3891 et
582 3835 666 3907 quasi
674 3835 773 3890 scelus
782 3836 961 3892 idololatriae

125 3926 203 3982 nolle
209 3924 434 3998 acquiesceret!
442 3925 515 3997 Reg.
523 3924 584 3994 xv).
592 3925 778 3997 Augustinus
789 3928 850 3981 tras
857 3929 959 3982 aucto-

29 4007 46 4025 *
124 4015 226 4070 ritates
237 4014 333 4084 ponit:
346 4014 480 4083 primam,
492 4017 660 4067 sanctarum
669 4012 886 4085 Scriptumrum
895 4031 902 4083 3
910 4030 960 4070 sc-

125 4102 261 4172 cundam,
278 4101 461 4173 generalium
474 4101 666 4157 conciliorum
679 4118 686 4171 3
701 4103 826 4173 tertiam,
838 4104 960 4159 univer·
981 4090 987 4101 ⁸

124 4191 197 4247 salis
213 4190 358 4245 Ecolesioe
375 4191 629 4262 consuetudinem,
641 4192 744 4247 dicens
758 4208 764 4246 :
779 4191 882 4247 Omnia
893 4208 959 4265 qure

127 4281 208 4336 nulla
214 4281 338 4335 istarum
363 4281 677 4336 auctoritateroborata
686 4284 765 4351 sunt,
778 4282 814 4336 ab
825 4281 959 4337 Ecclesia

123 4371 242 4442 penitus
257 4370 419 4426 resecanda
431 4370 579 4425 existimo.
596 4371 658 4425 Pax
673 4374 771 4426 nutam
786 4371 901 4427 Domini
913 4388 959 4427 or-

123 4461 221 4515 dinata
233 4463 288 4531 est,
304 4475 371 4532 qum
382 4459 515 4514 ordinem
526 4459 631 4532 diligit.
642 4459 719 4514 Vera
731 4463 786 4530 est,
797 4477 863 4532 quae
872 4461 960 4515 nemi·

1017 3320 1081 3359 rem
1095 3303 1245 3376 significat
1259 3306 1287 3358 et
1301 3303 1492 3358 imitationem
1507 3302 1669 3357 Dominicis
1684 3301 1855 3371 passionis,

1018 3393 1375 3464 babetsuumexteriuset
1383 3407 1469 3446 suum
1479 3391 1620 3446 interius:
1634 3390 1768 3445 exterius
1776 3405 1859 3460 pres·

1019 3497 1119 3536 suram
1134 3484 1163 3536 et
1176 3481 1411 3549 tribulationom3
1434 3481 1570 3549 interius,
1587 3479 1728 3552 gaudium
1742 3481 1772 3533 et
1787 3494 1858 3533 con-

1019 3570 1203 3625 solationem.
1215 3570 1299 3624 Unde
1309 3569 1451 3624 Dominus
1461 3569 1490 3623 in
1502 3568 1679 3640 Evangelio:
1690 3566 1768 3622 Haeo
1784 3566 1861 3622 Ioco·

1020 3665 1068 3713 tus
1082 3675 1145 3713 sum
1164 3659 1256 3723 vobis,
1272 3665 1302 3713 ut
1317 3659 1347 3713 in
1363 3674 1409 3713 me
1419 3674 1523 3730 pacem
1537 3656 1685 3712 trabeatis.
1701 3656 1735 3711 In
1747 3655 1855 3710 mundo

1017 3763 1191 3819 pressuram
1201 3747 1457 3818 habebitistdoan.
1468 3746 1540 3815 xvi),
1552 3747 1629 3800 unde
1638 3745 1744 3799 lsaics:
1752 3744 1860 3799 Secre-

1021 3840 1079 3890 tum
1093 3851 1189 3891 meum
1202 3836 1277 3891 milri
1291 3835 1364 3905 (lsai
1373 3837 1464 3901 xxiv),
1481 3839 1509 3890 et
1520 3834 1612 3889 David
1626 3850 1632 3889 τ
1652 3833 1742 3899 Quam
1751 3850 1856 3906 nrapnn

1019 3923 1421 3993 multitudodnlcedinistuae‚
1433 3924 1565 3993 Domine,
1577 3939 1660 3996 quam
1669 3922 1856 3977 abscondisti

1018 4014 1192 4069 timentibus
1200 4013 1341 4082 tellPsaI.
1349 4015 1432 4082 xxxl,
1441 4013 1581 4068 etiterum
1591 4028 1597 4067 :
1609 4011 1777 4069 Secundum
1784 4010 1856 4066 mul·

1017 4102 1174 4157 titudinem
1184 4103 1315 4157 dolorum
1327 4119 1457 4157 meorum
1469 4103 1499 4156 in
1508 4102 1598 4157 eorde
1609 4117 1673 4156 meo
1683 4100 1856 4156 consolatio

1016 4207 1069 4247 nes
1081 4197 1136 4245 tura
1147 4191 1374 4247 laetificaverunt
1385 4193 1510 4246 animam
1518 4190 1612 4251 (Psal.
1621 4192 1713 4260 xcml.
1725 4188 1800 4244 Illud
1809 4205 1855 4244 se·

1016 4284 1128 4335 cretum
1144 4280 1243 4352 gaudii
1258 4285 1287 4335 et
1303 4280 1516 4335 consolationis
1527 4279 1636 4334 etillud
1646 4278 1854 4333 absconditum

1015 4369 1191 4436 dulcedinis,
1208 4369 1333 4424 interius
1349 4373 1395 4424 ost
1410 4368 1522 4423 culicis.
1539 4368 1699 4438 Propterea
1714 4382 1787 4439 ergo
1803 4366 1853 4420 illa

1014 4458 1098 4512 tertia
1107 4457 1251 4529 particula
1264 4456 1408 4512 Dominici
1419 4458 1553 4528 corporis
1565 4455 1719 4511 descendit
1732 4455 1762 4510 in
1777 4455 1852 4509 cali-

123 4565 190 4606 nem
205 4549 288 4605 tollit.
305 4548 414 4604 Munda
425 4551 480 4613 est,
497 4564 563 4620 quae
572 4547 668 4603 omnia
680 4549 899 4619 inquinamenta
910 4565 959 4604 re·
974 4517 1000 4579 D
1015 4562 1089 4616 cem,
1106 4546 1174 4617 quia
1185 4548 1253 4617 post
1268 4546 1400 4601 laborem
1412 4561 1479 4600 cum
1490 4545 1609 4600 Christo
1623 4546 1654 4598 in
1670 4549 1813 4599 aeternum
1824 4547 1853 4598 et

122 4638 208 4711 fugit.
218 4639 329 4694 Pndica
341 4641 370 4693 et
381 4641 490 4693 aeterna
501 4639 619 4708 estquae
630 4637 710 4692 litem
720 4640 749 4692 et
757 4637 844 4692 linem
852 4637 957 4692 nescit.
1015 4638 1154 4690 aeternam
1166 4635 1288 4704 recipiet
1296 4635 1439 4706 requiem.
1453 4633 1538 4689 Unda
1549 4633 1579 4688 in
1594 4632 1771 4704 Evangelio:
1784 4632 1850 4687 dam

158 4729 192 4782 ln
202 4728 305 4783 ordine
316 4727 415 4782 multae
423 4728 607 4798 quaestiones
617 4725 836 4798 oriunturquee,
849 4725 959 4796 Spiritu
1009 4724 1099 4796 pueri
1109 4724 1167 4778 mei
1177 4740 1287 4778 mecum
1299 4729 1367 4777 sunt
1377 4724 1408 4776 in
1418 4722 1511 4777 orririli
1517 4743 1525 4788 ,·
1536 4736 1850 4793 nonpossumsurqere

124 4819 227 4870 sancto
241 4816 402 4885 revelante,
420 4816 585 4871 solvuntur.
602 4815 699 4869 Prima
714 4815 850 4886 quaestio,
867 4831 958 4885 quare
1013 4817 1043 4866 et
1053 4812 1127 4867 dore
1136 4812 1193 4867 tibi
1207 4812 1331 4883 (Lucu).
1342 4810 1454 4866 Solutio
1465 4814 1559 4866 sextae
1570 4810 1762 4881 quaestionis:
1775 4809 1849 4864 Duae

122 4908 297 4960 trescruces
304 4904 720 4960 secundumconsuetudinem
727 4902 957 4974 Ecclesiaetlant3
1012 4903 1110 4972 partes
1127 4899 1272 4955 Dominici
1283 4901 1428 4971 corporis,
1441 4916 1507 4972 quae
1519 4902 1602 4955 extra
1613 4900 1734 4953 calicem
1749 4913 1849 4952 rema-

124 4992 265 5061 secunda,
282 5008 373 5064 quare
389 4993 454 5048 duae
470 4992 798 5065 secundumquamdam
814 4991 959 5048 rationem
1011 4991 1090 5058 nent,
1106 4989 1172 5044 duae
1184 4991 1253 5044 sunt
1267 4988 1527 5059 partssEcclcsias,
1545 5004 1614 5058 pars
1627 4989 1657 5041 in
1672 4986 1848 5059 peregrina·

122 5081 192 5137 fidei
206 5079 371 5150 sufficiant3
386 5082 482 5150 tertio,
497 5096 589 5152 quare
606 5097 711 5136 cruces
722 5082 788 5136 istae
799 5096 957 5151 nonsupra
1010 5077 1103 5147 tione,
1120 5081 1149 5132 et
1162 5093 1231 5147 pars
1247 5077 1277 5131 in
1293 5077 1506 5148 expectatione.
1521 5076 1593 5142 Quia
1611 5092 1684 5148 ergo
1699 5074 1765 5131 istae
1780 5076 1848 5131 duan

122 5169 170 5225 vel
186 5171 269 5224 extra
284 5168 416 5237 calicem,
433 5170 488 5224 aed
502 5171 613 5224 tentum
629 5169 708 5224 intus
723 5169 753 5223 in
770 5168 860 5224 calice
876 5169 955 5224 liant.
1009 5169 1108 5237 partes
1117 5165 1271 5221 laboribus
1279 5163 1704 5236 poenitentialibussubjacent,
1715 5163 1847 5219 etadbuc

122 5257 229 5325 Quarta
244 5260 291 5312 est
305 5272 395 5329 quare
411 5257 495 5312 tertia
509 5256 652 5328 particula
662 5257 807 5313 Dominioi
822 5257 957 5328 corporis
1010 5258 1184 5327 exspectant
1199 5257 1226 5309 et
1241 5253 1426 5322 desiderant,
1449 5269 1504 5309 nec
1524 5252 1722 5307 desideratam
1736 5252 1848 5307 babent

122 5364 211 5403 mann
225 5348 360 5403 teneatur
374 5345 403 5401 in
415 5345 554 5400 crucibus
565 5345 720 5402 iaciendis.
733 5345 848 5416 Quinta,
865 5362 956 5418 quare
1008 5343 1152 5416 requiem3
1164 5345 1319 5414 propterea
1331 5342 1456 5398 illaeduae
1470 5344 1571 5412 partes
1585 5340 1729 5397 Dominici
1740 5357 1846 5410 corpo·

123 5434 385 5508 eadempnrticula,
394 5434 481 5490 lactis
491 5435 641 5504 crucibus,
653 5435 684 5490 in
695 5435 817 5491 calicem
827 5435 956 5491 descen·
1009 5432 1051 5488 n's
1058 5435 1140 5488 extra
1146 5433 1268 5487 calicem
1275 5433 1436 5486 remanent.
1445 5430 1557 5486 Solutio
1565 5431 1698 5500 septimae
1707 5430 1845 5500 quaestio

122 5525 181 5581 dat.
198 5524 297 5596 Sexta,
313 5539 404 5596 quare
417 5523 483 5578 duae
497 5525 597 5594 parles
617 5526 700 5578 extra
715 5524 835 5579 calicem
857 5538 954 5578 rema·
1008 5521 1074 5577 nis:
1093 5521 1161 5577 Tria
1169 5523 1238 5575 sunt
1248 5524 1395 5591 tempora3
1407 5520 1465 5574 duo
1474 5522 1543 5574 sunt
1552 5517 1776 5588 misericordiis,
1789 5521 1846 5573 ter·

122 5618 220 5670 neant.
230 5612 493 5686 Septima,quando
504 5611 723 5685 diciturrlqnus
732 5611 797 5678 Dei,
811 5627 878 5666 cum
887 5611 955 5667 duo·
1007 5613 1078 5666 trum
1094 5611 1149 5666 erit
1164 5610 1246 5681 pacis
1258 5611 1286 5664 et
1297 5607 1432 5679 justitiae.
1442 5608 1599 5679 eriaergo
1608 5607 1638 5662 in
1648 5609 1780 5677 tempore
1790 5622 1843 5678 pe-

30 5712 34 5721 '
122 5703 180 5758 bus
191 5703 299 5775 primis
309 5703 349 5760 eit
359 5701 575 5772 convenientia,
588 5716 679 5777 quare
688 5701 718 5760 in
727 5701 813 5757 tertio
825 5699 867 5755 sit
877 5698 962 5756 dille-
1006 5699 1217 5769 regrinationis
1232 5699 1259 5752 el
1275 5697 1305 5752 in
1320 5699 1451 5768 tempore
1461 5696 1692 5771 exspectationis
1704 5698 1844 5775 speratur
