3816 6030
139 308 198 373 ⁴27

533 312 751 378 APPENDIX
771 312 829 377 An
853 313 1045 379 HUGONIS
1067 313 1212 380 OPERA
1234 315 1500 383 DOGMATICA.

1811 321 1870 386 128

140 508 218 564 dicta
230 511 309 581 quod
324 513 354 566 in
365 513 503 568 luctando
516 529 567 568 eas
581 514 744 584 premimus
760 516 788 568 et
804 514 968 584 vibremus,
991 495 1021 557 Α
1035 532 1101 571 mus
1114 533 1119 572 :
1132 518 1209 573 unde
1221 523 1249 574 et
1260 518 1328 574 olim
1340 519 1523 590 praeliatores
1533 520 1588 574 suh
1602 519 1763 576 luminibus
1773 537 1868 594 equos

139 599 219 670 quod
234 599 331 655 Graeci
347 601 426 671 palin
442 602 552 657 dicunt.

175 693 264 774 Spina
280 710 325 760 est
334 706 472 777 junctura
483 709 575 778 dorsi,
588 711 664 765 dicto
674 709 866 780 quodhubeut
877 709 975 763 rudio-

142 793 189 848 los
204 797 235 847 ut
250 795 352 863 spinos
368 801 481 863 ocutos,
495 798 582 868 cujus
596 797 743 868 juncturae
759 799 914 869 spondylio
926 815 975 868 np-

143 882 289 952 pellantur
299 888 418 953 propter
428 888 540 954 partem
551 887 665 940 cerebri
676 903 741 957 quoe
754 887 846 941 lectur
853 904 906 957 per
920 886 976 939 hos

1034 607 1173 662 omisisse
1184 609 1366 664 dicebantur.

1067 695 1156 751 Goxoe
1168 698 1252 769 quasi
1269 698 1419 769 conjuncti
1433 714 1515 767 nxes,
1526 699 1556 752 in
1571 699 1645 768 ipsis
1662 699 1739 753 cuim
1756 699 1867 754 femore

1031 791 1195 854 moventur,
1213 803 1338 856 quorum
1354 803 1483 842 concors
1498 787 1644 843 vertebrae
1656 791 1810 843 vocantur.

1066 873 1251 946 Suffragines
1270 879 1339 929 sunt
1360 876 1511 944 plicaturae
1527 892 1646 929 crurum
1666 878 1866 946 posteriorum

142 969 233 1041 longo
245 974 339 1025 tractu
348 973 384 1026 ad
393 976 517 1027 caeteras
530 976 664 1044 corporis
673 979 782 1045 partes.
793 975 881 1029 Sacra
891 975 976 1044 spino
1032 979 1067 1016 θΧ
1084 965 1335 1034 quadrupedibus,
1353 981 1418 1036 ‘1¹15e
1430 968 1593 1018 PelPOI‘SUffi
1605 965 1751 1035 Plifflsslffl‘
1766 969 1796 1020 11¹
1813 982 1864 1038 8⁸·

139 1062 188 1111 est
212 1059 269 1111 imo
294 1065 443 1129 perpetum
460 1062 564 1132 spine,
586 1080 673 1134 quom
697 1064 791 1117 tirreni
815 1064 884 1134 tepor
900 1068 975 1115 νῶτον
1032 1068 1089 1105 uua
1104 1052 1134 1104 iu
1149 1053 1347 1106 anterioribus
1357 1053 1506 1121 cruribus,
1516 1056 1704 1121 antrorsum3
1719 1054 1866 1125 dictaeque

141 1144 247 1201 hieron
259 1151 347 1202 noton
365 1152 479 1217 vocnnt,
493 1152 631 1220 quoniam
648 1153 773 1221 primum
785 1153 894 1206 inlunte
911 1168 978 1205 ron·
1032 1144 1110 1208 8⁰⁰¹,
1127 1141 1204 1210 ‘l¹¹0d
1222 1139 1447 1212 SUffi'lssgUsslUb
1465 1141 1492 1194 ld
1505 1145 1560 1209 &Sti
1578 1142 1685 1196 subtus
1699 1142 1866 1212 flflssllffllub

147 1237 232 1304 cepto
257 1237 400 1304 nascitur,
417 1237 541 1308 ideoque
562 1241 634 1294 etin
655 1240 752 1294 hostin
767 1242 796 1294 id
820 1241 976 1311 primumn

139 1322 306 1379 Gentilibus
321 1324 378 1376 diis
399 1326 463 1379 suis
491 1326 624 1394 (labatur,
643 1329 718 1383 unde
740 1334 767 1382 ct
784 1344 868 1383 sacro
889 1329 975 1398 spina

143 1410 260 1464 dicitur.

179 1517 278 1571 Renes
293 1519 332 1572 nit
345 1519 437 1573 Varro
453 1521 558 1591 dictos,
577 1522 654 1592 quod
671 1523 725 1576 riri
742 1523 830 1577 abiis
848 1522 975 1576 obsceni

143 1603 278 1659 humoris
306 1607 396 1660 lluaut
419 1608 466 1662 ἀπο
481 1615 525 1662 τοῦ
541 1612 597 1680 piso
625 1612 750 1665 orer-bo
773 1612 866 1680 rhein,
897 1611 976 1682 quod

145 1692 294 1764 significat
308 1696 398 1750 tlucre
415 1714 481 1750 uum
496 1715 580 1753 vener
597 1703 625 1753 et
647 1700 783 1754 medulloe
807 1704 924 1754 tenuem
939 1700 975 1752 li-

142 1797 265 1851 quorem
281 1783 464 1839 desudantin
475 1803 573 1856 renes,
584 1789 633 1858 qui
650 1789 746 1858 liquor
756 1804 862 1842 rursus
872 1804 888 1841 a
898 1788 975 1841 reui-

141 1869 198 1925 bus
215 1870 312 1925 calore
326 1874 445 1929 veneris
461 1876 611 1930 resolutus
626 1877 764 1931 decurrit.

143 2061 294 2115 eorporeae
314 2050 472 2119 voluptatis
487 2053 518 2105 in
533 2053 608 2123 ipsis
624 2056 679 2122 ost,
696 2054 773 2106 sicut
790 2053 819 2107 in
834 2054 975 2109 umbilico

144 2132 272 2188 leminis
287 2136 370 2191 Unde
382 2140 454 2192 eleb
465 2140 520 2194 lob
533 2141 561 2194 in
571 2142 692 2195 exordio
703 2143 852 2195 sermonis
864 2143 974 2196 dictum

143 2224 189 2275 est
206 2239 211 2276 :
229 2224 362 2297 Accinge
378 2229 454 2280 sicut
472 2229 520 2281 rir
534 2229 648 2284 lurnbos
665 2236 729 2285 tuos
744 2230 821 2293 (dol).
839 2233 974 2300 xxxviii),

144 2313 175 2362 ut
190 2310 219 2364 in
234 2312 282 2366 bis
297 2318 379 2368 esset
394 2316 553 2370 resistendi
564 2318 738 2388 praeparatio
755 2318 783 2370 in
801 2319 913 2388 quibus
930 2322 976 2373 est

182 2490 347 2544 Umbilieus
357 2493 523 2546 estmedius
535 2493 619 2547 locus
631 2495 776 2563 corporis,
788 2495 885 2548 dictus
896 2496 975 2566 quod

143 2581 182 2634 sit
196 2579 285 2634 umbo
294 2579 410 2633 iliorum
423 2595 430 2646 ;
446 2580 523 2634 unde
535 2585 562 2634 et
573 2582 661 2636 umbo
672 2582 836 2652 appellatur
845 2584 928 2636 locus
945 2584 975 2637 in

144 2668 241 2723 medio
257 2667 349 2737 clypei
365 2685 381 2721 ο
396 2683 454 2738 quo
464 2669 618 2739 dependet.

178 2756 229 2809 llic
244 2756 348 2810 Graeco
358 2772 495 2811 sermone
504 2758 697 2826 appellantur,
711 2759 790 2829 quod
805 2759 845 2812 ihi
856 2775 911 2813 nos
922 2760 974 2814 ob·

141 2844 306 2909 volvamus
320 2845 423 2900 Graeee
439 2845 516 2898 enirn
531 2844 602 2898 ento
617 2846 672 2900 ileo
689 2851 805 2901 vertere
824 2851 852 2902 ct
872 2848 973 2902 obvol-

139 2948 210 2987 vere
225 2932 341 2986 dicitur.

177 3038 286 3093 Clunes
308 3040 414 3107 vocati,
436 3041 512 3110 quod
536 3041 692 3111 siutjuxta
717 3042 814 3096 colum
835 3042 913 3112 quod
928 3044 973 3096 est

140 3126 273 3199 longum,
290 3131 417 3200 suntque
431 3131 563 3183 tumores
579 3130 698 3183 uatium.

175 3215 267 3271 Nates
276 3217 354 3287 quod
363 3217 394 3270 in
403 3216 477 3286 ipsis
487 3217 639 3272 innitimur
649 3220 718 3272 dum
727 3219 876 3273 sedemus
889 3219 972 3274 Unde

139 3306 168 3358 et
183 3304 359 3375 conglobato
374 3308 420 3359 cst
435 3305 464 3358 iu
479 3305 523 3359 eis
540 3321 618 3374 caro,
636 3322 672 3362 ne
688 3308 848 3377 prementis
865 3323 972 3378 corpo-

138 3390 182 3446 ris
197 3391 273 3446 mole
290 3409 360 3446 osso
375 3394 517 3448 dolerent.
738 3383 741 3389 ¹

174 3498 317 3553 Genitalis
334 3499 467 3568 corporis
483 3504 592 3569 portes,
611 3504 641 3554 ut
657 3517 764 3556 nomeu
780 3502 877 3572 ipsum
888 3503 974 3556 docet

138 3586 297 3659 gignendae
312 3588 427 3641 sobolis
443 3593 621 3658 acceperunt
638 3590 813 3643 vocobulum
829 3591 907 3661 quod
924 3590 971 3645 lus

136 3678 310 3746 procreetur
329 3680 358 3731 et
374 3677 516 3748 gignitur.
535 3677 606 3731 Hauc
622 3681 650 3732 ct
665 3679 800 3748 pudendo
816 3695 869 3748 pro
884 3695 971 3734 vere·

137 3765 253 3832 cundia,
266 3765 331 3819 sive
346 3765 460 3836 apube.
472 3766 555 3820 Unde
565 3771 593 3820 et
602 3767 771 3840 indumento
783 3768 964 3837 operiuntur,

139 3853 283 3909 Dicuntur
298 3858 394 3909 nutem
406 3855 461 3909 ista
477 3858 505 3909 et
521 3855 686 3925 inhonesto,
704 3856 771 3927 quia
788 3872 847 3909 non
865 3855 973 3910 liabent

138 3944 409 4013 eamdemspeciem
420 3944 538 3998 decoris
547 3944 761 3999 sicutmembrn
769 3961 834 4016 qum
843 3944 974 4015 inprom-

138 4034 188 4104 ptu
205 4035 233 4086 et
247 4035 406 4102 prospectu
421 4033 516 4087 locato
536 4037 614 4088 sunt.
633 4033 747 4087 Dictum
763 4037 792 4087 ct
808 4036 973 4088 verrctrum

139 4121 304 4175 membrum
324 4121 408 4175 virile
433 4122 497 4175 sive
517 4123 594 4192 quod
616 4121 671 4175 viri
696 4125 742 4176 ost
765 4125 886 4191 tuntum,
908 4122 972 4176 sive

140 4209 219 4280 quod
235 4225 321 4265 exeo
337 4210 419 4264 virus
435 4208 591 4277 emittitur;
612 4226 680 4264 nom
695 4210 778 4264 rirus
794 4211 912 4281 proprie
927 4210 973 4264 di·

137 4299 214 4354 oitur
228 4298 335 4353 humor
348 4298 444 4353 fluens
460 4314 476 4352 ο
492 4301 595 4353 natura
610 4298 677 4368 viri,
700 4299 765 4354 sive
780 4315 797 4352 ο
812 4300 969 4369 verrendo,

136 4387 201 4442 sive
216 4387 363 4442 demuma
380 4403 460 4441 vere.

172 4493 314 4548 Testiculi
328 4509 382 4563 per
396 4493 619 4549 diminutionem
635 4510 651 4546 a
666 4492 792 4549 testibus
811 4494 879 4548 dicti
897 4510 968 4564 quo·

135 4598 201 4638 rum
218 4599 360 4638 uumerus
384 4582 487 4653 incipit
506 4599 521 4636 a
538 4583 672 4650 duobus3
694 4582 722 4636 hi
739 4598 841 4637 semen
857 4584 968 4637 calamo

137 4672 312 4741 ministrent,
323 4673 403 4744 quod
413 4689 430 4725 ο
439 4671 533 4742 spinae
545 4671 671 4725 medullu
680 4675 708 4725 et
718 4671 841 4726 renibus
858 4675 886 4726 et
896 4672 970 4725 lum·

136 4759 185 4814 bis
201 4760 369 4831 suscipiunt
382 4761 476 4832 gratio
491 4760 668 4830 procreandi

172 4848 308 4903 Serotum
323 4852 369 4903 est
381 4849 467 4918 pellis
483 4848 512 4904 iu
527 4867 585 4920 quo
600 4849 728 4905 testiculi
741 4852 819 4903 sunt.

174 4935 342 4990 Posteriora
366 4941 480 5005 vocata,
504 4940 583 5009 quod
605 4942 683 4993 retro
712 4941 829 4992 suntet
852 4954 868 4989 ο
889 4936 971 4991 rultu

136 5040 251 5091 avorsa,
275 5040 311 5077 ne
336 5024 404 5078 dum
431 5025 528 5079 alvum
552 5043 725 5099 purgamus,
748 5026 971 5097 inquinaremus

137 5116 303 5184 aspectum.

173 5202 286 5257 ltleatus
302 5202 370 5256 iude
385 5203 550 5272 oppellotus
567 5204 646 5273 quod
665 5219 718 5273 per
737 5219 804 5258 euru
819 5205 925 5272 meunt,
943 5202 972 5256 id

135 5295 182 5346 est
198 5294 359 5362 egeruntur
370 5294 514 5346 stercora.

174 5379 297 5434 Femora
312 5380 400 5448 dioto,
418 5380 496 5450 quod
512 5395 545 5434 ea
561 5383 642 5450 parte
657 5396 673 5434 ο
686 5380 794 5435 semina
811 5397 905 5436 sexus
916 5380 971 5434 viri

136 5468 294 5539 discrepet.
311 5468 385 5523 Sunt
399 5469 435 5522 ab
451 5469 625 5541 inguinibus
642 5485 736 5540 usque
752 5470 787 5523 ud
803 5487 910 5541 genua.

173 5558 292 5613 Femina
308 5561 406 5612 autem
417 5573 470 5628 per
485 5558 697 5613 derivationem
713 5558 858 5613 femorum
872 5563 972 5629 portes

135 5650 213 5718 suot,
226 5647 335 5721 quihus
350 5647 381 5703 in
396 5647 554 5720 equitando
569 5647 663 5721 tergis
680 5662 827 5720 equorum
843 5647 972 5704 inhaerc-

1032 1245 1090 1282 non
1106 1245 1195 1298 supro
1213 1229 1290 1283 sicut
1307 1245 1414 1300 genua.

1066 1318 1166 1371 Genua
1181 1321 1249 1371 suut
1265 1318 1493 1372 commissiones
1504 1318 1682 1372 semorumct
1693 1336 1823 1386 crurum,
1837 1326 1864 1375 et

1031 1405 1168 1459 dicuntur
1179 1423 1274 1476 genua
1284 1408 1403 1477 eoquod
1411 1407 1441 1460 in
1447 1410 1530 1461 utero
1538 1408 1624 1477 genis
1636 1407 1788 1461 oculorum
1797 1412 1866 1462 sunt

1032 1494 1175 1562 oppositu.
1193 1494 1348 1548 Uolucrem
1365 1496 1441 1549 cuim
1458 1496 1514 1548 sibi
1532 1495 1582 1562 ibi,
1601 1498 1628 1547 et
1648 1498 1772 1566 cognatu
1794 1502 1863 1551 sunt

1032 1597 1128 1652 genua
1145 1582 1601 1653 oculislaerymurumindicibus
1613 1588 1640 1637 ct
1650 1585 1862 1639 misericordior

1033 1686 1098 1722 uum
1115 1687 1130 1722 ο
1145 1672 1232 1741 genis
1248 1672 1499 1743 gcuuudicuntur.
1517 1672 1649 1742 Denique
1659 1673 1863 1741 complicatum

991 1797 1017 1859 Β
1033 1759 1062 1811 in
1078 1774 1174 1829 genua
1189 1760 1281 1830 gigni,
1296 1760 1474 1830 formarique
1490 1760 1637 1815 bominem
1652 1761 1763 1829 dicunt,
1779 1761 1816 1814 itu
1834 1765 1864 1814 ut

1035 1862 1130 1917 genno
1146 1864 1266 1902 sursum
1283 1850 1351 1915 sint,
1369 1849 1477 1918 quibus
1494 1849 1570 1903 oculi
1582 1849 1744 1903 iorumntur
1760 1851 1863 1902 ulcavi

1034 1937 1104 1988 liunt
1122 1940 1150 1990 et
1174 1937 1289 1991 rotundi
1314 1941 1341 1990 et
1365 1939 1453 1991 ctiam
1468 1937 1620 2003 reconditi,
1642 1938 1725 2007 ipsos
1740 1938 1818 1991 cuim
1835 1938 1863 1990 iu

1031 2027 1113 2077 utero
1127 2026 1228 2079 matris
1245 2041 1340 2095 gemm
1357 2026 1560 2095 comprimunt.
1579 2025 1711 2079 Ennius:
1736 2048 1746 2072 ι
1766 2027 1859 2096 Atque

1031 2129 1127 2180 genua
1145 2115 1309 2183 comprimit
1325 2117 1389 2167 nctn
1404 2130 1506 2184 genu«
1526 2114 1598 2167 lude
1611 2117 1656 2168 est
1670 2115 1749 2184 quod
1765 2115 1861 2167 homi-

1031 2217 1085 2255 nes
1101 2202 1169 2255 dum
1185 2203 1219 2254 nd
1228 2219 1325 2273 genua
1336 2219 1369 2257 se
1377 2206 1574 2272 prosternant,
1583 2203 1680 2255 statim
1693 2202 1863 2272 lacrymam·

1031 2294 1086 2344 tur.
1099 2291 1197 2344 b'oluit
1213 2293 1291 2345 enim
1307 2295 1410 2345 nutura
1426 2308 1479 2345 eos
1494 2294 1608 2345 uterum
1625 2295 1788 2344 maternum
1804 2306 1863 2344 me·

1031 2380 1123 2432 morio
1141 2381 1272 2434 recolere
1288 2384 1315 2434 et
1336 2380 1496 2447 reminisci,
1513 2380 1564 2434 ubi
1580 2380 1664 2449 quusi
1685 2379 1714 2431 in
1731 2379 1861 2433 tenebris

1029 2469 1224 2522 considebunt
1238 2472 1394 2539 antequam
1409 2469 1446 2521 od
1462 2469 1557 2522 lucem
1574 2468 1717 2521 venirent.

1063 2555 1154 2610 Cruru
1169 2558 1256 2625 dicta,
1273 2557 1350 2627 quod
1367 2558 1414 2610 his
1430 2559 1577 2610 currimus
1593 2561 1620 2609 et
1636 2572 1777 2626 gressum
1791 2555 1860 2608 tuci-

1027 2661 1104 2712 mus,
1115 2649 1143 2699 et
1159 2650 1228 2698 sunt
1242 2662 1258 2699 a
1274 2646 1401 2717 genibus
1414 2662 1509 2716 usquc
1524 2646 1559 2697 ad
1573 2645 1681 2698 cnlccs.

1062 2733 1154 2787 Tibiae
1170 2738 1282 2788 vocutoe
1293 2734 1378 2805 quusi
1394 2735 1493 2803 tubae3
1510 2739 1578 2788 sunt
1588 2733 1665 2787 enim
1675 2733 1859 2804 longitudine

1026 2826 1055 2874 et
1070 2823 1170 2891 specie
1185 2823 1229 2876 cis
1244 2823 1367 2877 similes.
1387 2822 1421 2877 nt
1437 2826 1506 2876 suut
1519 2839 1588 2876 ossa
1605 2826 1654 2875 out
1669 2824 1767 2891 portes
1783 2826 1861 2875 onte·

1026 2910 1121 2965 riores
1137 2912 1167 2964 iu
1183 2927 1278 2976 crure,
1292 2915 1319 2965 et
1328 2928 1407 2965 surm
1423 2916 1492 2965 sunt
1503 2913 1695 2981 posteriores.

1063 3001 1153 3055 Talus
1169 3001 1265 3054 dictus
1281 3017 1297 3054 ο
1313 3001 1389 3068 tol03
1411 3017 1477 3053 num
1494 3000 1572 3054 tolus
1595 3002 1641 3053 est
1657 2999 1790 3053 eminens
1807 3016 1857 3052 ro-

989 3091 1168 3171 ctunditns,
1185 3094 1213 3144 ct
1229 3091 1297 3144 iude
1314 3089 1465 3160 fastigium
1481 3088 1580 3157 templi
1596 3088 1712 3141 rotundi
1725 3088 1860 3141 tolusvo·

1030 3182 1122 3233 catur.
1139 3178 1228 3233 Tutus
1244 3182 1340 3233 nutem
1356 3178 1412 3231 sub
1429 3193 1514 3232 crure
1529 3180 1584 3244 est,
1597 3177 1688 3231 etsub
1701 3176 1757 3230 tolo
1767 3176 1860 3229 culca-

1029 3283 1125 3322 noum.

1063 3339 1159 3393 Pedes
1188 3354 1225 3392 cx
1240 3341 1343 3394 Graeco
1360 3338 1536 3408 etymologia
1552 3352 1658 3392 nomen
1679 3337 1774 3390 sortiti
1791 3340 1859 3391 suut

1026 3428 1085 3483 llos
1106 3431 1184 3483 euim
1210 3429 1305 3483 Graeci
1322 3429 1414 3497 podus
1426 3423 1523 3499 [πόδας]
1535 3428 1644 3481 dicunt.
1670 3426 1742 3479 Sunt
1773 3426 1822 3496 qui
1843 3443 1858 3479 ο

1024 3518 1149 3587 petendo
1161 3522 1269 3571 terram
1281 3517 1376 3570 dictos
1392 3519 1503 3585 putent,
1516 3516 1584 3586 quio
1595 3514 1716 3569 alternis
1727 3515 1858 3568 motibus

1023 3606 1088 3661 solo
1106 3607 1156 3660 fixi
1167 3607 1316 3661 incedunt.

1059 3695 1168 3749 Plantae
1185 3712 1201 3748 ο
1221 3695 1339 3765 planitie
1354 3697 1540 3764 nuncupatae,
1557 3693 1693 3764 quianon
1709 3692 1854 3759 rotundae,

1025 3788 1055 3837 ut
1065 3785 1095 3838 in
1103 3783 1355 3854 quadrupedibus
1367 3799 1402 3837 ne
1410 3787 1488 3837 stare
1496 3799 1553 3837 nou
1561 3781 1854 3852 possitbipcshomo,

1025 3873 1078 3928 scd
1090 3873 1184 3943 planae
1200 3876 1286 3942 atquc
1298 3872 1450 3942 longiores
1465 3872 1596 3925 tormutae
1607 3875 1685 3937 sunt,
1699 3875 1729 3924 ut
1739 3870 1855 3938 stnbilc,

1026 3978 1135 4032 corpus
1159 3961 1321 4015 ellicereut.
1346 3962 1420 4013 Sunt
1434 3962 1530 4014 autem
1552 3959 1668 4029 plnntae,
1691 3959 1857 4014 anteriores

1025 4055 1136 4121 partes,
1154 4066 1220 4120 quac
1237 4049 1324 4103 etium
1339 4049 1374 4102 de
1390 4049 1489 4102 multis
1500 4048 1622 4102 ossibus
1640 4050 1785 4102 constant.

1061 4140 1132 4195 Calx
1157 4139 1203 4193 vel
1220 4139 1299 4192 coles
1320 4138 1367 4191 vcl
1384 4138 1474 4191 (taleis
1497 4137 1591 4207 prima
1611 4153 1681 4217 pnrs
1703 4137 1819 4206 plautae,
1842 4153 1859 4189 ο

1026 4229 1107 4283 caleo
1124 4228 1165 4282 illi
1176 4244 1282 4282 nomeu
1299 4227 1477 4296 impositum,
1496 4225 1574 4297 quod
1585 4230 1693 4280 terram
1710 4226 1859 4279 calcemus

1027 4317 1095 4371 hine
1111 4320 1139 4371 et
1155 4317 1323 4370 calcaneus

984 4421 1011 4484 D
1063 4406 1164 4460 Solum
1175 4408 1221 4460 est
1230 4405 1353 4459 interior
1364 4421 1433 4474 purs
1443 4421 1477 4473 pr
1490 4404 1537 4471 Iis,
1547 4404 1622 4456 dicta
1635 4403 1755 4474 quodeo
1765 4402 1859 4456 vosti-

1028 4495 1087 4567 giu,
1103 4498 1190 4549 terrm
1205 4494 1410 4565 imprimimus.
1428 4493 1484 4545 Frzl
1502 4496 1529 4546 ct
1544 4493 1641 4548 solum
1656 4491 1763 4545 dicitur
1773 4505 1859 4545 omne

1027 4584 1099 4639 illud
1115 4584 1192 4654 quod
1209 4583 1317 4653 aliquid
1334 4582 1470 4648 sustinet,
1489 4581 1573 4653 quasi
1585 4581 1723 4649 solidum,
1741 4580 1859 4634 undeet

1027 4677 1105 4728 terra
1120 4673 1216 4727 solum
1232 4672 1348 4738 dicitur,
1362 4670 1440 4740 quod
1451 4675 1555 4723 cuncto
1571 4670 1729 4724 sustinent:
1748 4683 1800 4722 uer
1815 4683 1860 4721 so

1027 4763 1088 4817 lum
1102 4762 1210 4827 ovium,
1227 4765 1255 4814 ct
1270 4760 1366 4813 solum
1391 4758 1485 4829 pedis,
1512 4759 1591 4828 quod
1614 4760 1703 4811 totam
1723 4756 1859 4826 corporis

1027 4852 1134 4906 molem
1149 4852 1254 4919 portet.

1063 4938 1184 4993 Viscera
1202 4953 1260 4992 non
1276 4938 1374 4992 solum
1397 4935 1533 4990 intestina
1550 4934 1687 5001 dicimus,
1704 4934 1758 4986 scd
1772 4933 1860 5004 quid-

1026 5028 1096 5098 quid
1112 5026 1169 5081 sub
1186 5026 1268 5080 corio
1284 5029 1329 5080 est
1345 5026 1533 5089 intercutem
1552 5025 1580 5077 et
1599 5038 1716 5077 curnem
1733 5025 1761 5075 et
1777 5038 1859 5088 ossa,

1026 5117 1098 5171 ltem
1110 5116 1227 5169 viscera
1242 5115 1350 5184 vitalio,
1368 5116 1395 5168 id
1412 5118 1457 5169 est
1472 5111 1651 5168 circumfusa
1668 5111 1733 5165 locu
1749 5111 1860 5176 cordis,

1026 5208 1057 5259 ut
1072 5204 1098 5259 si
1114 5203 1216 5258 viscus
1232 5204 1319 5275 quasi
1332 5204 1379 5257 vis
1396 5203 1505 5270 cordiS,
1530 5218 1565 5256 co
1580 5200 1660 5271 quod
1683 5199 1724 5253 ibi
1747 5199 1815 5267 vito,
1834 5198 1861 5253 id

1026 5297 1073 5349 est
1087 5293 1182 5348 animo
1191 5293 1366 5348 continetur.
1378 5292 1448 5345 ltem
1459 5292 1576 5345 viscera
1589 5290 1683 5360 cupita
1698 5302 1859 5342 nervorum

1026 5398 1063 5437 ex
1079 5381 1225 5454 sanguine
1246 5385 1274 5436 et
1288 5381 1389 5436 nervis
1405 5379 1549 5449 copulatu.

1063 5471 1134 5525 ltem
1150 5470 1250 5524 lacerti
1272 5485 1288 5523 a
1305 5468 1496 5522 similitudine
1515 5467 1691 5521 lacertorum
1711 5464 1860 5534 reptilium

1027 5561 1095 5632 quio
1112 5559 1141 5614 in
1157 5558 1285 5630 singulis
1298 5557 1439 5611 membris
1454 5558 1519 5612 loca
1530 5559 1599 5611 sunt
1611 5571 1663 5626 per
1676 5571 1742 5626 quae
1752 5554 1797 5607 eis
1809 5570 1861 5608 no·

1027 5650 1106 5705 mino
1128 5649 1242 5718 duntur,
1266 5650 1296 5702 ut
1317 5661 1369 5701 cor
1383 5646 1461 5719 quod
1481 5646 1519 5702 sit
1541 5646 1572 5702 in
1587 5644 1682 5702 medio
1698 5643 1858 5719 corporis:
