3816 6030
68 329 121 392 aa
254 308 258 315 ’
451 324 795 391 nxoaarrmuuu
821 323 1022 390 rmoeuu
1049 322 1179 387 mana
1198 322 1395 388 ruamus
1733 324 1793 386 an

10 527 14 535 '
64 528 146 599 phas,
165 529 335 600 chimaeras,
348 532 377 586 et
391 529 515 585 linthres
531 544 627 599 usque
643 529 680 582 ad
693 524 899 582 Chelandriam
912 505 943 569 Α
957 525 1101 595 imperiali
1116 525 1226 581 vertice
1242 526 1393 597 deposuit,
1416 526 1469 581 sad
1489 525 1689 581 indemnatum
1709 525 1792 579 abire

10 613 29 673 ’,
62 634 110 672 eas
122 617 296 687 destinavit,
308 618 486 688 praecipiens
498 634 601 673 omnes
612 617 722 671 ibidem
732 614 898 670 habitantes
916 627 919 632 ·
957 615 1101 685 permisit.
1121 614 1189 685 lpse
1207 630 1294 684 vero,
1316 615 1504 685 postmodum
1530 615 1657 670 clericus
1684 614 1790 684 lactus,

62 706 224 762 interficia
243 707 363 763 minimo
387 723 483 778 usque
507 705 544 761 ad
566 706 735 761 maximum.
752 704 815 770 Quo
832 719 899 759 cum
956 703 1109 759 residuum
1123 703 1191 758 vitae
1207 705 1354 776 transegit
1368 706 1398 758 in
1412 719 1496 775 pace.

61 796 274 866 pervenissent
285 796 439 851 Mauritius
455 795 606 866 patricius,
619 797 648 850 et
659 795 739 849 Elias
750 793 899 865 spatarius
1205 792 1275 847 Car.
1291 793 1359 847 XX.
1378 793 1421 848 De
1438 794 1546 848 Leone.

61 885 230 939 secundum
241 885 427 956 imperatoris
441 885 610 956 jussionem
624 899 727 939 omnes
743 881 900 938 intertece·
991 883 1052 937 Leo
1080 882 1172 954 igitur
1200 897 1277 937 auno
1304 882 1518 937 incarnationis
1548 882 1664 937 Domini
1693 882 1789 937 nostri

61 976 137 1036 runt,
152 974 289 1044 exceptis
307 973 481 1029 infantibus.
498 973 665 1028 Tuduinum
680 971 807 1026 civitatis
823 971 901 1042 prin·
955 971 1029 1026 lesu
1040 970 1149 1025 Christi
1160 971 1221 1035 lii,
1236 971 1368 1025 Romano
1380 970 1489 1041 potitus
1501 971 1624 1040 imperio
1635 972 1791 1041 imperavit

60 1063 158 1133 clpam
176 1079 245 1117 cum
258 1061 325 1117 aliis
341 1063 536 1135 quadraginta
551 1062 737 1133 principibus
753 1061 789 1117 ad
805 1062 899 1131 impe·
955 1060 1131 1124 annisxxrv,
1141 1060 1713 1131 lluJuaindiehusgensSarracenorum
1720 1059 1793 1116 Con·

60 1155 191 1206 retorem
207 1152 363 1219 miserunt,
376 1154 404 1207 et
413 1150 489 1206 alios
500 1154 614 1222 septem
625 1149 761 1222 ejusdem
772 1149 899 1204 civitatis
956 1149 1177 1220 stantinopolim
1191 1149 1339 1204 hostiliter
1350 1149 1543 1204 circumdedit
1554 1149 1616 1205 iere
1631 1152 1685 1220 pe'r
1698 1151 1792 1204 trian-

60 1240 211 1311 primoras
227 1241 289 1312 igni
306 1241 335 1295 in
350 1240 458 1312 ligneis
473 1241 606 1296 verubus
621 1240 805 1310 applicantes
820 1253 902 1292 assa·
955 1239 1047 1293 aium.
1063 1237 1121 1293 Sed
1141 1238 1258 1294 civibus
1279 1238 1371 1292 multa
1394 1252 1517 1309 precum
1539 1239 1678 1293 instantia
1699 1240 1791 1294 Deum

61 1332 179 1383 rerunt.
208 1329 320 1383 Deinde
350 1329 534 1384 lastinianus
565 1329 645 1382 misit
673 1328 763 1382 alium
791 1327 900 1382 stolum
957 1325 1790 1400 deprecantibus,tandemlugamgensineilrcaxmripuit,

59 1432 165 1471 mense
180 1417 316 1483 Octobri,
341 1418 519 1488 praecipiens
543 1419 574 1471 ut
597 1432 700 1472 omnes
721 1417 822 1486 pueri,
850 1416 900 1487 qui
957 1419 985 1470 et
996 1417 1184 1487 postmodum
1195 1415 1264 1470 dum
1276 1431 1330 1487 per
1338 1416 1429 1470 altum
1439 1431 1520 1470 mare
1531 1416 1694 1487 navigaret,
1706 1415 1791 1471 subi-

58 1507 210 1560 reservati
225 1505 351 1575 haereat,
363 1508 449 1561 morti
461 1506 656 1560 traderentur.
669 1505 727 1561 Sed
743 1505 792 1559 ille
804 1504 900 1560 stolus
956 1506 1040 1559 tanea
1056 1509 1228 1576 tempestato
1245 1506 1401 1560 submersa
1426 1505 1521 1574 periit.
1546 1504 1638 1559 Porro
1653 1505 1713 1560 Leo
1730 1507 1792 1559 hu·

58 1610 132 1665 pene
146 1598 228 1650 totus
239 1594 270 1648 in
280 1595 385 1667 pelago
398 1598 444 1650 est
459 1595 626 1664 demersae,
639 1597 668 1648 et
683 1595 844 1664 periariant
859 1594 900 1648 ibi
957 1597 1065 1665 gustus
1077 1611 1153 1649 anno
1165 1594 1280 1665 imperii
1291 1595 1338 1649 sui
1348 1598 1563 1649 oetaveomnes
1579 1597 1700 1648 sanctas
1717 1593 1791 1647 ima-

59 1684 215 1738 bominum
235 1684 325 1739 millia
348 1685 534 1756 septuaginta
557 1684 620 1738 tria.
645 1683 759 1748 Quibus
789 1683 899 1754 agnitis
957 1682 1044 1753 giues
1066 1682 1179 1738 destrui
1203 1683 1353 1753 praecepit.
1379 1683 1507 1738 Maximo
1533 1683 1612 1737 euim
1634 1682 1702 1737 odio
1724 1682 1791 1737 illas

61 1772 252 1828 lastinianus
267 1772 370 1829 furens
393 1772 612 1845 adhucrnagua
635 1773 805 1828 crudelitate
820 1772 900 1826 misit
957 1770 1190 1842 abominabatur,
1219 1776 1247 1826 et
1275 1787 1379 1827 omnes
1406 1771 1589 1826 virtutiferas
1619 1773 1792 1827 sanctorum

57 1863 167 1916 iterum
190 1861 280 1916 alium
303 1862 427 1933 stolum,
450 1862 563 1934 jubens
588 1863 679 1932 arari,
704 1866 733 1917 at
754 1862 790 1915 ad
812 1861 897 1932 pavi·
957 1860 1107 1932 reliquias.
1121 1862 1268 1916 l‘osthoec
1283 1878 1338 1916 rex
1352 1862 1443 1915 ltaliae
1455 1861 1791 1932 Luitpraudusaudieus

59 1954 194 2005 mentum
222 1950 295 2005 illidi
324 1954 413 2006 totam
442 1952 600 2006 civitatem.
631 1951 714 2015 Quod
741 1951 896 2006 audientes
956 1948 1793 2022 quodSarraceni,depopulataSardinia,loaaillafoedas·

58 2039 198 2094 homines
218 2039 295 2095 alius
314 2040 476 2111 provinciae
495 2041 724 2111 assumpserunt
748 2038 896 2109 Philippi·
955 2042 1039 2108 sant,
1056 2039 1107 2094 ubi
1122 2055 1192 2094 ossa
1207 2040 1286 2094 beati
1301 2040 1460 2110 Augustini
1475 2038 1710 2109 Hipponensium
1727 2038 1791 2108 epi-

58 2145 138 2198 cum,
149 2129 202 2200 qui
215 2129 274 2183 illie
285 2129 451 2198 exsulabat,
460 2129 702 2200 etimperatorem
711 2131 895 2184 creaverunt.
955 2129 1040 2199 scopi
1054 2129 1293 2199 requiescebant,
1305 2143 1372 2199 quae
1383 2132 1503 2198 propter
1517 2128 1713 2182 vastationem
1726 2126 1791 2182 bar

59 2216 173 2272 Deinde
191 2218 374 2288 Philippicas
389 2217 674 2289 Constantinopolim
684 2219 809 2273 veniens
824 2217 896 2272 lus·
955 2218 1095 2273 berorum
1110 2217 1179 2271 olim
1194 2233 1228 2272 ao
1249 2218 1405 2286 translata,
1423 2220 1451 2272 et
1472 2216 1635 2272 honorilice
1650 2215 1791 2271 tumulata

56 2306 203 2361 linianum
215 2307 394 2378 Augustum,
405 2311 433 2362 et
444 2308 595 2363 Tiberium
606 2307 697 2361 lilium
710 2305 777 2378 ejus
788 2306 898 2377 pariter
956 2310 1048 2375 eraut,
1065 2306 1145 2361 misit
1160 2306 1240 2375 illua,
1256 2311 1284 2361 et
1300 2307 1366 2361 dato
1378 2306 1472 2377 pretio
1483 2305 1606 2375 aceepit,
1619 2308 1647 2359 et
1662 2307 1791 2359 transtu·

58 2395 221 2450 interiecit.
955 2396 989 2450 lit
1008 2411 1043 2451 aa
1065 2396 1200 2451 Ticinum
1225 2396 1324 2467 ibique
1347 2397 1377 2450 in
1402 2395 1592 2463 monasterio,
1615 2394 1695 2466 quod
1710 2392 1791 2447 Cella

177 2485 250 2540 tina.
267 2485 359 2540 xvll.
377 2485 422 2541 De
436 2485 605 2558 Philippico
621 2485 783 2540 [lardario.
956 2486 1054 2540 Aurea
1069 2488 1202 2554 vocatur,
1220 2484 1394 2540 recondidit.
1414 2484 1521 2540 Postea
1537 2482 1791 2553 Constantinopoli

91 2572 279 2643 Philippicas
300 2575 390 2646 igitur
412 2574 463 2646 qui
485 2578 513 2630 et
536 2574 700 2629 [lardarius
716 2573 895 2642 nominatur,
955 2575 1052 2629 lactus
1063 2577 1306 2629 astterraemotus
1319 2577 1493 2646 magnus,et
1504 2575 1680 2627 corruerunt
1691 2572 1791 2626 eccla·

58 2667 180 2718 creatus
204 2663 282 2733 apud
312 2663 473 2718 Personam
504 2665 664 2734 imperator
687 2679 764 2718 anno
789 2663 898 2717 divinae
955 2664 1128 2734 siaemultre,
1139 2668 1167 2719 et
1178 2665 1345 2719 exstinctus
1356 2662 1668 2733 estpopulusmultus.
1681 2660 1791 2715 Eodem

59 2751 276 2806 iucarnationis
292 2752 345 2806 ‘lii
358 2754 513 2823 imperavit
530 2770 606 2808 anno
624 2769 682 2807 uno
694 2755 722 2807 et
733 2751 896 2806 dimidiato.
955 2751 1791 2823 annomortuusestbeoimper·ator,animaesimuletcor·

59 2838 116 2894 lste
133 2856 203 2894 cum
219 2845 301 2896 esset
321 2840 480 2896 haereticus
500 2842 609 2912 Cyrum
625 2841 897 2911 Constantinopoli·
955 2844 1036 2914 poris
1048 2847 1156 2911 morta;
1167 2845 1195 2897 et
1210 2841 1242 2896 tit
1253 2843 1367 2912 imperii
1378 2840 1455 2912 ejus,
1469 2843 1497 2896 et
1507 2840 1665 2910 impietatis
1681 2839 1791 2910 pariter

59 2931 160 2982 tarium
172 2929 347 3000 episcopam
357 2930 464 2986 exsilio
476 2931 628 3004 relegavit,
638 2936 665 2985 et
675 2930 775 3001 posuit
783 2930 812 2984 iu
823 2945 898 2984 eam·
955 2946 1117 2987 successor
1127 2931 1338 2986 Constantinus
1349 2930 1428 2984 tilius
1438 2929 1515 3001 ejus,
1527 2946 1594 2983 cum
1602 2933 1790 2984 essetannus

59 3017 125 3072 dem
137 3017 243 3072 sedem
254 3019 411 3090 quemdam
420 3021 466 3074 sai
476 3036 586 3074 sensus
595 3020 894 3091 pseudoepiscopum,
953 3036 970 3074 a
985 3021 1152 3076 conditione
1164 3022 1264 3075 arandi
1276 3019 1441 3075 secundum
1453 3020 1603 3074 Romanos
1615 3018 1717 3074 sexies
1728 3018 1791 3072 mil·

59 3106 180 3161 nominc
190 3107 334 3162 loannem
343 3109 703 3179 monachun1.lpsaetiam
715 3109 895 3180 Philippicas
914 3109 1077 3208 clasimus
1093 3110 1315 3165 ducentesimus
1329 3108 1577 3180 quadragesimus
1591 3149 1597 3175 ,
1615 3107 1668 3161 sed
1678 3121 1790 3161 secun-

61 3195 187 3250 Romam
203 3195 396 3253 Constantino
412 3214 496 3268 papae
517 3199 598 3268 pravi
619 3198 766 3270 dogmatis
782 3199 894 3254 litteras
953 3200 1022 3255 dum
1033 3200 1281 3271 computationem
1299 3198 1511 3270 AEgyptiorum
1525 3200 1553 3251 et
1568 3195 1788 3250 Alexandrino·

59 3285 230 3354 destinavit,
243 3301 319 3357 quas
329 3286 375 3339 vir
385 3291 508 3342 sanctus
522 3288 646 3342 consilio
660 3288 784 3343 ltomani
795 3288 895 3358 populi
951 3305 1017 3344 rum
1028 3290 1129 3343 sexies
1145 3288 1322 3344 millesimus
1337 3288 1560 3343 ducentesimus
1575 3289 1603 3341 et
1615 3285 1785 3341 tricesimus

58 3373 185 3443 respuit,
198 3376 226 3428 et
236 3376 376 3445 praecepit
388 3391 424 3430 ne
440 3375 508 3447 ejus
524 3392 630 3431 nomen
643 3378 671 3430 in
683 3377 793 3432 chartis
804 3393 894 3448 pona·
950 3377 1111 3434 secundus,

57 3467 149 3531 ratur,
166 3464 217 3516 aut
233 3478 414 3532 percussura
430 3464 593 3519 solidorum
616 3465 683 3537 ejus
701 3467 892 3537 reciperetur,
1091 3468 1160 3523 Cir.
1178 3467 1260 3522 ΧΧΙ.
1277 3466 1321 3523 De
1334 3467 1530 3523 Constantino
1541 3467 1642 3539 impio.

57 3553 105 3604 aut
130 3550 168 3603 ad
197 3552 357 3606 missarum
385 3552 529 3607 solemnia
559 3555 742 3610 recitaretur.
768 3555 804 3610 Et
828 3571 895 3612 cum
987 3558 1200 3613 Constantinus
1215 3557 1316 3630 igitur,
1328 3560 1502 3628 persecutor
1513 3557 1787 3628 legumapatrrbus
1823 3544 1828 3553 ⁸

56 3640 238 3709 imperasset
258 3640 418 3711 Pilippicus
441 3659 499 3696 uno
525 3660 611 3713 anuo,
635 3647 663 3698 al
678 3644 799 3701 dimidio
814 3646 892 3712 nani,
950 3646 1788 3717 traditarum,imperiumsumens,imperavitannisxxxrv

56 3729 223 3782 insurrexit
247 3734 347 3784 eontra
371 3747 437 3785 eum
467 3732 659 3802 AnastasiuS,
685 3735 736 3805 qui
760 3737 789 3789 et
813 3735 894 3791 illum
951 3736 1166 3809 mensibusque
1183 3753 1202 3790 ιι
1218 3740 1245 3790 et
1261 3735 1528 3791 diebasxxv1.Hic
1545 3735 1624 3789 ouini
1639 3734 1707 3788 vitae
1723 3750 1787 3789 suaa

60 3817 159 3872 oculis
174 3818 316 3889 privavIt,
334 3823 362 3874 et
377 3821 413 3875 ab
438 3820 581 3890 imperiali
604 3822 745 3894 dignitate
761 3823 895 3894 deposito
951 3829 1082 3897 tempore
1093 3825 1218 3897 magicis
1231 3823 1384 3879 malalieiis
1396 3827 1424 3877 at
1436 3824 1566 3878 cruentis
1578 3823 1746 3893 sacrificiis,
1757 3825 1787 3877 et

56 3908 116 3963 sibi
134 3906 201 3978 ejus
215 3907 376 3963 vindicarit
397 3909 563 3980 imperium.
590 3911 675 3981 Apud
698 3912 810 3967 ltaliam
823 3928 896 3968 vero
952 3914 1080 3969 luxuriis
1097 3930 1216 3985 semper
1230 3928 1350 3985 operam
1370 3912 1463 3982 dedit,
1480 3912 1604 3967 etmulti
1620 3910 1735 3982 alarici,
1751 3928 1786 3966 ac

57 3997 197 4066 hriperto
212 4001 327 4053 mortuo
350 4000 486 4070 regnavit
508 3999 708 4070 Luitprandus
723 4001 802 4057 lilius
818 4001 895 4072 ejus,
952 4004 1100 4072 monaehi,
1116 4003 1299 4074 et,r·eligiosi
1321 4001 1387 4056 laici
1413 4002 1469 4055 sub
1493 4017 1527 4057 ao
1543 4005 1663 4073 propter
1675 4005 1787 4056 rectam

172 4085 244 4140 Car.
262 4086 367 4141 XVlll.
385 4084 606 4143 De'rlnastesia
621 4090 788 4144 Arthemio.
952 4093 1107 4163 periclitati
1123 4096 1192 4146 sunt
1211 4093 1313 4161 fidam,
1335 4092 1462 4146 habebat
1482 4092 1569 4145 etiam
1584 4092 1642 4145 sibi
1657 4106 1787 4146 consen-

94 4175 274 4230 hnnstasius
297 4176 387 4248 igitur
408 4179 458 4248 qui
482 4182 510 4233 et
530 4178 701 4234 hrthemius
723 4177 819 4235 dictus
839 4182 896 4249 est,
951 4184 1071 4236 tientem
1084 4182 1112 4235 in
1124 4181 1262 4235 omuibus
1277 4185 1398 4250 propter
1412 4182 1786 4250 amoremterreniprinci-

59 4264 216 4335 imperarit
231 4266 317 4319 annis
333 4266 428 4322 tribus
450 4271 478 4323 at
499 4283 554 4322 sex
574 4254 739 4331 mfflbus.
755 4268 814 4324 Istc
831 4286 898 4324 cum
952 4275 1038 4342 patus
1054 4270 1245 4325 Anastasium
1261 4269 1559 4339 Constantinopolecs
1574 4269 1643 4324 salsi
1657 4270 1786 4325 nominis

62 4357 145 4410 esset
159 4353 206 4408 vir
221 4354 385 4409 catholicus
407 4356 519 4411 litteras
538 4356 731 4415 Constantino
747 4376 830 4430 papae
844 4375 899 4430 per
953 4359 1159 4431 patriarcham,
1175 4357 1253 4413 uude
1264 4359 1406 4412 divinitus
1423 4358 1586 4431 indignatio
1602 4359 1684 4413 venit
1701 4359 1730 4412 in
1746 4360 1786 4413 ci·

61 4443 281 4499 Scholastieum
291 4445 445 4515 patricium
455 4446 616 4501 exarchum
626 4447 716 4502 ltaliae
728 4449 896 4515 destinavit,
953 4465 1007 4505 res
1018 4448 1155 4520 ejusdem
1163 4447 1257 4518 urbia,
1266 4446 1557 4518 admonensimpium
1568 4447 1785 4517 imperatorem,

61 4531 173 4602 quibus
190 4548 224 4587 se
240 4532 384 4589 fautorem
400 4534 553 4590 catholiea)
571 4535 648 4602 lidei,
668 4538 696 4590 et
711 4538 806 4592 sancti
820 4537 899 4592 sexti
953 4543 984 4594 ut
999 4554 1032 4593 sa
1048 4537 1200 4592 cohiberet
1216 4536 1252 4590 ab
1273 4537 1404 4606 insania,
1422 4551 1479 4607 qua
1494 4535 1646 4607 flagrabat.
1663 4534 1721 4591 Sed
1736 4534 1786 4590 ille

62 4621 182 4676 concilii
208 4622 431 4692 predicatorem
454 4639 523 4679 esse
546 4623 717 4679 declaravit.
742 4625 812 4680 Post
833 4626 899 4681 baec
953 4631 984 4681 ut
999 4626 1113 4681 Pharao
1131 4626 1279 4697 quondam
1293 4624 1498 4680 inemendatus
1514 4625 1686 4694 permansit.
1700 4624 1787 4680 Venit

61 4713 160 4765 autem
176 4710 303 4765 classem
324 4712 353 4763 in
377 4712 584 4767 Alexandriam
602 4717 702 4767 eontra
718 4712 899 4767 Sarracenos
953 4716 1062 4787 quippe
1070 4713 1214 4787 pestilens
1225 4729 1306 4768 mors
1318 4713 1464 4784 incipiens
1476 4729 1493 4767 a
1504 4712 1604 4768 Sicilia
1612 4715 1641 4768 et
1652 4711 1788 4768 Calabria

62 4798 182 4853 direxit.
199 4797 302 4852 Omnis
317 4801 467 4854 exercitus
481 4801 606 4856 adalind
619 4818 726 4856 versus
742 4802 899 4856 consilium
953 4804 984 4860 ιιι
994 4802 1231 4876 ragiamurbem,
1249 4806 1278 4856 et
1289 4802 1328 4855 ita
1347 4816 1411 4857 eam
1421 4802 1595 4873 devastavit,
1607 4802 1712 4858 utetin
1723 4802 1789 4874 ipsa

66 4886 227 4941 abitinere
242 4886 339 4942 medio
362 4888 398 4941 ad
422 4888 774 4960 constantinopolitannm
795 4890 900 4946 urbem
954 4892 1055 4964 plures
1070 4893 1176 4947 domus
1195 4891 1320 4962 integrm
1343 4889 1559 4961 clauderentur,
1584 4905 1619 4947 ao
1634 4892 1714 4964 quod
1729 4908 1789 4949 noa

62 4975 741 5048 regressusTheodosiumorthodoxamvirum
747 4981 901 5052 inquirens
955 4984 1037 5037 esset
1047 4981 1097 5053 qui
1107 4997 1159 5036 aas
1175 4979 1361 5049 inhabitaret,
1373 4976 1546 5035 terebantur
1560 4979 1648 5036 etiam
1662 4982 1693 5036 in
1707 4980 1790 5054 plau·

62 5066 273 5136 imperatorem
281 5065 381 5138 elegit,
392 5070 421 5121 et
429 5071 562 5122 coactum
571 5069 715 5139 imperiali
725 5070 802 5125 salio
812 5068 903 5125 subli·
955 5071 1027 5126 stris
1036 5070 1072 5124 ad
1081 5069 1285 5141 sepeliendum
1295 5068 1639 5126 cadaveramortuorum.
1650 5069 1791 5128 Paridem

62 5154 164 5210 urard.
185 5154 374 5211 Theodosius
397 5171 468 5212 vero
494 5158 684 5214 Anastasium
706 5159 781 5230 apud
797 5158 902 5214 arbem
954 5163 1071 5231 tempus
1087 5161 1116 5213 et
1131 5157 1226 5212 stellae
1242 5156 1278 5212 da
1294 5157 1370 5215 coelo
1381 5157 1521 5215 cadentes
1532 5163 1741 5231 apparuerunt,
1752 5161 1792 5215 ita

63 5243 198 5299 Nicaeam
208 5245 292 5317 gravi
302 5245 404 5316 praelio
414 5247 574 5316 superavit,
583 5248 902 5318 aumquepostmodum
956 5251 986 5303 ut
1001 5262 1105 5303 omues
1116 5246 1145 5301 id
1157 5246 1292 5302 videntes
1303 5246 1392 5302 finam
1406 5248 1510 5304 saeculi
1521 5249 1633 5304 instare
1644 5253 1789 5320 putarent.

64 5333 276 5404 presbyteram
291 5334 354 5387 fieri
368 5334 471 5405 jussit.
957 5338 1070 5393 lutarea
1081 5335 1292 5392 Constantinus
1307 5335 1540 5393 nefandissimus
1553 5339 1711 5409 imperator
1722 5354 1795 5394 oon-

274 5420 345 5476 Cnr.
364 5422 445 5477 xlx.
461 5423 506 5478 lle
525 5423 697 5480 Theodosia.
956 5431 1001 5482 tra
1011 5424 1156 5498 Balgares
1164 5441 1295 5498 pergens
1304 5425 1478 5484 horribilem
1487 5426 1686 5483 infirmitatem
1698 5428 1795 5483 incur·

101 5509 295 5565 Theodosius
310 5510 404 5582 igitur
416 5511 575 5567 Anastasio
590 5513 730 5568 defuncto
750 5513 906 5584 imperavit
957 5515 1004 5584 rit,
1017 5530 1074 5586 qua
1085 5518 1113 5570 at
1124 5514 1283 5571 defunctus
1294 5516 1350 5585 est,
1362 5531 1422 5572 non
1432 5518 1531 5574 minus
1541 5533 1631 5589 quam
1642 5515 1798 5571 Diocletia-

65 5613 147 5655 anao
162 5615 232 5655 uno.
244 5598 308 5665 Quo
319 5601 411 5670 linito,
425 5601 572 5657 adversus
588 5618 655 5657 aum
670 5603 834 5659 insurrexit
845 5604 905 5659 Lao
958 5619 1015 5660 aus
1030 5605 1177 5677 sanguina
1193 5608 1354 5677 martyrum
1369 5605 1485 5676 plenus.
1502 5605 1556 5663 Cui
1572 5603 1721 5662 successit
1734 5605 1796 5664 Leo

66 5687 189 5762 quidam
213 5688 261 5745 vir
283 5689 524 5764 potentissimus,
549 5690 599 5767 qui
625 5706 693 5748 eum
720 5691 842 5767 quidem
868 5692 904 5749 ab
958 5695 1082 5767 quartus
1099 5692 1180 5751 tilius
1198 5693 1280 5771 eius.
