3816 6030
47 319 109 383 413

479 317 536 381 nu
557 317 737 380 osricus
760 315 1103 384 ucenasusrms.
1122 355 1159 367 -
1175 320 1256 384 ura.
1269 297 1313 383 'u

1722 328 1784 390 414

52 518 260 573 dormitionem
284 517 348 572 haee
367 518 467 572 rotulit
486 533 493 587 3
514 518 584 589 quia
609 533 733 571 somnus
754 518 890 588 quaedam
905 497 1306 589 Aponitn1·psatm0diae,in
1319 521 1461 593 Vesperis
1473 525 1569 579 autem
1586 528 1614 579 et
1626 526 1786 596 completo·

49 609 149 679 imago
166 607 336 677 mediaest,
354 608 432 661 sicut
441 608 645 677 prediximus.
659 609 691 661 ln
703 608 835 662 secundo
847 608 890 660 di-

50 697 128 749 citur
153 711 158 750 :
186 695 216 749 lu
238 703 423 750 mamistras
444 697 615 751 commendo
637 697 776 768 spiritum
796 713 891 751 meum

46 802 53 846 r,
59 785 129 839 Luc.
155 800 248 843 xxrru.
275 784 367 849 Quem
386 801 508 839 versum
526 784 665 840 Christus
685 790 751 840 ante
768 788 890 839 mortem

47 873 169 942 protulit
190 874 334 928 ultimum.
362 875 445 929 Unde
469 878 497 929 et
523 891 578 928 nos
600 875 635 927 de
658 875 762 928 eodem
777 874 891 944 psalmo

47 962 86 1015 nil
103 963 232 1032 amplius
247 963 384 1018 dicimus
408 964 539 1018 iniectio
556 961 670 1033 psalmo
687 964 816 1017 dieitur:
838 962 893 1026 Qui

49 1050 168 1104 liabitet
183 1052 214 1104 in
231 1052 379 1123 adjutorio
394 1053 548 1106 ditissimi
558 1052 652 1119 (Psal.
666 1052 726 1120 xc),
738 1055 807 1121 etc,
825 1068 892 1122 quae

46 1138 110 1193 tere
136 1141 235 1194 omnia
259 1141 389 1197 oratione
415 1145 484 1195 sunt
509 1141 604 1212 plena,
627 1142 695 1194 licet
716 1141 891 1194 affirmative

46 1228 388 1299 proiemntn1·.Quarto,
415 1234 445 1283 ut
469 1229 534 1285 haec
559 1231 655 1283 omnia
678 1230 766 1283 nobis
791 1246 807 1282 e
828 1230 890 1284 Deo

46 1317 262 1387 concedantur,
282 1335 437 1373 monemur
457 1319 550 1373 Deum
574 1319 752 1373 benedicere
776 1321 804 1372 et
823 1320 889 1372 lau·

48 1404 129 1459 dare.
163 1405 305 1461 Similiter
333 1411 361 1460 et
386 1408 520 1477 Hymnus
547 1423 671 1477 corpora
696 1411 797 1461 nostra
827 1407 888 1461 lieo

48 1495 247 1565 commendat,
264 1496 342 1566 quod
357 1499 436 1566 patet
446 1512 482 1550 ex
494 1496 569 1567 ipsis
582 1496 764 1567 llymuorum
773 1496 885 1550 verbis.

48 1582 79 1636 lu
97 1583 215 1654 Hymno
231 1585 401 1656 quotidiano
413 1586 457 1639 sic
473 1585 566 1640 habes
583 1601 590 1639 t

225 1690 340 1746 Procul
353 1693 497 1746 recedant
512 1692 624 1746 somnia

226 1762 265 1815 Et
278 1764 366 1817 ucria
378 1764 596 1834 phantasmata,

226 1833 404 1905 Hostemque
420 1840 552 1888 nostrum
564 1836 723 1904 comprimo

224 1905 272 1959 Nc
284 1904 455 1976 polluantur
470 1921 604 1976 corpora.

83 2011 114 2064 lu
130 2011 187 2064 alia
205 2012 320 2082 Hymno
337 2014 382 2065 sic

227 2136 319 2190 Fessa
336 2136 439 2191 labore
455 2153 578 2207 corpora

226 2206 332 2262 Noctis
347 2209 446 2279 quiete
460 2223 576 2262 recrea.

83 2313 119 2367 Et
134 2312 165 2366 in
179 2314 236 2367 alio
252 2314 306 2368 sic.

226 2439 400 2506 Precanrnr,
419 2446 521 2495 sancte
536 2441 669 2504 lloruinc,

226 2510 361 2565 Defende
377 2529 429 2566 ucs
444 2512 475 2566 iu
491 2513 546 2566 trac
558 2520 650 2575 nocte,

228 2582 275 2635 Sit
292 2583 378 2637 nobis
393 2583 424 2636 iu
440 2588 469 2637 te
484 2585 610 2654 requies

229 2653 362 2717 Quietem
379 2661 493 2709 noctem
509 2655 617 2718 tribue,
636 2659 691 2709 etc.

85 2775 150 2830 Hoc
167 2778 253 2831 etiam
268 2778 383 2833 Versus
399 2783 499 2849 aperte
515 2779 667 2847 dilucidat,
685 2779 788 2833 diacus
806 2795 811 2833 :

86 2865 211 2920 Custodi
225 2883 287 2932 noe,
305 2867 437 2934 Domine,
454 2874 483 2922 nt
494 2868 635 2940 pupillam
646 2868 723 2923 oculi
735 2885 742 2936 ς
754 2867 809 2922 snb
827 2886 885 2922 urn-

48 2954 105 3008 bra
129 2954 243 3009 alarum
264 2961 379 3011 tuarum
396 2965 522 3029 protc9c
544 2975 596 3012 uos
616 2957 709 3015 (l'sal.
732 2957 805 3026 xvi).
823 2958 886 3012 Hoc

47 3047 147 3098 autem
158 3048 278 3114 propter
288 3046 419 3116 pericula
430 3046 493 3100 lieri
503 3048 733 3117 consuevitqucn
744 3047 812 3116 plus
823 3046 888 3100 dor-

49 3222 128 3274 cuim
145 3223 346 3292 periculosum
361 3228 407 3279 cst
430 3225 551 3294 homini,
562 3225 637 3279 'dum
659 3226 765 3278 transit
780 3240 817 3278 cx
832 3223 888 3278 hoc

51 3311 175 3379 saeculo,
184 3312 241 3367 nisi
250 3329 284 3368 se
296 3313 545 3368 commendaverit
555 3313 628 3380 Deo,
637 3313 675 3366 ita
687 3313 888 3382 periculosum

52 3404 100 3453 est
113 3400 285 3456 homiuibus
305 3402 519 3456 dormientibus
541 3402 600 3456 uisi
616 3401 812 3455 couuuendati
828 3401 888 3455 lleo

55 3488 165 3543 luerint
179 3493 230 3544 aut
242 3506 295 3561 per
305 3492 361 3546 hos
377 3495 504 3562 quatuor
512 3491 654 3561 psalmos
668 3493 716 3543 aut
727 3506 780 3559 per
790 3490 888 3544 crucis

54 3577 243 3649 signaculum
258 3595 311 3650 per
325 3582 404 3650 quod
419 3580 562 3635 Dominus
579 3595 703 3649 corpora
718 3581 819 3633 nostra
836 3595 889 3632 cu-

54 3666 174 3735 stodiat,
191 3666 596 3740 sicutitumnorogamus.
613 3669 645 3722 ln
657 3667 891 3723 cantieoSimeo·

53 3755 102 3809 nis
118 3772 187 3810 cum
203 3757 268 3826 ipso
284 3773 402 3812 oramus
419 3758 493 3812 utin
509 3773 580 3827 pace
601 3773 617 3810 a
640 3757 764 3811 tumultu
786 3756 890 3811 saeculi

53 3844 255 3914 quiescamus.
273 3845 357 3900 Unde
372 3850 450 3917 patet
465 3847 544 3917 quod
564 3847 582 3898 ii
599 3848 648 3916 qui
670 3845 827 3914 dormiunt,
845 3845 890 3899 cis

51 3935 102 4004 qui
120 3935 226 3989 mortrui
242 3938 310 3990 sunt
329 3937 359 3989 iu
379 3935 497 3989 Christo
522 3935 753 3989 conformantur.
770 3933 890 3988 Simeon

51 4022 131 4076 enim
148 4026 240 4077 morte
267 4024 401 4094 corporis
427 4024 529 4078 orabat
553 4024 582 4077 in
606 4039 678 4094 pace
703 4023 817 4092 dimitti,
835 4037 890 4076 uos

50 4112 149 4166 somni
165 4112 350 4168 dormitione.

194 4220 264 4273 ilar.
282 4219 359 4274 vlit.
379 4221 422 4274 Dc
438 4219 536 4274 officio
553 4218 729 4273 nocturnali.

88 4325 120 4378 ln
136 4326 299 4380 nocturnali
316 4326 415 4380 cilicio
427 4326 553 4380 dicimus
569 4326 679 4396 primo:
692 4325 826 4395 licuitne,
845 4325 889 4379 ln·

949 607 994 660 rio
1010 611 1038 661 ct
1054 608 1205 663 Laudibus
1217 611 1366 666 llatutinis
1378 613 1514 683 sequitur
1523 613 1727 684 psalmodiam.
1739 617 1785 670 Ad

949 697 1028 765 quod
1052 697 1208 751 dicendum
1232 699 1349 753 videtur
1372 702 1449 771 qnod
1475 702 1504 754 in
1530 702 1682 757 llatutinis
1707 703 1787 760 sicut

949 784 1058 837 dictum
1070 789 1125 854 est,
1138 787 1270 856 llymnus
1282 788 1379 842 statim
1389 790 1417 843 in
1427 789 1551 859 pricipio
1562 791 1681 860 ponitur
1692 796 1722 846 ut
1730 808 1786 847 ex-

950 874 1018 928 citet
1033 890 1087 928 sua
1103 874 1299 930 modulatione
1316 878 1404 930 corda
1416 880 1570 948 torpentia.
1584 880 1615 932 lu
1627 880 1724 934 Prima
1735 897 1786 935 au-

949 965 1008 1017 tem
1023 967 1051 1018 et
1063 964 1179 1018 eaetcris
1196 965 1285 1018 Horis
1302 966 1427 1036 diurniS,
1445 972 1475 1021 ut
1499 969 1535 1021 ad
1558 969 1649 1022 divini
1674 970 1784 1025 amoris

950 1052 1136 1106 dulcedinem
1151 1053 1280 1107 retrahat
1295 1056 1383 1107 corda
1401 1056 1481 1110 curis
1497 1057 1675 1127 quotidianis
1691 1074 1782 1112 occu-

949 1145 1025 1211 pata.
1042 1142 1074 1194 ln
1090 1142 1232 1211 Vesperis
1247 1146 1343 1196 autem
1355 1143 1420 1196 idco
1435 1147 1502 1212 post
1518 1146 1649 1214 psalmos
1664 1148 1783 1215 ponitur

949 1230 1094 1300 Hymnus,
1121 1234 1152 1284 ut
1172 1231 1260 1285 corda
1285 1232 1392 1286 excitet
1414 1234 1449 1285 ad
1470 1234 1615 1288 cauticum
1635 1233 1782 1289 Simeonis

947 1320 1025 1389 quod
1041 1320 1076 1373 de
1094 1319 1255 1392 Evangelio
1272 1324 1431 1390 sumptum,
1449 1323 1546 1375 statim
1567 1324 1701 1394 sequitur
1715 1327 1783 1394 post

947 1407 1104 1479 Hymnum‚
1117 1410 1277 1478 praeposito
1288 1413 1385 1463 tamen
1397 1410 1491 1464 eidem
1503 1412 1662 1466 versiculo.
1673 1411 1783 1467 Eadem

946 1513 1036 1552 causa
1057 1500 1154 1567 potest
1177 1514 1235 1551 nou
1260 1499 1503 1553 inconvenienter
1524 1500 1674 1571 assignari
1699 1504 1726 1555 et
1751 1502 1782 1556 in

946 1586 1087 1656 Vesperis
1103 1591 1132 1640 et
1148 1587 1177 1641 in
1195 1587 1345 1641 laudibus
1356 1587 1515 1643 llatutinis.
1531 1589 1562 1642 ln
1575 1589 1717 1660 Vesperis
1731 1606 1783 1644 au·

943 1678 1001 1728 tem
1013 1676 1212 1730 modulatione
1224 1677 1331 1745 Hymni
1341 1678 1505 1731 excitamur
1513 1679 1548 1732 ad
1557 1678 1782 1750 intelligendum

942 1763 1094 1818 Canticum
1110 1765 1209 1819 Mariae
1224 1765 1351 1837 virginis
1376 1781 1381 1819 :
1406 1765 1580 1836 Maqrridcat
1603 1768 1700 1821 aniana
1716 1783 1781 1822 mee

900 1868 926 1928 Β
943 1853 1096 1907 Dominum
1111 1853 1192 1923 (Luc.
1206 1860 1236 1922 ι).
1255 1855 1286 1907 ln
1303 1854 1453 1908 Matutinis
1469 1855 1621 1910 Laudibus
1632 1857 1668 1909 ad
1683 1855 1781 1911 Genti·

942 1959 1009 1998 cum
1032 1943 1181 1997 Zachariae
1196 1959 1397 2013 praeparamur
1414 1959 1420 1997 :
1439 1943 1623 1997 Benedictus
1640 1945 1780 2000 Dorulaus

942 2032 1022 2086 Dens
1037 2031 1137 2087 Israel
1145 2032 1255 2101 titud).

1026 2124 1095 2175 (lar.
1114 2121 1165 2175 tx.
1183 2121 1281 2185 erarc
1296 2121 1350 2175 lroc
1366 2120 1493 2174 osticium
1507 2126 1571 2175 tros
1586 2121 1694 2176 lrabeat

1252 2192 1461 2246 distinctoues

978 2281 1086 2334 Psalmi
1103 2284 1131 2334 ct
1146 2281 1302 2334 Lectiones
1314 2284 1342 2333 et
1354 2281 1557 2349 Respousoria
1569 2280 1675 2335 diebus
1691 2282 1783 2337 testis

942 2370 998 2423 sub
1013 2370 1108 2423 tribus
1125 2369 1366 2424 distinctionibus
1390 2371 1553 2422 cantantur.
1571 2368 1709 2433 Qumtam
1734 2372 1780 2425 ia-

942 2459 1022 2512 ciunt
1032 2458 1136 2512 laudes
1148 2459 1296 2512 blatntinac
1310 2474 1317 2525 ς
1334 2459 1408 2511 Tres
1419 2458 1535 2527 priores
1545 2457 1700 2528 Nocturni,
1715 2460 1780 2514 sive

941 2547 1062 2617 vigiliae,
1080 2563 1160 2600 more
1178 2548 1309 2601 llomnno
1321 2550 1536 2616 nuncupantur.
1553 2547 1704 2618 Siquidem
1720 2564 1780 2602 nox

942 2635 971 2689 in
986 2639 1111 2706 quatuor
1124 2635 1244 2706 vigilias
1260 2635 1380 2705 antiquo
1397 2652 1477 2690 more
1489 2636 1638 2689 dividitur.
1651 2634 1780 2700 Quarum

942 2725 1034 2794 prima
1052 2725 1242 2778 conticinium
1259 2724 1376 2792 dicitur,
1400 2726 1537 2778 secunda
1563 2726 1780 2795 intempestum,

941 2815 1025 2868 tertia
1037 2814 1229 2886 gallicinium,
1242 2817 1345 2884 quarta
1357 2813 1572 2867 antelucanum.
1584 2814 1776 2884 Unaquaeque

942 2908 1040 2959 autem
1054 2904 1150 2958 tribus
1167 2903 1249 2956 horis
1263 2905 1398 2957 contenta
1412 2905 1467 2955 est.
1486 2902 1569 2957 Unde
1585 2906 1614 2957 et
1626 2903 1714 2957 trium
1727 2918 1781 2957 no·

943 2997 1114 3049 cturnorum
1125 2992 1277 3063 singulum
1292 2995 1353 3045 tres
1364 2991 1452 3045 hahet
1460 2993 1592 3061 psalmos
1604 2991 1713 3062 quibus
1723 3007 1780 3046 nos

49 3132 167 3186 ,mendo
189 3150 277 3204 quam
301 3135 452 3208 vigilando
478 3135 614 3189 homines
634 3136 784 3190 invadunt.
806 3135 888 3190 Sicut
903 3083 1063 3187 ctotidem
1091 3081 1173 3135 horis
1199 3085 1294 3133 noctis
1319 3080 1372 3133 Dei
1402 3083 1525 3133 servitio
1551 3082 1779 3148 praesentamus.

943 3171 1030 3225 Juxta
1045 3185 1199 3224 numerum
1222 3168 1403 3238 psalmorum
1424 3168 1581 3221 Lectiones
1605 3167 1775 3235 recitantur,

943 3261 1011 3330 quia
1027 3260 1056 3313 in
1073 3259 1201 3330 singulis
1217 3257 1482 3326 llorispraesertim
1492 3256 1588 3310 noctis
1600 3258 1701 3309 contra
1716 3255 1780 3325 spi-

942 3349 1065 3403 rituales
1082 3347 1229 3418 nequitias
1241 3346 1393 3400 mnniendi
1408 3361 1523 3399 sumus.
1543 3345 1573 3398 lu
1589 3343 1675 3398 iestis
1692 3343 1782 3398 mino·

943 3438 1027 3492 ribus
1043 3439 1155 3491 retento
1171 3452 1294 3491 numero
1306 3436 1487 3505 spalmorum
1498 3436 1620 3504 propter
1632 3432 1719 3500 idem,
1730 3433 1784 3486 mi·

943 3527 1042 3580 nuitur
1057 3542 1198 3580 uumerus
1214 3525 1373 3579 lectionum
1389 3524 1425 3576 ad
1442 3523 1602 3577 tollendum
1618 3521 1779 3589 festidium,

944 3616 1023 3686 quod
1037 3616 1068 3669 iu
1084 3616 1128 3669 eis
1144 3615 1235 3669 rebus
1247 3613 1396 3684 praecipue
1411 3612 1562 3666 vitandum
1574 3614 1620 3666 est
1630 3611 1660 3664 iu
1670 3610 1780 3681 quibus

944 3714 1040 3759 sotum
1057 3707 1227 3774 acceptatur
1242 3702 1433 3757 desiderium.
1452 3701 1483 3754 ln
1498 3700 1605 3754 diebus
1626 3699 1779 3768 protestis,

944 3788 1773 3863 quaudovidelicetnullasauctorumoccurritfestivitas,

943 3882 1048 3951 psalmi
1066 3881 1280 3949 carrubiuantur,
1293 3883 1321 3933 ct
1331 3879 1415 3949 quasi
1429 3893 1484 3932 sex
1494 3878 1601 3947 psalmi
1613 3892 1665 3946 per
1678 3875 1779 3931 Gloria

944 3971 1033 4024 I’atri
1048 3971 1259 4040 distinguntur,
1272 3974 1303 4022 ut
1319 3971 1346 4021 et
1360 3966 1493 4037 psalterii
1504 3965 1590 4019 lectio
1606 3966 1636 4019 in
1651 3963 1782 4036 singulis

944 4059 1114 4130 perliciatur
1143 4057 1378 4112 hebdomadibus
1408 4058 1436 4110 et
1463 4055 1578 4109 numeri
1608 4055 1782 4126 mysterium

945 4151 1148 4203 conservetur.
1162 4147 1221 4202 Sex
1232 4147 1310 4201 enim
1325 4145 1441 4216 psalmi,
1457 4145 1515 4199 imo
1530 4160 1584 4199 sex
1600 4143 1782 4214 psalmorum

945 4237 1189 4305 combinationes,
1207 4235 1243 4289 ad
1259 4251 1314 4289 sex
1329 4237 1430 4288 aetates
1451 4233 1562 4295 muudi,
1580 4233 1646 4287 sive
1668 4232 1705 4285 ad
1726 4245 1783 4285 sex

944 4326 1013 4380 vitae
1029 4328 1139 4380 nostrae
1154 4323 1219 4378 dies
1235 4323 1414 4391 referuntur,
1432 4322 1541 4393 quibus
1556 4321 1653 4374 anima
1668 4322 1696 4374 et
1712 4334 1781 4372 cor-

50 4413 102 4466 bia
117 4430 181 4467 mea
196 4416 317 4485 aperies
331 4415 426 4474 (l'sal.
452 4416 490 4483 ul,
507 4419 563 4469 otc.
583 4414 667 4478 Qtrod
683 4415 748 4468 ideo
771 4415 801 4468 tlt
821 4415 889 4485 quia
903 4404 1013 4485 Dporc
1028 4415 1149 4484 propter
1162 4412 1323 4468 Sabbatum
1340 4429 1379 4465 vn
1396 4414 1480 4464 aetate
1492 4414 1520 4463 et
1532 4427 1569 4462 vu
1582 4409 1629 4463 die
1642 4408 1782 4477 designa·

50 4502 80 4555 in
92 4502 292 4573 (nrnpletorio
306 4520 362 4557 nos
374 4504 435 4558 Deo
452 4505 704 4571 commendamus,
722 4507 751 4556 et
768 4504 890 4557 conclu-

51 4590 149 4644 simus
165 4606 226 4660 0ra,
243 4592 355 4663 singuli
367 4593 584 4663 quodammodo
600 4593 629 4646 in
646 4592 775 4663 siugulis
791 4592 890 4661 sepul·

51 4680 115 4732 cris
124 4681 303 4750 quievimus
314 4681 374 4735 Deo
387 4682 442 4736 soli
453 4683 584 4735 astantes
594 4681 642 4734 cui
652 4697 711 4734 non
722 4684 791 4734 sunt
800 4680 890 4734 verba

52 4769 236 4834 necessaria,
253 4769 320 4840 quia
338 4771 533 4841 cogitationes
545 4785 649 4823 omnes
661 4770 751 4822 novit.
766 4773 802 4822 At
813 4785 891 4823 rruuc

51 4856 122 4927 quia
138 4861 245 4911 iterum
262 4859 455 4912 convenimus
476 4859 513 4911 ad
533 4857 732 4911 confitendum
756 4858 889 4925 Domino,

52 4961 210 5016 precamur
224 4963 291 5001 eum
308 4952 337 5000 ut
352 4964 405 5001 sua
422 4947 584 5001 directione
600 4946 678 5000 labia
698 4948 799 5000 nostru
819 4960 890 5016 npe-

52 5035 118 5088 riat.
136 5034 248 5090 Deinde
259 5053 312 5106 per
323 5037 524 5090 invitatorium
540 5051 644 5090 omues
659 5036 890 5105 circumquaque

51 5123 88 5176 nd
99 5124 297 5179 confitendum
308 5125 442 5191 Domino,
451 5128 603 5179 vocantur.
615 5123 787 5194 iuxtaquod
795 5123 890 5192 ipsius

52 5211 215 5266 iuvitatorii
232 5212 345 5267 Versus
361 5214 512 5267 socundus
529 5216 614 5267 sonat
627 5229 633 5266 :
646 5212 891 5282 Prneoccupcmns

50 5300 161 5354 [acrem
177 5301 242 5371 cy'us
257 5301 289 5354 iu
303 5302 492 5356 corrdcssr'aue
503 5307 532 5354 ct
549 5302 579 5354 in
591 5291 717 5373 psalmis
726 5300 892 5370 jubilemus

50 5390 82 5442 ci
96 5388 193 5457 (Psoi,
210 5404 301 5460 xciv).
314 5390 515 5444 invitatorium
527 5390 662 5461 sequitur
673 5389 818 5460 Hymnus,
831 5404 890 5459 quo

50 5478 143 5534 corda
152 5478 249 5533 adbuc
263 5482 407 5550 torpentia
418 5480 455 5533 ad
466 5479 569 5533 laudes
581 5478 634 5532 llei
644 5479 819 5533 excitantur.
833 5478 890 5532 Sed

49 5567 197 5639 quaeritur
211 5584 265 5622 cur
280 5568 309 5620 iu
324 5567 380 5622 hoe
396 5567 494 5622 oflicio
512 5571 540 5621 et
563 5567 591 5621 in
614 5567 792 5637 quibusdam
811 5565 889 5631 aliis,

49 5655 168 5710 scilicet
185 5655 292 5719 Prima,
307 5655 416 5722 ledia,
434 5656 534 5725 Sexta,
551 5655 647 5720 Nona,
663 5655 798 5726 Hymnus
814 5670 890 5724 prra-

943 4508 1013 4568 tum,
1031 4503 1060 4556 iu
1076 4503 1128 4556 Dei
1143 4501 1265 4556 servitio
1282 4499 1475 4554 laborandum
1491 4501 1546 4551 est.
1563 4495 1686 4561 Quidam
1701 4493 1782 4548 alind

942 4593 1098 4663 assignent
1110 4591 1283 4661 mysterium
1300 4589 1348 4643 ubi
1361 4588 1417 4641 sub
1429 4587 1525 4640 tribus
1537 4582 1782 4639 distinctionibus

942 4685 1118 4735 nocturnum
1127 4679 1294 4733 celebratur
1305 4676 1445 4730 osticium.
1464 4675 1532 4728 Nox
1547 4673 1625 4726 enim
1641 4671 1677 4724 cd
1693 4686 1781 4742 quam

942 4770 1068 4839 pertinet
1083 4767 1256 4839 hujusmodi
1273 4765 1414 4832 cilicium,
1431 4763 1499 4817 huic
1518 4761 1630 4816 saeculo
1648 4760 1781 4815 tenebris

943 4857 1118 4930 ignorantiae
1129 4857 1215 4925 pleno
1228 4857 1424 4923 comparatur.
1437 4851 1606 4906 Secundum
1615 4852 1712 4906 autem
1724 4848 1781 4904 boe

943 4952 989 5002 est
1005 4946 1151 5015 spacium,
1169 4943 1248 5015 quod
1264 4958 1330 4996 curu
1347 4941 1433 4995 modo
1448 4939 1578 5010 incoepit,
1592 4942 1621 4992 et
1635 4954 1730 5010 usque
1745 4937 1782 4993 ad

943 5049 1132 5090 communem
1149 5030 1398 5086 resurrectionem
1409 5028 1535 5097 durabit,
1553 5027 1785 5096 triacomplecti·

942 5127 989 5178 tur
1003 5127 1147 5191 tempora,
1163 5119 1302 5174 videlicet
1315 5121 1432 5187 tempus
1448 5121 1514 5171 aute
1534 5117 1643 5188 legem,
1664 5120 1781 5186 tempus

943 5212 999 5266 sub
1016 5211 1093 5280 lege,
1110 5214 1227 5278 tempus
1243 5207 1357 5278 gratiae.
1377 5207 1447 5260 llaec
1462 5206 1517 5259 tria
1528 5209 1660 5275 tempora
1674 5203 1782 5274 triplici

942 5301 1096 5355 Nocturno
1107 5297 1321 5367 exprimuntur.
1337 5294 1391 5359 Qui
1403 5295 1480 5349 enim
1492 5297 1558 5348 unte
1575 5294 1682 5363 legem,
1695 5295 1723 5345 et
1731 5291 1782 5361 qui

942 5389 1073 5459 sublege
1083 5387 1210 5454 suerunt,
1220 5384 1429 5440 nondumvere
1439 5381 1638 5452 redemptione
1650 5380 1778 5446 inventa,

943 5477 1062 5532 diversa
1081 5475 1141 5530 lleo
1162 5473 1308 5529 sacriilcia
1329 5488 1382 5543 pro
1403 5471 1570 5542 expiatione
1590 5471 1779 5539 peccatorum

944 5564 1106 5620 offerebant
1118 5565 1194 5618 sicut
1207 5562 1330 5617 Levitici
1341 5561 1417 5616 liber
1427 5559 1565 5615 ostendit.
1579 5557 1649 5610 lirae
1660 5554 1780 5608 diversa

945 5653 1092 5706 sacrillcia
1108 5652 1168 5706 lleo
1186 5651 1281 5706 oblata
1302 5649 1506 5720 exprimimus
1529 5643 1686 5698 dummodo
1705 5641 1782 5712 psal·
