3796 6022
269 183 1259 324 '2exosarnonunraroanunnaanonns.
1594 242 1656 311 ero

64 457 84 501 o
104 440 265 496 vindictam
292 438 481 513 persolvere,
504 454 593 512 qnam
615 438 771 494 tormentis
786 419 815 485 Α
830 439 918 495 droes
943 439 1021 510 capit
1042 439 1229 510 Damascum,
1246 443 1275 496 et
1292 439 1420 495 vastavit
1433 438 1658 513 lerosolymam,

64 530 293 587 aiibnscruciari
305 528 774 602 :quodcnmjugiterinsuisora
831 533 859 584 et
874 528 1055 584 venerabilia
1069 529 1144 599 loca,
1161 544 1228 600 quae
1243 531 1326 583 erant
1341 528 1371 582 in
1395 544 1439 598 ea,
1456 530 1660 602 conflagravit,

64 619 533 691 rDominumprecareturmernit
543 617 687 672 exaudiri.
699 615 775 682 Qua·
831 621 860 673 et
874 615 1051 688 populorum
1066 618 1167 688 copias
1183 617 1341 688 captivavit
1350 632 1408 671 una
1419 633 1485 673 cum
1496 619 1663 688 patriarcha

64 725 122 783 que
136 712 222 765 nocte
238 724 306 764 cum
318 709 349 764 in
364 710 458 763 stratu
474 723 529 763 suo
540 707 719 780 quiesceret,
736 706 777 762 vi·
831 704 969 778 ejusdem
983 705 1067 761 urbis
1082 705 1232 774 Zacharia,
1249 707 1277 761 et
1290 705 1454 776 pretiosum
1468 707 1578 763 Christi
1594 724 1664 763 cru-

74 814 211 855 somnum
226 800 293 854 ante
307 812 420 854 eneam
444 812 478 851 se
500 799 598 851 astare
614 796 777 851 Salvatoris
832 795 877 851 cis
895 794 1009 867 lignum
1033 809 1137 849 secum
1158 794 1188 848 in
1213 792 1365 848 Persidem
1383 796 1555 866 asportavit.
1571 796 1666 868 Igitur

64 904 84 960 l,
96 903 163 961 quae
174 888 236 942 erat
246 889 312 941 ente
322 883 420 959 palatii
427 888 551 957 portam,
559 900 660 956 exque
667 885 778 940 emissa
833 884 990 939 Heraclius
1004 886 1149 955 praetores
1165 882 1305 937 Posdroee
1316 881 1517 956 sarabbagam
1530 888 1559 940 et
1572 884 1666 941 Saba-

72 977 108 1032 ad
117 991 185 1031 enm
196 976 314 1030 dicens:
325 974 594 1044 DateManritium,
606 976 635 1028 et
642 975 777 1028 tenentes
834 988 908 1041 sam,
920 969 991 1027 Sain
1005 975 1034 1027 et
1044 973 1182 1026 licentem
1192 971 1354 1041 superavit,
1366 975 1394 1026 et
1404 973 1510 1028 multas
1522 974 1600 1043 cepit
1608 990 1669 1029 mu·

73 1064 225 1138 judiciarii
235 1063 362 1118 ministri
376 1062 575 1120 exbibuerunt
588 1063 625 1117 ei.
642 1062 725 1117 Tunc
739 1061 780 1116 ait
834 1061 973 1117 nitioncs.
989 1060 1124 1131 Denique
1140 1059 1291 1115 Posdrocs
1307 1060 1344 1113 ab
1360 1064 1507 1131 eocaptns
1523 1064 1579 1133 est,
1595 1063 1668 1117 etin

67 1152 338 1225 Salvatorisimago
351 1168 358 1207 :
372 1151 430 1206 Ubi
443 1152 489 1206 vis
500 1151 624 1208 reddam
638 1151 695 1204 tibi
702 1149 779 1205 mala
835 1164 986 1205 carcerem
1007 1149 1131 1217 missus,
1152 1148 1202 1202 ubi
1218 1151 1247 1202 et
1261 1152 1395 1203 mortuns
1412 1154 1467 1204 esi.
1491 1149 1546 1204 His
1569 1151 1668 1222 itaque

64 1241 185 1299 eruisti?
205 1241 254 1296 liic
274 1256 311 1295 an
333 1240 364 1295 in
385 1240 484 1297 tuturo
503 1239 636 1296 saeculo?
651 1239 687 1295 Et
705 1239 778 1294 ille:
834 1237 993 1293 transactis
1017 1237 1174 1292 Heraclius
1199 1236 1371 1308 Byzantium
1386 1240 1432 1292 est
1446 1252 1598 1309 reversus,
1615 1239 1669 1293 ba·

64 1337 106 1389 tor
120 1330 268 1386 bominum
274 1370 283 1399 ,
300 1329 438 1396 Domine,
460 1330 509 1384 liic
525 1329 627 1403 potius
646 1345 729 1401 wem
749 1328 780 1382 in
835 1327 911 1383 bens
936 1341 1040 1383 secum
1065 1328 1202 1381 sanctum
1235 1325 1398 1380 Dominicae
1421 1328 1520 1381 crucis
1544 1327 1668 1400 lignum.

64 1435 103 1476 ne
116 1418 209 1493 jussit
219 1419 318 1475 divina
329 1433 389 1474 vox
404 1418 478 1473 tradi
492 1419 585 1488 illum,
598 1421 626 1475 ct
635 1417 781 1474 Constan-
837 1416 948 1472 Deinde
961 1416 1045 1488 larga
1055 1414 1198 1469 militibus
1213 1414 1335 1485 praemia
1350 1413 1469 1469 donavit
1484 1418 1513 1470 et
1522 1415 1672 1486 paululum
1769 1431 1771 1434 ⁴

64 1524 101 1565 us
124 1524 257 1577 uxorem,
276 1510 304 1561 et
319 1522 436 1561 omnem
456 1521 559 1562 eorum
574 1508 782 1580 cognationem
836 1508 989 1562 recreatus
997 1504 1113 1560 revexit
1127 1503 1345 1575 ierosolymam
1355 1502 1469 1577 lignum
1479 1507 1591 1560 sanctae
1602 1520 1672 1560 cru-

79 1597 173 1652 militi.
190 1593 427 1667 Expergeiaotus
441 1611 513 1650 vero
530 1595 610 1650 misit
625 1595 661 1650 ad
677 1611 780 1651 aecer·
837 1594 1047 1666 cis3plurimas
1057 1593 1120 1649 Deo
1131 1607 1184 1664 pro
1196 1593 1286 1648 tantis
1298 1593 1454 1664 triumphis
1463 1593 1598 1649 reterens
1605 1611 1672 1666 gra·

64 1684 280 1757 iPhilippicum
295 1699 439 1756 generum
455 1699 552 1739 suum.
564 1683 619 1739 Cui
633 1684 781 1740 sibiassi·
836 1686 904 1740 tias.
921 1683 1030 1740 Verum
1048 1697 1102 1754 per
1116 1682 1195 1738 idem
1210 1685 1327 1755 tempus
1342 1681 1438 1754 Cyrus
1452 1682 1673 1741 Alexandrinus

64 1774 121 1831 ixit
129 1774 285 1830 Mauritius
297 1789 304 1829 :
314 1772 385 1828 Scis
395 1773 477 1828 inter
487 1773 604 1846 agmina
616 1780 720 1830 nostra
731 1773 782 1828 ali·
797 1739 823 1801 Β
840 1773 1011 1844 episcopus,
1020 1772 1179 1843 etSergius
1193 1771 1491 1842 constantinopoleos
1505 1773 1673 1844 patriarcba

64 1861 779 1934 ailitem,nominePlrocam?Cuiille:Sciounnm.
838 1859 1675 1935 Monothelitarumbaeresimproedicabant.bquibusde-

64 1955 155 2009 erator
172 1968 178 2007 :
197 1951 288 2024 Cnjns
299 1957 345 2006 est
357 1950 510 2024 qualitatis
521 1950 535 2005 l
545 1951 600 2017 Qui
615 1951 673 2007 ait:
691 1952 781 2008 Juve-
837 1952 978 2020 pravatus
992 1948 1150 2007 Heraclius
1167 1951 1322 2020 Augustus
1337 1947 1486 2004 aberravit
1501 1950 1673 2007 acatholica

64 2057 136 2110 rens,
148 2047 178 2096 ct
186 2040 375 2096 temerarius.
384 2039 465 2096 Tunc
474 2039 608 2096 reterens
615 2040 780 2113 Philippico
837 2039 904 2093 ilde.
923 2036 1007 2093 Unde
1022 2036 1122 2091 divino
1135 2035 1250 2107 judicio
1261 2036 1402 2109 ligarent,
1415 2038 1503 2108 quiet
1517 2037 1673 2096 Sarraceni

65 2147 102 2188 us
123 2130 271 2186 somnium
299 2145 388 2184 suum
407 2128 592 2202 glorificabat
622 2130 779 2202 magnifice
837 2126 985 2196 dicuntur,
1001 2126 1164 2180 Hummaro
1180 2126 1254 2181 duce
1269 2125 1425 2197 imperium
1436 2125 1504 2197 ejus
1520 2132 1674 2198 coeperunt

64 2235 108 2276 >ro
124 2218 296 2292 hujusmodi
311 2217 500 2273 revelatione.
513 2216 585 2272 Post
599 2218 664 2273 brec
682 2221 780 2273 autem
835 2215 977 2271 lacerare.
995 2214 1057 2269 Hac
1076 2217 1220 2286 praeterea
1235 2217 1409 2285 tempestate
1432 2214 1598 2286 Sarraceni,
1621 2217 1673 2288 qui

64 2325 102 2366 us
116 2310 289 2382 Angustus,
308 2308 338 2362 in
355 2306 455 2362 hostili
470 2311 547 2362 terra
561 2309 692 2379 positus,
713 2324 780 2363 cnm
836 2302 961 2359 etTurci
977 2301 1125 2372 dicuntur,
1141 2302 1674 2375 Mahumetcpseudoprophetaduca-

69 2414 144 2456 suos
160 2397 239 2452 terro
256 2400 284 2451 el
298 2395 411 2467 rapinis
426 2395 576 2451 abstinere
593 2396 782 2467 compelleret
837 2396 899 2448 tum
921 2391 967 2448 eis
981 2391 1144 2463 praebente,
1159 2407 1176 2445 a
1191 2393 1256 2447 suis
1272 2392 1397 2447 sedibus
1413 2392 1559 2465 exierunt,
1576 2394 1673 2450 Hern-

64 2502 106 2544 sn
116 2487 161 2542 eis
171 2489 312 2541 consueta
322 2484 468 2556 stipendia
474 2484 641 2557 largiretur,
653 2484 783 2540 Phocum
838 2482 947 2553 aliique
961 2481 1117 2552 imperium
1128 2480 1283 2535 devastare
1292 2484 1453 2551 coeperunt.
1464 2481 1557 2538 Porro
1568 2482 1674 2539 Mabu·

64 2578 224 2649 soeperunt,
233 2577 263 2630 ut
272 2574 388 2645 imperii
404 2589 628 2646 regnumsupcr
642 2589 695 2629 eos
710 2573 785 2628 acci·
838 2574 897 2626 met
907 2571 964 2625 iste
974 2570 1207 2626 sarracenorum
1217 2570 1383 2626 etllrabum
1392 2572 1579 2642 princeps,et
1589 2588 1676 2643 speu-

65 2662 181 2733 Quibus
206 2680 286 2735 saepe
307 2662 477 2718 nominatus
491 2662 608 2717 Phocus
629 2663 782 2729 obediens,
840 2659 1022 2735 dopropbeta
1047 2659 1101 2714 tuit
1131 2659 1166 2714 de
1195 2673 1306 2731 genere
1335 2659 1441 2716 lsmael
1466 2660 1518 2715 filii
1534 2661 1687 2733 Abrabae„

64 2770 84 2810 n
104 2769 265 2826 purpuram
280 2753 417 2822 sumpsit.
434 2750 517 2815 Quod
533 2751 657 2806 audiens
674 2751 784 2806 Mauri·
841 2749 998 2804 Heraclius
1013 2749 1140 2820 denique
1152 2749 1307 2821 Angustus
1317 2749 1434 2821 imperii
1443 2750 1491 2804 sni
1499 2764 1576 2805 anno
1585 2752 1674 2806 trice·

64 2858 117 2899 ,nro
128 2842 304 2912 dissolutus,
320 2840 410 2895 rebus
422 2840 581 2895 adversum
595 2855 628 2894 se
639 2839 786 2895 ssuctunn·
841 2841 917 2894 simo
932 2837 1026 2909 primo
1042 2838 1199 2893 defunctus
1215 2840 1270 2892 est.
1290 2839 1505 2910 imperavitque
1525 2843 1593 2911 post
1607 2840 1674 2912 eius

64 2933 150 3003 essit,
163 2934 192 2986 et
205 2933 235 2985 in
250 2929 519 3002 quamdamsilvnm
535 2930 606 2984 mari
617 2930 787 3002 contiguam
842 2927 1002 2983 decessum
1018 2926 1173 2982 Heraclius
1188 2925 1399 2982 Constantinus
1416 2927 1496 2982 iilius
1512 2928 1579 2999 ejus
1594 2945 1675 2984 men-

67 3022 100 3076 iu
121 3036 179 3092 qua
199 3035 266 3075 cum
290 3033 382 3074 uxore
405 3021 434 3072 et
455 3019 585 3091 quinque
606 3017 676 3074 liliis
696 3019 788 3091 jussu
843 3019 928 3074 sibus
944 3019 1079 3088 quatuor.
1091 3014 1205 3081 Quibus
1216 3015 1266 3069 vix
1275 3016 1400 3086 expletis
1417 3032 1530 3072 veneno
1539 3017 1675 3074 sublatus

77 3108 207 3165 Caesaris
219 3108 412 3179 interemptus
428 3111 483 3162 est.
817 3090 820 3101 ¹
843 3110 889 3163 est
904 3106 1058 3178 propinato
1073 3121 1089 3158 a
1104 3119 1233 3159 noverca
1244 3120 1298 3158 sua
1314 3104 1447 3159 Martina.
1457 3105 1565 3176 Sicqua
1576 3121 1611 3161 eo
1622 3106 1675 3160 de-

198 3196 268 3253 Car.
284 3196 361 3251 Vlll.
378 3196 423 3252 De
436 3196 546 3253 Plroca.
844 3197 944 3252 iuncto
959 3194 1112 3266 imperavit
1124 3193 1307 3248 Heraclonas
1323 3192 1488 3266 lantmejus
1498 3210 1552 3265 pro
1563 3204 1599 3250 eo
1609 3210 1676 3249 cum

64 3303 108 3344 aas
123 3302 195 3360 ergo
210 3287 329 3358 propria
345 3287 508 3341 temeritate
525 3287 689 3343 Romanum
705 3287 792 3342 inva-
843 3289 935 3342 matre
950 3300 1005 3340 sua
1016 3284 1149 3338 llartina.

64 3377 202 3449 nperinm
219 3375 467 3447 imperavitannis
485 3378 560 3431 octo.
577 3376 633 3431 Hic
648 3381 680 3431 ut
695 3377 791 3432 iactus
1084 3390 1132 3428 ar.
1151 3371 1188 3428 X.
1201 3370 1245 3426 De
1258 3370 1441 3428 Heraclona.

64 3469 183 3538 perator
207 3465 360 3519 leuntiam
388 3479 511 3519 uxorem
531 3481 616 3520 suam
640 3467 793 3521 coronavit
883 3463 1066 3520 Heraclonas
1080 3463 1172 3535 igitur
1195 3461 1324 3516 Heraclii
1340 3461 1419 3517 illins
1445 3462 1600 3535 imperavit
1615 3481 1683 3520 cum

64 3553 501 3626 iamimpariideniquehnjus
513 3556 731 3611 annosecundo
743 3572 793 3610 vc·
847 3558 939 3610 matre
959 3569 1013 3610 sna
1037 3552 1161 3607 Martina
1176 3551 1331 3606 mensibus
1355 3567 1419 3607 sex.
1446 3551 1565 3624 Imperii
1588 3554 1684 3628 hujus

64 3645 102 3700 lis
116 3661 190 3716 papa
200 3644 364 3716 Gregorius
376 3659 413 3699 ex
429 3643 484 3698 hec
500 3643 566 3699 luce
577 3645 725 3719 migravit.
738 3645 794 3699 Cu·
848 3648 979 3714 tempore
999 3641 1151 3697 Machinas
1167 3641 1299 3696 Arabum
1318 3640 1499 3697 admiraldus
1519 3643 1631 3698 missus
1647 3643 1684 3698 ab

76 3734 175 3790 locum
195 3733 231 3788 ad
247 3732 429 3804 apostolatus
452 3732 582 3788 osticium
605 3733 732 3789 Sabinus
749 3736 795 3788 est
853 3734 1013 3789 Hummaro
1026 3731 1102 3802 cepit
1110 3731 1260 3785 Caesarem
1270 3730 1449 3801 Palaestinae,
1457 3735 1485 3786 et
1493 3732 1601 3786 occidit
1610 3732 1641 3787 in
1651 3748 1686 3787 ea

64 3828 126 3894 tus,
138 3826 166 3878 et
174 3823 284 3877 Sabino
300 3821 483 3893 subrogatus
498 3825 544 3876 est
558 3821 729 3877 Boniiaeius
739 3825 796 3876 ter·
852 3827 966 3895 septem
981 3821 1075 3876 millia
1089 3820 1250 3875 hominum.
1264 3818 1300 3874 Et
1315 3819 1420 3875 eodem
1430 3836 1506 3875 anno
1522 3821 1629 3893 repulit
1638 3837 1686 3876 sc-

64 3911 243 3968 tBoniiacio
256 3911 341 3966 tertio
351 3910 522 3965 Boniiacius
534 3913 668 3981 quartus.
680 3909 743 3976 Quo
753 3926 798 3967 ro·
852 3917 938 3968 natus
955 3910 1150 3965 Heraclonam
1165 3924 1233 3963 cum
1253 3912 1346 3963 matre
1361 3924 1416 3964 sua
1430 3908 1564 3981 lilartina,
1585 3913 1613 3964 et
1632 3909 1687 3964 lin·

66 4000 167 4056 statuit
181 4000 249 4071 (tr)
264 4000 608 4071 memoratusnngustus
623 3999 726 4055 sedem
738 4001 797 4056 Ro·
852 4018 911 4075 gua
933 4000 1066 4055 Hortinae
1082 3999 1207 4068 rescisa,
1229 3999 1259 4053 et
1281 3997 1455 4054 Heraclonee
1476 4014 1550 4055 naso
1572 3999 1688 4055 resciso

72 4092 102 4146 et
119 4088 291 4160 apostolica
307 4087 451 4142 Ecclesiae
475 4091 561 4159 caput
576 4103 646 4145 esse
667 4089 797 4144 omnium
851 4089 988 4163 provexit
1009 4088 1046 4143 ad
1070 4087 1224 4159 imperium
1239 4085 1431 4144 Constantem
1445 4088 1538 4144 fllium
1559 4088 1688 4145 Heraclii

64 4178 347 4234 riarumNamantea
357 4176 492 4232 Ecclesia
503 4176 799 4250 Constantinopolita·
852 4176 1048 4248 Constantini,
1064 4179 1201 4248 nepotem
1216 4176 1356 4232 Heraclii.

64 4282 141 4323 mam
149 4277 188 4322 'se
205 4268 336 4321 omnium
350 4265 501 4320 scribebat
511 4265 724 4322 Eeclesiarum.
741 4266 797 4321 lm·
853 4267 922 4325 Cae.
943 4267 995 4323 XI.
1017 4266 1061 4322 De
1082 4266 1244 4321 Constante
1262 4265 1453 4321 Constantini
1468 4266 1604 4323 Heraclii
1616 4266 1689 4324 silio.

64 4355 89 4411 it
110 4370 228 4428 quoque
254 4356 317 4426 ipse
342 4370 417 4426 papa
437 4354 609 4410 Boniiecius
633 4373 649 4410 a
674 4321 838 4427 praelatoD
890 4358 1037 4414 Constans
1053 4340 1144 4428 igitur
1160 4354 1292 4410 Heraclii
1301 4355 1485 4410 Constantini
1501 4357 1580 4413 filius
1595 4372 1690 4427 nepos

64 4444 165 4518 pedari
175 4444 318 4501 Ecclesiae
328 4443 797 4517 Christitemplumllomoe,quod
855 4445 985 4502 Heraclii
995 4445 1133 4518 Augusti,
1151 4444 1229 4515 apud
1243 4445 1415 4516 Byzantium
1432 4446 1565 4500 Romano
1580 4446 1691 4517 potitus

63 4534 141 4607 iquis
154 4533 305 4589 Pantheon
315 4534 486 4589 vocabatur.
500 4534 592 4590 Porro
603 4534 720 4590 Phocas
732 4551 799 4590 cum
854 4537 978 4608 imperio
1001 4551 1078 4590 anno
1095 4534 1310 4588 lnca1·nationis
1331 4533 1439 4588 divina
1453 4533 1516 4604 dli,
1537 4535 1694 4604 imperavit

64 4624 123 4679 iter
145 4624 175 4678 in
197 4638 271 4677 suos
286 4623 445 4677 desaeviret
460 4623 651 4695 domesticos,
669 4623 799 4678 Heraclii
854 4626 942 4680 annis
956 4625 1064 4699 viginti
1078 4639 1143 4679 sex.
1157 4623 1212 4677 Hic
1227 4621 1353 4676 etiamin
1369 4621 1626 4677 Monotbclitarnm
1636 4622 1695 4678 hee·

64 4729 75 4770 e
88 4712 203 4785 patricii
217 4711 309 4783 jussu
316 4715 486 4782 peremptus
495 4715 552 4782 est,
569 4712 617 4783 qni
629 4717 697 4784 post
708 4713 799 4785 hujus
855 4716 947 4770 resim
956 4715 1067 4784 incidit,
1080 4713 1157 4767 sicut
1168 4715 1196 4766 et
1210 4727 1284 4766 avus
1296 4711 1364 4783 ejus
1373 4710 1529 4766 Heraclius
1537 4713 1694 4785 Angustus

64 4823 69 4858 ι
83 4801 143 4859 sibi
157 4801 369 4871 rempublicam
380 4801 549 4856 vindicavit.
857 4803 1070 4877 suggerenteci
1081 4816 1228 4856 venenum
1242 4799 1377 4871 pertidioe
1387 4799 1478 4854 Paulo
1490 4802 1695 4858 Constantino·

198 4889 268 4944 Car.
281 4889 332 4945 lli.
349 4889 394 4944 De
405 4889 568 4946 Heraclio..
856 4887 1699 4964 politanaeurbisepiscopo,quiPyrrbosuccessitinepis.

64 4979 161 5036 aelius
183 4979 274 5051 igitur
293 4979 458 5034 Romanurn
473 4984 630 5035 assecutus
646 4979 802 5052 imperium
857 4977 1698 5053 copatu.lllultosctiamorthodoxorumverberibusetex·

64 5069 274 5126 incarnationis
291 5068 451 5123 Dominieae
466 5069 529 5138 615,
546 5067 802 5141 imperavitannis
857 5071 935 5127 siliis
945 5068 1194 5125 condemnaviteo
1202 5067 1396 5139 quodhaeresi
1405 5069 1699 5126 suaennllatennsac·

64 5157 158 5214 ls.Hic
167 5158 279 5212 invenit
292 5157 376 5212 valde
392 5157 569 5213 dissolutam
578 5159 801 5230 rempublicam,
858 5161 1015 5234 quiescere
1027 5157 1360 5229 vellentl'roplerquod
1370 5158 1519 5230 cumapud
1526 5158 1698 5232 Byzantium

64 5246 311 5319 ritam.Siquidem
330 5246 477 5318 Europam
492 5247 684 5304 vehementer
697 5263 803 5303 avares
858 5264 933 5323 pene
947 5247 1086 5305 omnibus
1107 5252 1189 5302 esset
1206 5262 1329 5320 exosae,
1349 5247 1385 5302 ad
1405 5246 1517 5303 ltaliam
1534 5249 1696 5325 navigavit,

64 5336 167 5394 ramni.
181 5334 279 5407 Huius
289 5335 552 5392 ctiamdiebusrcx
563 5336 721 5392 Persarum
731 5336 805 5392 Cos·
859 5338 1109 5396 rolensillnmeta
1124 5340 1268 5409 potestate
1275 5338 1654 5411 Longobardorumeruere
1669 5343 1698 5396 et

64 5480 73 5565 >
85 5478 204 5550 Statuit,
218 5478 310 5561 idest
320 5478 489 5561 declaravit,
500 5482 602 5538 contra
614 5480 805 5563 petulantiam
860 5481 1017 5557 pontiitces
1027 5480 1238 5564 aPetrousque
1249 5481 1286 5537 ad
1296 5480 1700 5554 Bonitaciumprimariaper-

64 5553 134 5609 dnm
157 5549 521 5626 Constmopolitanorum;
550 5568 611 5611 non
637 5567 716 5609 eninr
747 5551 805 5611 boe
862 5557 959 5614 sante
972 5552 1068 5621 nancti
1083 5556 1163 5610 sunt.
1180 5553 1253 5611 Vide
1266 5554 1303 5612 de
1318 5554 1373 5611 bae
1388 5555 1418 5612 in
1434 5571 1466 5611 re
1481 5556 1558 5611 inter
1571 5558 1697 5613 caeteros

64 5621 200 5684 <culm
209 5625 323 5698 portem
331 5623 506 5699 pertinebat,
522 5626 551 5683 et
564 5638 669 5684 omnes
680 5625 806 5686 Romam
864 5625 1058 5688 Melcbiorem
1071 5626 1194 5689 Canum
