3796 6022
121 219 201 286 mas
539 217 837 283 Arruumxno
859 192 1052 283 naccum
1074 216 1439 284 erchanraum.
1773 218 1848 285 aaa

123 423 215 497 (quod
225 424 272 479 est
279 419 413 477 mirabile
424 418 516 489 dictu)
534 419 584 475 hic
599 419 714 475 tructus
732 422 778 477 est
796 419 891 492 solus,
904 420 956 492 qni
968 402 998 466 Α
1011 420 1060 494 qis
1071 436 1154 495 quam
1163 419 1275 477 oti'erre
1281 420 1396 494 adipem
1403 420 1683 494 arietnmquoaiam
1689 416 1780 494 qnasi
1781 435 1846 494 pec·

124 528 188 568 suae
210 512 295 567 matri
310 511 412 566 tlorem
427 524 487 563 non
501 508 632 578 abstulit,
650 509 703 563 sed
720 509 909 565 conservavit
927 512 956 564 et
1013 515 1108 565 catam
1115 510 1316 566 estariolandi
1324 526 1502 583 repugnare,
1513 516 1543 564 ot
1554 510 1639 582 qnasi
1648 507 1752 565 scelus
1760 507 1848 564 idolo·

121 601 300 657 venustavit.
317 599 397 670 Ergo
412 594 498 652 beata
513 600 542 652 et
564 599 735 653 intemerata
755 599 843 671 virgo
864 598 956 653 Maria
1012 597 1111 653 latriae
1122 597 1671 672 noileacquiescere(liteqxv).Ruth
1685 613 1849 670 ergovera·

124 707 186 762 prae
197 688 313 744 caeteris
325 686 499 741 mortalibus
511 686 663 758 sapientias
675 687 807 742 eoelestis
817 687 957 742 aromati·
1012 686 1122 742 citaret
1136 685 1212 741 bene
1227 686 1357 756 festinat,
1370 687 1438 741 dum
1448 686 1591 741 obediens
1610 686 1709 740 anima
1725 686 1765 741 ad
1780 702 1848 741 can-

123 778 181 834 hus
196 777 303 832 retorta
317 775 372 830 init
383 775 467 847 quasi
475 780 581 830 storax
589 791 643 846 per
653 775 859 846 clarissimam,
872 775 901 830 id
912 778 960 830 est
1012 776 1069 844 cta,
1081 773 1218 845 quaesibi
1233 774 1423 845 imperantur,
1449 774 1514 830 sive
1525 774 1714 830 honorabilia
1729 774 1848 830 videan-
1893 764 1896 777 '

125 850 333 938 dignissimam
356 863 465 919 divinae
487 863 584 918 laudis
607 863 856 933 decantationem,
874 863 959 936 qnasi
1012 862 1251 933 tursiveturpia,
1273 862 1559 918 testinantcraurem
1582 862 1719 918 inclinat.
1747 862 1847 918 Sciea-
1894 876 1896 881 ·

122 953 268 1027 qalhanus
281 970 336 1025 per
349 952 511 1025 cujuslibet
526 952 684 1008 immundae
705 951 893 1024 cogitationis
909 951 958 1006 fu·
1013 951 1083 1006 dum
1100 954 1146 1006 ost
1160 954 1256 1006 autom
1273 950 1523 1024 quodobedientia
1534 951 1705 1024 aliquando,
1717 952 1748 1006 si
1756 951 1848 1007 desua

123 1044 282 1117 geticaem,
295 1042 379 1116 qnasi
391 1039 496 1114 anqula
507 1056 561 1111 per
571 1041 820 1111 concupiscentiae
831 1040 959 1096 earnalis
1013 1039 1124 1111 atiquid
1140 1039 1238 1110 habet,
1249 1040 1328 1094 nulla
1340 1043 1405 1111 est3
1428 1040 1596 1112 aliquando,
1619 1055 1693 1096 vero
1719 1039 1845 1109 minima,

124 1132 362 1202 exstinctionem,
380 1131 465 1203 quasi
478 1135 561 1202 qutta
581 1145 634 1200 per
647 1128 738 1184 totius
753 1129 890 1185 elationis
905 1129 960 1184 de·
1013 1128 1128 1183 etiamsi
1143 1129 1351 1200 suumaliquid
1367 1128 1539 1184 nonhabet.
1564 1129 1637 1184 Cum
1663 1128 1745 1184 enim
1767 1128 1846 1184 locus

124 1221 322 1293 pressionem,
340 1218 425 1292 qnasi
439 1217 571 1274 Libanus
588 1233 646 1273 non
657 1218 771 1273 incisus
787 1233 842 1290 per
858 1216 960 1273 candi·
1014 1215 1846 1288 superiorimperatur,ohedientiaesibivirtatemevacuat

127 1294 262 1365 dissimae
274 1307 418 1363 castitatis
429 1307 724 1380 integritatem,quasi
731 1306 892 1362 balsamum
904 1322 960 1362 non
1014 1307 1064 1378 qui
1075 1305 1327 1377 adhuncproprio
1345 1306 1494 1362 desiderio
1514 1306 1642 1361 anhelat.
1660 1305 1736 1362 Cum
1757 1310 1847 1361 antem

125 1399 244 1453 mistum
260 1413 313 1469 per
324 1396 472 1451 sinceram
482 1394 660 1466 opinionem,
673 1396 757 1468 qnasi
770 1395 961 1451 terebinthus
1014 1396 1134 1466 propria
1145 1394 1331 1451 contumelia
1343 1396 1535 1467 imperantur,
1547 1395 1605 1450 nisi
1614 1394 1681 1451 hmo
1692 1410 1731 1450 ex
1743 1399 1847 1450 semet·

125 1503 179 1559 per
192 1502 293 1541 veram
310 1485 492 1549 charitatem,
510 1484 595 1556 qnasi
616 1484 690 1539 vitis
709 1500 762 1555 per
778 1484 962 1558 singularem
1015 1484 1208 1554 ipsosaimus
1223 1488 1349 1556 appetat,
1367 1484 1532 1541 obedientia
1555 1484 1615 1539 sibi
1638 1484 1778 1540 meritum
1797 1484 1845 1538 mi-

125 1573 345 1630 feounditatem.
362 1572 455 1638 Quam
469 1572 593 1642 plurima
610 1576 689 1642 sunt,
707 1573 824 1638 iratres,
842 1572 961 1645 quaeda
1017 1573 1090 1642 nuit,
1102 1572 1216 1645 quiaad
1236 1573 1301 1628 haec
1316 1573 1427 1629 invitus
1442 1573 1606 1629 descendit.
1631 1573 1710 1627 Hinc
1732 1572 1844 1644 blopses

126 1662 175 1718 his
191 1661 328 1726 omnibus
342 1663 378 1717 ad
393 1662 509 1716 laudem
526 1677 621 1716 sacrae
635 1661 763 1734 virginis
782 1662 883 1716 Mariae
903 1660 962 1715 dici
1017 1661 1213 1733 principatum
1236 1662 1337 1734 populi
1362 1662 1512 1717 humiliter
1531 1664 1651 1717 recusat
1673 1661 1784 1732 (Enod.
1800 1664 1844 1730 ιιι).

127 1755 260 1823 possent,
271 1752 329 1808 imo
340 1751 554 1820 deberent,sed
564 1750 961 1821 brevitastemporis,etpro·
977 1709 1004 1772 Β
1019 1749 1129 1806 Paulus
1152 1750 1293 1806 audacter
1308 1751 1378 1806 dicit
1394 1767 1400 1806 ι
1416 1751 1481 1824 qu
1496 1766 1553 1805 non
1571 1750 1665 1805 solam
1686 1749 1807 1823 altiqari
1820 1751 1844 1804 in

126 1839 186 1895 lixa
203 1840 360 1895 celebritas
374 1839 482 1895 divinae
500 1839 600 1894 laudis
618 1839 729 1894 diutius
745 1840 793 1895 his
809 1839 960 1894 immorari
1019 1838 1196 1910 Jerusalem,
1209 1839 1264 1895 sed
1280 1841 1369 1894 etiam
1380 1840 1457 1895 mori
1466 1845 1591 1911 paratas
1606 1855 1671 1894 sum
1682 1838 1762 1908 (Act.
1773 1840 1843 1906 Ιιιιιι).

103 1926 104 1931 ’
128 1927 359 1998 nosprohibent.
375 1926 433 1983 Sed
449 1942 504 1983 nec
518 1928 662 1984 debemus
677 1927 808 1984 detincre
823 1942 962 1982 sermone
1055 1928 1241 2000 Ruthitaque
1256 1931 1377 2001 propter
1391 1928 1497 1984 Nocmi
1511 1932 1619 1984 terram
1632 1928 1768 2000 deosque
1782 1943 1846 1982 snos

96 2060 101 2069 .
129 2017 217 2086 diem,
229 2016 384 2088 quiasicut
394 2031 492 2071 sermo
502 2018 687 2087 opportunus
702 2020 751 2072 est
768 2016 907 2087 optimus,
918 2015 963 2070 sic
1019 2016 1149 2088 reliquit,
1170 2017 1239 2071 dum
1255 2017 1402 2072 veraciter
1424 2016 1567 2072 obediens
1596 2016 1696 2071 anima
1724 2016 1848 2072 doctoris

131 2104 182 2177 qui
194 2105 449 2160 moderaturlabia
464 2121 529 2174 sna,
540 2104 793 2175 prudentissimus
806 2106 862 2160 est.
877 2105 963 2159 Nunc

131 2193 224 2266 igitur
238 2193 274 2249 ad
283 2193 485 2264 nosmetipsos
495 2193 662 2263 redeamus,
675 2193 742 2249 etin
751 2193 799 2263 iis,
809 2209 876 2265 quae
886 2193 963 2247 dicta

130 2285 200 2337 sunt
210 2281 326 2337 beatam
336 2282 458 2336 Mariam
468 2282 646 2353 proviribus
655 2282 763 2337 imitari
778 2282 961 2352 studeamus,

130 2374 162 2426 ut
177 2369 245 2443 ejus
258 2371 372 2425 meritis
384 2373 412 2425 at
426 2371 567 2441 precibus
582 2386 649 2426 eum
665 2370 730 2440 ipsa
745 2370 906 2442 glorificari
918 2386 966 2424 ra·

130 2460 255 2517 leemas.
272 2458 371 2514 Simus
387 2462 416 2514 et
430 2475 486 2514 nos
497 2461 581 2531 quasi
591 2466 704 2529 storax,
717 2459 880 2532 glorillcata
890 2473 965 2514 voce

133 2546 267 2604 eordihm
280 2548 396 2603 laudem
411 2548 472 2602 Deo
487 2547 681 2617 celebrand03
704 2548 789 2620 quasi
802 2547 963 2620 qalbenus,

131 2636 248 2708 reptilia
265 2636 474 2708 cogitationem
489 2636 634 2691 inutilium
650 2636 766 2692 devotis
782 2636 965 2691 orationibus

132 2724 330 2797 effumigando
341 2740 348 2794 3
361 2725 445 2797 qnasi
456 2724 571 2797 unqnla,
584 2724 736 2779 libidinem
744 2724 842 2779 carnis
854 2723 966 2779 exstin-

132 2814 268 2887 guendo3
284 2814 368 2885 quasi
377 2818 470 2885 qntta,
484 2812 654 2884 superbiam
666 2813 765 2869 cordis
777 2812 963 2885 subigend03

135 2903 220 2976 quasi
244 2902 386 2973 Libanus,
411 2902 573 2957 castitatem
598 2903 732 2973 corporis
754 2901 964 2970 custodiendo,

136 2992 220 3066 quasi
229 2991 401 3061 balsamum,
417 2990 526 3045 bonam
541 2992 649 3046 tamam
664 2992 893 3063 circumquaque
908 2990 968 3044 dit-

133 3081 283 3137 fandendo
292 3095 299 3151 ς
308 3081 391 3152 qnasi
402 3079 601 3150 terebinthus,
615 3081 708 3135 Deum
719 3079 927 3150 superomnia,
940 3081 969 3134 et

133 3169 300 3241 proximum
311 3170 389 3223 sicut
399 3169 540 3239 nosipsos
552 3168 712 3240 diligendo.
730 3169 761 3222 lu
770 3168 818 3222 his
830 3167 968 3222 omnibus

134 3259 284 3314 imitemur
298 3257 414 3312 beatam
429 3256 551 3311 Mariam
566 3256 622 3310 sub
646 3257 789 3311 brevitate
814 3257 968 3327 temporiS,

134 3351 166 3401 ut
182 3346 327 3417 cumipse
341 3344 463 3416 gloriari
473 3344 677 3400 mereamurin
686 3345 874 3401 diuturnitate
885 3346 971 3399 aeter·

1021 2106 1219 2161 ecclesiastici
1232 2104 1325 2160 verbo
1339 2104 1386 2160 vol
1402 2105 1537 2177 exemplo
1554 2107 1726 2176 provocata,
1749 2109 1847 2160 cancta

1020 2198 1138 2249 terrena
1147 2197 1175 2249 et
1184 2194 1396 2249 oblectamenta
1406 2194 1619 2264 perdaemones
1630 2194 1729 2249 oblata
1740 2193 1851 2265 penitas

1021 2283 1182 2354 postponit.
1192 2281 1228 2337 Et
1239 2282 1476 2353 inseparabiliter
1487 2282 1527 2336 illi
1536 2282 1679 2353 adhaeret,
1692 2283 1763 2338 dum
1780 2283 1852 2336 illius

1023 2372 1165 2426 doetrinae
1176 2370 1538 2442 praeceptisamicabiliter
1553 2386 1714 2426 assensum
1735 2370 1852 2442 praebet.

1023 2459 1151 2532 ipsaque
1174 2475 1228 2531 per
1254 2475 1371 2515 omnem
1388 2459 1475 2529 viam,
1495 2476 1553 2531 qua
1579 2460 1691 2516 incedit
1712 2461 1855 2532 sequitur,

1023 2547 1093 2604 dum
1109 2548 1230 2604 illumin
1239 2549 1320 2604 vitiis
1336 2549 1530 2620 declinandis,
1544 2548 1784 2621 exercendisque
1798 2549 1855 2602 rir-

1024 2637 1136 2693 tutibus
1160 2637 1298 2692 imitatur.
1319 2637 1452 2709 Denique
1475 2654 1541 2694 cum
1565 2637 1616 2693 illo
1632 2639 1663 2693 in
1686 2636 1856 2692 Bethlehem

1025 2733 1232 2801 commoratur,
1240 2731 1310 2786 dam
1323 2731 1398 2786 iutra
1409 2735 1542 2788 sanctam
1552 2732 1786 2788 Ecclesiamsnb
1793 2730 1855 2802 ejus

1026 2819 1150 2874 consilio
1159 2820 1206 2874 vel
1216 2820 1469 2892 regiminesancte
1481 2822 1640 2877 ethonestc
1650 2824 1853 2877 conversatur.

1026 2907 1114 2977 Boon,
1131 2908 1180 2980 qui
1206 2908 1415 2980 interpretatur
1428 2909 1575 2965 tortitudo
1596 2910 1663 2981 Dei,
1690 2913 1718 2965 et
1741 2912 1803 2965 erat
1816 2909 1857 2963 vir

987 3032 1012 3094 c
1026 3000 1142 3067 potens,
1153 3000 1362 3070 etmagnarum
1376 3014 1473 3069 opum,
1492 2999 1542 3070 qui
1557 2998 1685 3055 hahebat
1696 3013 1855 3065 messores,

1027 3087 1055 3139 et
1070 3084 1310 3158 cajuseratager‚
1324 3087 1418 3158 inquo
1428 3088 1508 3143 Rath
1519 3087 1639 3162 collegit
1645 3088 1749 3160 spicas
1760 3086 1853 3159 (Ruth.

1027 3174 1068 3246 ιι),
1084 3173 1234 3230 Christum
1250 3176 1409 3248 significat.
1436 3175 1585 3232 Christum
1607 3178 1687 3232 enim
1711 3176 1854 3232 credimus

1027 3268 1054 3319 et
1068 3263 1243 3319 coniitemur
1257 3280 1324 3319 cum
1346 3265 1488 3336 Apostolo
1511 3266 1565 3321 Dei
1585 3265 1735 3337 virtutem,
1766 3267 1794 3321 et
1808 3264 1853 3318 Dei

1026 3352 1201 3422 sapientiam
1215 3352 1245 3423 (Ι
1258 3352 1326 3409 Gor.
1338 3354 1369 3424 r),
1386 3355 1437 3426 qui
1453 3357 1499 3410 est
1512 3355 1560 3409 vir
1574 3357 1691 3426 potens,
1707 3355 1777 3426 quia
1793 3354 1853 3409 data

139 3433 249 3489 nitatis.
268 3432 351 3498 Quod
367 3433 454 3488 nobis
469 3437 613 3503 praestare
629 3433 865 3506 digneturdesus
880 3433 967 3488 Chri·

138 3524 204 3576 stus
220 3521 363 3576 Dominus
379 3524 491 3591 noster,
509 3521 559 3592 qui
573 3524 620 3576 est
641 3522 721 3576 Deus
743 3521 919 3578 benedictus
941 3520 971 3577 in

140 3609 261 3666 saecula.
279 3609 383 3665 Amen.

1027 3447 1072 3496 est
1088 3441 1118 3495 ei
1134 3442 1228 3496 omnis
1238 3447 1374 3513 potestas
1393 3443 1424 3497 in
1443 3441 1515 3499 eaelo
1538 3450 1568 3499 et
1591 3445 1622 3498 in
1640 3449 1724 3499 terra
1739 3442 1852 3515 (llattlr.

1026 3518 1205 3602 xxvnthui
1216 3533 1263 3584 est
1273 3532 1360 3586 etiam
1376 3533 1733 3605 magnarumopum,quia
1747 3533 1780 3588 in
1797 3530 1855 3604 ipsa

1026 3619 1856 3692 suntomncsthesaurisapientiaretacientiaeabsconditi

446 3696 575 3754 SERMO
594 3698 669 3754 LVI·
1027 3707 1151 3777 (Coloss.
1162 3710 1205 3778 u).
1216 3707 1372 3781 Agerejus
1382 3712 1485 3764 sancta
1494 3709 1645 3781 Scriptura
1659 3707 1775 3775 est.Qui
1789 3723 1855 3781 ager

386 3805 430 3860 De
445 3805 542 3860 anima
557 3804 728 3862 obediente,
1027 3796 1096 3851 hinc
1111 3796 1200 3851 habet
1214 3797 1359 3867 hordeum
1373 3813 1427 3869 per
1440 3798 1534 3853 Vetus
1555 3798 1787 3869 Testamentum,
1802 3796 1856 3851 illie

180 3894 314 3968 Legimis
335 3894 365 3948 in
382 3891 499 3950 Veteris
521 3895 700 3952 Testamenti
722 3894 828 3968 pagina
843 3894 878 3949 de
894 3893 973 3949 nuth
1026 3885 1856 3957 frumentumperTestamentumNovum.Messoressnnt

136 3982 305 4052 Moabitide,
319 3983 397 4053 qnod
408 3982 514 4038 Noemi
529 4000 592 4038 suae
604 3984 883 4053 socruiadherons,
893 3981 972 4054 ejus·
1026 3975 1248 4046 praedicatores,
1266 3976 1316 4047 qai
1331 3975 1361 4029 in
1376 3975 1433 4031 hoc
1447 3992 1520 4049 egro
1543 3977 1674 4049 quotidie
1695 3976 1853 4032 sonantius

138 4086 196 4144 que
209 4071 369 4140 praeceptis
385 4071 538 4139 obediens,
557 4073 634 4126 Boea
647 4073 712 4127 viro
727 4072 838 4143 potenti
846 4074 875 4126 et
885 4070 969 4125 diviti
1027 4067 1148 4135 metunt,
1166 4064 1243 4119 unde
1259 4064 1362 4120 fideles
1385 4066 1499 4120 animes
1522 4066 1688 4137 epulantur,
1712 4068 1742 4121 et
1757 4064 1853 4137 splen-

138 4160 246 4216 meruit
260 4154 543 4229 conjugioeopulari
555 4159 656 4229 (Ruth.
667 4160 696 4228 ι).
713 4159 828 4229 Noemi,
848 4175 914 4231 quae
926 4159 973 4213 in-
1027 4152 1094 4208 dide
1122 4156 1291 4224 pascantur.
1322 4154 1486 4225 imperfecti
1515 4170 1587 4212 vero
1615 4157 1644 4209 et
1670 4153 1781 4209 intirmi
1800 4168 1855 4209 noa

139 4248 317 4318 terpretatur
322 4244 458 4317 pulchra,
469 4247 972 4318 significatdoctoremacpastorem
1028 4242 1195 4314 manipulos
1211 4246 1332 4314 metunt,
1349 4243 1403 4298 sed
1419 4244 1519 4315 spicas
1544 4243 1697 4314 colligunt,
1722 4243 1860 4316 quianon

141 4334 381 4392 ecclesiasticum
395 4334 487 4388 variis
502 4335 633 4390 coelestis
643 4334 746 4407 gratiae
755 4336 841 4391 donis
855 4352 914 4391 non
924 4343 1013 4407 so-1)
1029 4331 1167 4401 maxima,
1184 4333 1236 4386 sed
1260 4333 1379 4386 minima
1404 4333 1532 4403 capiunt.
1559 4331 1616 4398 Qui
1636 4333 1713 4388 bene
1739 4348 1756 4386 a
1779 4345 1860 4387 meae

138 4426 201 4480 lum
216 4423 357 4491 exterius,
368 4423 420 4478 sed
433 4426 462 4477 et
472 4423 597 4478 interius
608 4423 786 4495 decoratum,
800 4424 913 4479 occulta
923 4424 972 4480 de·
1030 4435 1126 4491 usque
1142 4421 1178 4475 ad
1193 4436 1359 4492 vesperam,
1375 4420 1620 4493 quemadmodum
1636 4421 1726 4493 Ruth,
1744 4420 1776 4477 in
1791 4434 1860 4494 agro

141 4513 277 4582 decoris,
303 4512 468 4568 secundum
490 4512 679 4583 Apostolum,
696 4512 897 4582 abdicantem,
914 4530 974 4569 non
1031 4512 1118 4579 stant,
1134 4510 1204 4579 quia
1218 4509 1342 4564 viriliter
1364 4508 1507 4575 laborant,
1533 4513 1565 4564 ut
1592 4509 1629 4564 ab
1653 4508 1719 4580 ipsa
1745 4509 1861 4565 inchoa·

141 4602 340 4658 ambulantem
356 4601 387 4657 ia
409 4601 526 4670 astutia,
551 4616 611 4656 non
634 4601 759 4657 verbum
784 4600 837 4656 Dei
861 4602 975 4657 adulte·
1030 4598 1108 4653 tione
1123 4596 1861 4670 adperlectionemperveniant.UndeetBoozsais

141 4694 265 4748 rentem.
286 4688 379 4755 Quem
396 4692 551 4761 propterea
569 4690 677 4745 lemine
693 4690 899 4763 ligurat,·qaia
919 4691 976 4761 spi·
1030 4686 1217 4741 messoribus
1231 4687 1382 4758 praecepit,
1399 4689 1440 4757 nt,
1456 4687 1484 4743 si
1498 4687 1589 4743 velint
1608 4687 1731 4742 cumeis
1743 4690 1861 4756 metere,

140 4779 278 4835 ritualam
295 4776 410 4849 prolem
426 4778 486 4833 Deo
501 4793 555 4849 por
569 4794 653 4833 suam
666 4778 907 4850 praedicationem
921 4795 975 4850 pa·
1029 4775 1060 4829 id
1075 4774 1248 4848 estmajora
1277 4775 1458 4848 investigare
1487 4780 1515 4831 et
1544 4791 1659 4847 capere,
1684 4791 1746 4831 non
1771 4775 1864 4848 prohi-

143 4883 210 4923 rere
226 4882 260 4921 ac
275 4866 387 4922 nutrire
401 4882 460 4922 non
479 4870 587 4923 cessat.
603 4867 680 4922 Hinc
691 4868 826 4939 estquod
843 4868 975 4924 adGala-
1030 4864 1127 4933 beant,
1145 4864 1203 4919 imo
1219 4864 1297 4919 etde
1313 4864 1377 4919 suis
1406 4863 1564 4936 manipulis
1579 4881 1618 4920 ex
1641 4865 1791 4922 industria
1813 4865 1862 4920 tn'·

142 4954 359 5026 tashpostolus
369 4956 506 5011 scribens
517 4956 574 5010 ait:
590 4955 692 5011 Filioli
702 4958 770 5025 mei,
784 4973 854 5028 qnos
866 4957 976 5012 iterum
1029 4951 1130 5023 buant,
1146 4957 1177 5009 ut
1190 4954 1328 5009 videlicet
1343 4953 1474 5010 etiamde
1490 4955 1555 5009 suis
1571 4954 1728 5010 sententiis
1743 4969 1862 5011 coenon

140 5047 288 5118 parturio,
300 5042 392 5099 donec
400 5043 546 5100 formetur
558 5044 698 5100 Christus
706 5045 736 5099 in
746 5044 912 5116 vohisffial.
923 5047 974 5116 av).
1030 5042 1380 5115 negligenterinstruant.
1392 5043 1660 5116 Praecepitquoqae
1672 5043 1739 5099 suis
1752 5059 1863 5101 messo-

143 5131 233 5202 iluth,
241 5146 308 5203 quae
317 5131 974 5206 interpretaturtestinans,alesignatanimam,
1030 5131 1124 5199 ribus,
1142 5134 1173 5185 ut
1187 5147 1272 5186 nemo
1284 5132 1363 5186 Ruth
1374 5132 1525 5205 colligenti
1536 5133 1636 5204 spicas
1647 5132 1862 5188 molestiamin·

142 5222 190 5278 sui
203 5219 318 5292 praelati
329 5221 441 5276 sanctis
453 5221 572 5277 monitis
588 5221 763 5277 festinanter
778 5222 974 5294 obedientem,
1030 5220 1130 5290 ferret,
1147 5219 1214 5291 quia
1229 5220 1325 5274 modis
1341 5221 1478 5276 omnibus
1495 5224 1541 5277 est
1555 5221 1720 5278 cavendum
1743 5237 1782 5278 ne
1798 5221 1862 5294 quie

141 5324 197 5367 nec
210 5310 241 5366 in
256 5308 323 5381 ejus
338 5311 496 5381 praeceptis
511 5311 712 5380 exsequendis
727 5327 826 5367 moras
843 5311 919 5366 ullas
935 5313 977 5366 in·
1030 5311 1136 5364 animae
1150 5308 1259 5363 bonum
1274 5310 1435 5380 incipienti,
1453 5310 1482 5365 id
1493 5311 1585 5366 estad
1598 5311 1696 5383 fidem,
1706 5311 1755 5366 vel
1766 5310 1862 5367 adbo-

143 5400 326 5456 nectentem:
343 5397 641 5469 scitquodilominus
658 5416 714 5455 non
736 5406 793 5456 tam
807 5399 975 5456 holocausta
1030 5415 1097 5454 nam
1114 5398 1369 5453 conversationem
1384 5402 1520 5455 recenter
1534 5400 1672 5471 venienti,
1691 5399 1862 5456 scandalum

145 5486 208 5545 vnit
219 5485 977 5565 velvictinms,quamutobediatarrocieJasmtqnod
1030 5489 1128 5560 ponat.
1146 5486 1222 5544 llinc
1236 5489 1282 5544 est
1293 5488 1371 5546 enim
1381 5487 1460 5565 qaod
1470 5486 1605 5548 Salvator
1615 5490 1654 5549 ait
1668 5505 1676 5548 ε
1691 5488 1750 5560 Qui
1763 5502 1861 5547 susce·

142 5573 977 5671 medorestobedientiaqnamvictimaeteascaltarema·
1027 5577 1111 5659 perit
1127 5592 1213 5639 unam
1223 5575 1381 5658 parridum
1395 5577 1427 5639 r'n
1441 5577 1558 5641 aoniae
1572 5594 1646 5658 neo,
1671 5594 1719 5643 me
1738 5578 1861 5660 suscipit
