3796 6022
85 271 146 342 159

466 277 685 346 APPENDIX
706 280 764 343 Ao
787 278 979 345 HUGONlS
1002 279 1146 344 OPERA
1167 277 1439 346 neellamites.

1756 280 1817 350 160

94 484 197 553 scitur,
215 483 271 538 cito
286 485 457 549 marcescit,
479 483 608 537 marcida
623 481 747 537 albescit
763 485 792 536 et
807 484 925 536 eontra·
942 463 1062 534 Aautta
1084 482 1300 552 multiplicatur,
1324 483 1419 553 primo
1444 482 1542 555 surgit
1560 483 1666 552 herba,
1683 484 1817 540 secundo

94 571 183 638 bitur,
201 572 308 644 frigida
324 573 353 626 in
369 572 458 639 loliis,
477 571 570 624 calida
586 572 616 625 in
632 572 755 626 semine.

134 662 208 715 llota
223 661 323 715 radios
340 661 427 714 habet
447 661 525 714 circa
550 664 698 728 contram,
722 661 750 713 id
771 663 817 714 est
831 675 926 728 axem,

95 749 236 804 volubilis
252 754 306 816 est,
324 749 466 820 erigendo
481 749 567 817 cudit,
582 749 662 803 arida
679 749 793 816 stridet,
811 752 839 802 et
853 764 929 801 nova

97 837 241 907 similiter,
258 838 325 907 plus
337 837 421 908 justo
439 841 558 893 onerate
574 837 678 892 stridet
693 841 722 890 et
735 836 874 907 trangitu.

133 960 201 1016 Car.
219 961 311 1017 xvlt.
329 962 373 1015 [lc
389 962 438 1017 tris
451 962 558 1035 quidus
570 979 667 1034 pruna
679 963 782 1016 littera
799 967 845 1015 cst
861 960 892 1015 S.

133 1083 280 1138 Sacerdos
296 1085 383 1140 debet
398 1102 467 1140 esse
488 1088 548 1141 vita
570 1087 730 1155 nonestus,
753 1086 868 1156 pollens
884 1102 932 1140 sa·

100 1173 219 1243 pientia.

133 1261 246 1317 Saccus
261 1279 364 1333 asper,
388 1265 497 1332 durus,
522 1265 633 1336 gravis,
652 1264 829 1318 trumentum
846 1265 930 1333 celat,

100 1350 326 1423 quadrangulus
340 1357 395 1407 est.

135 1438 213 1510 Saga
229 1441 265 1495 de
288 1441 357 1510 pilis
374 1458 528 1512 caprarum
548 1445 630 1496 erant
646 1458 736 1512 super
752 1456 843 1495 cornu
859 1441 933 1494 alta-

98 1526 152 1593 ris,
170 1531 277 1583 terrem
293 1531 462 1601 tangebant,
479 1547 584 1601 aspera
601 1535 692 1585 erant.

135 1615 252 1688 Sagana
269 1620 375 1673 multas
392 1620 480 1674 habet
495 1620 636 1690 maculas,
649 1620 705 1673 lata
720 1622 776 1689 est,
792 1619 888 1673 bonos
904 1623 932 1672 et

99 1704 204 1776 malos,
217 1722 342 1778 magnos
358 1712 385 1763 ot
400 1725 509 1778 parvos
525 1709 625 1780 pisces
637 1710 723 1781 capit,
735 1725 789 1779 per
803 1708 930 1762 medium

99 1807 185 1863 equae
200 1795 334 1850 trabitur.

135 1881 246 1954 Sagitta
255 1885 473 1957 lignumbabet,
484 1888 625 1942 velociter
631 1887 731 1955 currit,
740 1889 864 1957 pennata
873 1888 929 1953 est,

100 1970 130 2024 in
141 1971 277 2042 pharetra
289 1975 463 2044 custoditur,
476 1976 700 2031 incastraturam
712 1976 808 2046 habet,
822 1975 931 2029 directe

97 2061 243 2132 procedit,
254 2067 339 2118 acuto
351 2063 430 2119 ferro
446 2065 566 2134 munita,
583 2065 703 2134 directa,
717 2065 822 2137 rigida,
834 2065 931 2134 plana,

101 2150 233 2222 gracilis,
250 2152 374 2207 abaron
391 2154 539 2220 emittitur,
553 2155 667 2223 stridet,
683 2154 781 2209 subito
797 2155 931 2225 percutit.

137 2237 185 2292 Sal
202 2239 345 2294 minutum
364 2246 424 2311 est,
450 2243 534 2297 cibos
559 2243 672 2312 condit,
695 2258 813 2296 earnem
829 2243 931 2310 siccat,

101 2326 286 2394 putredinem
301 2333 395 2398 arcet,
408 2346 525 2385 vermes
542 2331 661 2400 occidit,
684 2331 713 2384 in
729 2331 797 2401 igne
814 2330 932 2400 stridet,

100 2416 245 2469 tumorem
256 2418 349 2484 sedat,
363 2434 400 2472 cx
411 2435 486 2489 equa
501 2419 658 2489 plurimum
670 2418 702 2472 lit
712 2433 765 2489 per
775 2420 874 2490 ignem
885 2420 934 2473 aut

102 2501 197 2556 salem
213 2504 344 2576 decocta,
362 2510 470 2561 terram
486 2508 616 2562 sterilem
634 2507 737 2563 reddit.

136 2591 250 2648 Salices
262 2594 347 2665 juxto
363 2612 456 2667 aquas
472 2599 621 2662 crescunt,
634 2596 670 2650 de
686 2596 763 2650 taeili
779 2595 932 2666 pullulant,

101 2677 295 2738 infructuosa
306 2688 385 2754 sunt,
395 2686 566 2754 florescunt,
575 2689 603 2740 et
611 2701 670 2740 non
680 2685 866 2754 fructificant,
877 2685 933 2739 alte

102 2775 250 2826 crescunt.
342 2828 344 2833 ,

137 2859 243 2915 Sancta
266 2866 436 2918 sanctorum
458 2864 681 2933 propitiatorum
701 2863 819 2931 babuit,
835 2877 933 2916 arcam

102 2947 234 3019 tarderis,
243 2951 340 3005 velum
352 2952 381 3005 in
390 2953 520 3021 introitu,
530 2953 711 3008 thuribulum
720 2967 851 3019 aureum,
862 2966 933 3021 qua·

101 3039 168 3092 tuor
183 3041 244 3094 erat
260 3040 477 3111 columnarum,
494 3042 586 3096 semel
598 3042 627 3096 in
637 3057 714 3096 anna
729 3040 786 3096 soli
801 3039 932 3109 pontifici

100 3127 227 3200 patebat.

136 3216 342 3274 Sanctuarium
359 3220 486 3275 habebat
507 3221 612 3289 altare,
636 3219 809 3290 thymiama,
835 3215 931 3287 nrnjus

101 3305 198 3359 velum
209 3305 240 3360 in
250 3308 379 3378 introitu,
392 3310 522 3380 quinque
533 3309 696 3376 columnas,
708 3322 851 3375 mansam,
864 3320 932 3360 ean-

102 3392 270 3464 delabrum,
287 3398 424 3451 omnibus
441 3397 648 3452 sacerdotibus
662 3396 788 3467 patebat.

137 3481 266 3554 Sanguis
282 3485 410 3554 calidus,
428 3501 610 3556 purpureus,
627 3485 774 3554 ostrinos,
794 3483 931 3554 spissus,

100 3569 205 3626 leniter
220 3572 297 3642 tluit,
315 3573 403 3628 sedas
420 3578 467 3628 est
482 3575 598 3628 animae.

136 3659 327 3734 Sanguisuga
342 3662 371 3716 in
382 3663 488 3733 palude
499 3663 618 3732 habitat,
631 3661 719 3733 longa
735 3664 790 3730 est,
808 3661 932 3732 sangui·

101 3763 167 3803 nem
183 3750 283 3822 sugit,
306 3752 360 3805 sed
380 3753 463 3822 prius
485 3754 581 3807 cutem
604 3750 751 3819 vulnerat,
775 3753 932 3820 postquam

100 3837 186 3908 plena
202 3843 257 3908 est,
274 3841 376 3895 eadem
391 3857 457 3912 quea
473 3843 594 3895 suxerat
609 3839 744 3894 revomit.

135 3926 279 3997 Sephirus
295 3944 402 3984 sereno
423 3930 497 3984 coelo
520 3928 641 3998 similis,
664 3927 747 3982 radio
767 3941 931 3997 percussus

101 4014 203 4069 emittit
218 4015 375 4088 fulgorem.

135 4102 248 4158 Sardus
263 4120 321 4158 non
338 4106 481 4175 unicolor,
504 4107 589 4178 niger
610 4106 724 4174 inimo,
741 4104 885 4159 candidus
901 4103 931 4158 in

100 4191 208 4262 media,
220 4192 332 4248 rubens
344 4194 373 4248 in
384 4210 510 4264 summo,
523 4195 620 4249 rubrae
637 4198 724 4249 terrae
736 4193 849 4247 habeus
860 4207 930 4263 spe-

100 4280 185 4350 eiem,
204 4282 360 4354 sanguinei
376 4283 485 4337 eoloris
500 4287 555 4337 est.

135 4368 287 4424 Sarmenta
302 4371 370 4425 vilia
386 4372 422 4426 de
432 4372 490 4426 vite
501 4364 706 4443 projiciuntur,

98 4457 158 4512 nisi
174 4459 236 4532 igni
250 4463 326 4530 apta.

135 4547 230 4618 Scopa
246 4549 364 4604 domum
380 4550 509 4619 mundat,
526 4564 563 4604 ex
574 4548 674 4603 multis
689 4548 720 4602 tlt
731 4548 836 4619 virgis,
850 4546 930 4616 seip-

101 4651 165 4691 sam
179 4638 321 4709 inquinat.

136 4726 257 4780 Soutnm
268 4731 314 4782 est
322 4728 421 4797 latum,
432 4727 621 4798 triangulum,
631 4726 706 4795 leve,
715 4724 854 4793 volubile,
864 4739 932 4794 pro-

101 4813 183 4885 tegit,
196 4816 298 4884 munit,
312 4816 341 4869 in
352 4817 473 4871 sinistra
484 4816 607 4889 geritur,
619 4830 732 4887 perque
742 4814 933 4885 ligamentum

100 4904 226 4957 tenetur.

136 4990 257 5045 Securis
276 4992 462 5046 manubrium
484 4993 572 5048 babet
594 5008 652 5064 quo
676 4995 800 5062 tenetur,
822 4990 934 5045 terrum

100 5095 159 5151 quo
171 5080 281 5148 incidit,
290 5084 371 5150 petra
382 5080 551 5150 hebetatur,
561 5085 670 5152 quanta
682 5081 778 5153 magis
790 5079 933 5149 elevatur,

100 5171 179 5222 tanto
195 5169 291 5241 magis
308 5169 383 5224 terit.

136 5255 244 5312 Samen
258 5256 345 5311 bonce
356 5261 442 5311 terrae
453 5257 586 5324 traditur,
599 5257 791 5328 dispergitur,
806 5257 934 5311 occulta-

102 5349 159 5414 tur,
175 5346 211 5400 ad
225 5345 349 5400 alterum
364 5362 473 5400 annum
489 5345 608 5417 jacitur,
629 5345 698 5417 gelu
714 5345 932 5415 multiplicatur,

100 5433 245 5490 effusione
256 5434 345 5489 nimia
354 5433 525 5505 suffocatur,
536 5450 602 5488 cum
612 5433 701 5488 multo
711 5433 813 5488 tenore
824 5435 931 5504 surgit,

99 5523 129 5579 in
140 5523 187 5578 via
199 5523 398 5592 conculcatur,
410 5527 439 5578 et
453 5523 489 5577 ab
505 5522 612 5577 avibus
628 5523 749 5592 rapitur,
762 5522 792 5575 in
804 5522 933 5592 petrosis

99 5611 174 5671 loeis
182 5613 301 5688 arescit,
309 5613 340 5671 in
349 5612 445 5689 spinis
454 5610 625 5684 suffocatur,
637 5612 669 5669 in
678 5610 756 5667 boue
768 5613 847 5666 tarra
855 5610 933 5668 bene

986 570 1082 640 spica,
1100 571 1186 626 tertio
1201 571 1399 641 frumentnm3
1415 573 1482 626 inde
1499 572 1529 627 nt
1545 572 1649 628 farina.

1021 660 1165 715 Senectus
1177 659 1331 716 fastidiens
1343 664 1398 729 est,
1410 660 1527 732 frigida,
1538 661 1707 732 querulosa,
1719 662 1815 735 pigra,

984 749 1110 818 infirma,
1127 765 1227 818 curva,
1244 750 1365 804 sterilis.

1020 838 1113 908 Sepes
1129 854 1166 893 ex
1181 838 1256 908 palis
1272 842 1300 893 at
1318 838 1412 910 virgis
1435 838 1609 907 contexitur,
1634 837 1718 910 juxta
1739 838 1818 892 viam

984 926 1026 993 fit,
1044 925 1159 981 tructus
1174 927 1312 994 custodit,
1326 927 1456 982 desicata
1468 926 1675 998 confringitur,
1688 944 1704 980 a
1718 929 1817 980 trans-

985 1016 1124 1070 euntibus
1145 1016 1267 1086 rapitur,
1292 1015 1415 1071 collecto
1440 1015 1537 1070 tructn
1557 1016 1679 1085 rapitur,
1695 1014 1816 1083 tollitur,

985 1103 1065 1158 feras
1081 1106 1110 1158 et
1123 1104 1236 1158 bestias
1251 1107 1341 1172 arcet,
1358 1104 1453 1174 spinis
1469 1105 1608 1158 munitur.

1020 1192 1138 1262 Septem
1154 1193 1230 1246 dona
1244 1193 1371 1262 Spiritus
1393 1193 1502 1261 sancti,
1526 1196 1640 1263 septem
1661 1191 1820 1261 petitiones

985 1281 1015 1334 in
1026 1281 1163 1335 Oratione
1176 1281 1337 1350 Dominica,
1351 1284 1464 1352 septem
1475 1280 1610 1349 virtutes,
1623 1282 1736 1349 septem
1746 1279 1820 1334 bea-

985 1370 1137 1438 titudinas,
1150 1373 1264 1440 septem
1275 1371 1344 1425 vitia
1356 1370 1500 1440 capitalia,
1513 1372 1627 1439 septem
1637 1368 1731 1423 boves
1743 1382 1823 1421 cras·

987 1474 1040 1526 see,
1053 1462 1081 1512 et
1092 1461 1206 1529 septem
1221 1459 1396 1528 macilentae,
1407 1461 1519 1530 septem
1535 1457 1626 1527 spicae
1638 1456 1780 1526 pulchrae,
1792 1460 1821 1510 et

987 1548 1380 1617 totidemcorr·osae,septem
1390 1547 1535 1601 columnae
1544 1545 1698 1612 Ecclesiae,
1707 1547 1820 1614 septem

987 1636 1108 1690 modioli
1119 1640 1220 1690 contra
1232 1635 1402 1690 candelabri
1416 1634 1553 1703 brachia,
1569 1638 1682 1703 septem
1696 1634 1727 1686 in
1742 1636 1820 1687 terra

988 1725 1197 1793 promissionis
1213 1725 1353 1793 lucernae,
1368 1727 1481 1794 septem
1493 1722 1688 1790 emunctoria,
1705 1724 1819 1792 septem

988 1812 1147 1882 inlusoria,
1173 1817 1287 1883 septem
1312 1812 1418 1883 psalmi
1446 1811 1679 1881 paenitentiales,
1705 1812 1820 1879 septem

989 1901 1133 1957 Ecclesiae
1155 1905 1352 1968 sacramente,
1378 1905 1490 1970 septem
1513 1898 1656 1953 Ecclesiae
1681 1899 1711 1951 in
1731 1898 1818 1965 Asia,

989 1989 1823 2061 septempanesinllvangeliaetseptemsportae,septem

989 2095 1078 2149 opera
1094 2079 1318 2146 misericordiae,
1336 2082 1449 2147 septam
1460 2092 1549 2148 reges
1560 2076 1590 2129 in
1605 2079 1682 2130 terra
1696 2074 1823 2145 promis·

990 2168 1095 2235 sionis,
1113 2171 1225 2238 septem
1241 2167 1431 2220 circuitiones
1447 2165 1476 2219 in
1492 2165 1670 2220 habitaculo.

1024 2257 1197 2326 Sepulcrum
1207 2255 1338 2310 exterius
1359 2255 1539 2324 speciosum,
1556 2253 1680 2307 interius
1703 2251 1825 2307 fetidum

991 2349 1046 2399 est.

1027 2452 1099 2506 Sera
1115 2452 1190 2506 ostio
1205 2451 1346 2522 aissgitur,
1362 2431 1481 2504 diversa
1499 2449 1615 2503 babens
1635 2446 1822 2515 diverticula,

992 2541 1151 2595 involvitur
1164 2540 1260 2612 ligno,
1280 2543 1308 2593 et
1326 2539 1404 2593 terro
1420 2538 1598 2608 composita,
1616 2538 1651 2592 de
1667 2535 1746 2590 lacili
1760 2538 1825 2588 tur-

991 2629 1087 2684 batur.

1026 2718 1130 2772 Sermo
1145 2716 1438 2788 prinsdebetvenire
1450 2715 1597 2769 adlimam
1612 2728 1699 2784 quam
1714 2712 1751 2766 ad
1767 2711 1825 2765 lin·

990 2822 1090 2878 guam,
1102 2807 1188 2861 debet
1196 2821 1265 2861 esse
1274 2805 1504 2875 praemeditatus,
1513 2804 1671 2871 discretus,
1680 2803 1824 2869 maturuS,

992 2894 1162 2965 distinctus,
1178 2910 1274 2962 rarae,
1291 2897 1384 2962 ratus,
1400 2894 1499 2961 vivus,
1515 2891 1666 2959 assiduae,
1681 2888 1826 2944 authenti·

992 2999 1056 3052 cus,
1073 2983 1204 3053 humilis,
1222 2983 1347 3053 patiens,
1363 2982 1521 3037 sollicitus.

951 3078 977 3140 0
1027 3090 1157 3160 Serpens
1172 3105 1263 3159 super
1277 3094 1381 3159 pectus
1397 3087 1540 3160 graditur,
1556 3089 1664 3140 terram
1679 3083 1821 3152 comedit,

992 3179 1106 3245 occulte
1122 3182 1222 3248 nocet,
1240 3178 1332 3232 cauda
1347 3182 1393 3231 est
1409 3191 1589 3244 venenosus,
1606 3177 1698 3228 totum
1714 3187 1823 3242 corpus

991 3283 1044 3337 pro
1060 3268 1153 3338 capite
1169 3266 1362 3321 custodiendo
1372 3264 1501 3335 exponit,
1511 3264 1541 3317 in
1556 3261 1685 3317 desertis
1701 3260 1822 3328 habitat,

990 3355 1096 3411 leviter
1110 3356 1194 3426 repit,
1206 3355 1355 3410 hominem
1371 3354 1480 3408 nudum
1496 3351 1581 3423 fugit,
1594 3351 1644 3404 vix
1659 3349 1825 3419 exstingui-

989 3447 1046 3515 tur,
1063 3450 1150 3516 sputo
1162 3444 1260 3516 jejuni
1276 3444 1405 3499 bominis
1423 3442 1556 3496 moritur.

1025 3535 1137 3589 Samus
1162 3534 1249 3588 debet
1271 3548 1341 3587 esse
1364 3530 1522 3599 obediens,
1545 3527 1657 3596 tidelis,
1682 3525 1820 3596 sapiens,

989 3624 1104 3692 hilaris,
1121 3626 1283 3694 promptus.

1025 3713 1093 3767 Sota
1114 3714 1212 3780 acuta,
1237 3710 1346 3782 rigida,
1364 3709 1444 3762 illum
1460 3703 1628 3770 introducit,
1644 3700 1748 3775 gracili
1760 3702 1821 3770 est,

989 3801 1112 3856 ttrmiter
1125 3800 1228 3854 haeret.

1024 3890 1083 3944 Sex
1094 3893 1163 3943 sunt
1174 3887 1326 3942 cherubim
1338 3886 1367 3940 in
1381 3884 1466 3951 lsain,
1478 3881 1591 3954 hydriae
1603 3882 1632 3935 in
1644 3876 1817 3950 Evangelio,

989 3979 1123 4033 civitates
1134 3977 1253 4049 refugii,
1266 3991 1354 4045 opera
1366 3989 1420 4028 sex
1431 3973 1554 4040 dierum,
1567 3986 1623 4025 sex
1633 3983 1755 4022 munera
1767 3966 1819 4020 Jo-

989 4067 1063 4138 seph
1080 4066 1221 4121 tratribus
1237 4063 1343 4119 oblata.

1024 4156 1150 4226 Sigilum
1171 4154 1334 4225 imaginem
1357 4150 1445 4204 habet
1469 4152 1496 4203 et
1519 4144 1818 4217 superscriptionem,

989 4243 1120 4298 chartam
1135 4243 1289 4298 conllrmat
1303 4240 1481 4311 impressam
1504 4252 1596 4305 cerae,
1618 4235 1733 4288 secreta
1748 4246 1821 4286 eus-

989 4333 1072 4387 tacit.

719 4370 808 4427 ¹¹¹¹H¹⁸
823 4369 930 4424 umbus
946 4394 974 4458 D
1025 4421 1104 4476 Silvo
1120 4418 1278 4474 arboribus
1293 4416 1420 4483 soniste,
1445 4431 1472 4467 ¹¹·
1486 4414 1601 4480 diffisa»
1624 4423 1730 4480 ⁰t³³⁰⁰2
1748 4422 1822 4462 ΜΠ·

992 4512 1098 4580 dense,
1114 4508 1187 4563 feris
1203 4506 1378 4575 inhabitata,
1400 4503 1524 4571 inculta,
1545 4498 1690 4567 solitaria,
1707 4497 1821 4564 lutosa,

991 4599 1190 4665 infructuosa,
1207 4594 1336 4650 humida.

1027 4704 1209 4776 Smaragdus
1220 4701 1317 4756 nimiae
1329 4697 1485 4753 viriditatis
1495 4712 1587 4767 super
1598 4708 1701 4749 omnes
1712 4690 1822 4746 herbas

992 4799 1020 4851 at
1031 4794 1162 4861 frondes,
1175 4805 1313 4845 acervum
1323 4787 1536 4843 circumfusum
1544 4781 1751 4849 reddrtviride,
1760 4794 1824 4850 pre-

992 4884 1085 4940 tiosor
1096 4879 1238 4936 incilicia
1250 4893 1338 4948 quarn
1348 4876 1416 4930 alibi
1428 4873 1586 4930 invenitur.

1027 4971 1146 5026 Somnia
1171 4968 1228 5022 cito
1253 4968 1422 5035 transeunt,
1448 4979 1524 5017 vana
1549 4964 1635 5031 sunt,
1666 4958 1825 5014 vanitatem

993 5061 1117 5131 fingunt

1028 5148 1158 5203 Somnus
1183 5143 1314 5199 osticium
1338 5141 1538 5197 membrorum
1563 5138 1655 5208 tollit,
1685 5134 1826 5208 paulatim

993 5236 1095 5307 serpit,
1111 5235 1314 5306 phantesmata
1330 5231 1448 5304 ingerit,
1462 5245 1570 5299 corpus
1587 5228 1740 5299 aggravat,
1758 5225 1826 5294 post

992 5327 1091 5397 ipsum
1106 5323 1186 5378 tovet
1199 5322 1235 5376 ad
1250 5321 1393 5376 laborem.

1028 5431 1187 5502 Speculum
1203 5429 1329 5497 clarum,
1346 5426 1462 5499 fragile,
1478 5425 1597 5496 planum
1616 5425 1644 5478 et
1659 5424 1827 5490 extersum,

992 5520 1152 5591 imaginem
1172 5519 1380 5588 repraesentat,
1404 5515 1433 5568 in
1457 5515 1538 5585 ligno
1562 5513 1684 5580 locetur,
1702 5511 1829 5565 tractum

992 5613 1064 5684 quot
1076 5611 1175 5681 partes
1192 5607 1296 5676 habat,
1312 5608 1356 5661 tot
1369 5604 1516 5677 imagines
1531 5602 1735 5673 repraesentet.
