3796 6022
565 269 794 343 SERMONES
821 269 999 338 CENTUM
1584 269 1665 339 1182

64 478 315 546 uhmittit3animae
327 492 398 532 vero
410 491 474 532 suae
487 477 520 531 ut
534 472 763 544 moriaturpetit,
786 452 816 515 Α
831 475 1658 547 seepe,etmultismodisvenitadanimam.Venitpercre-

64 568 138 624 mori
147 569 263 639 penitas
275 567 395 635 mundo,
405 570 433 621 ct
443 566 543 620 vivere
556 565 616 619 Deo
624 562 766 632 concupi·
830 567 1279 636 aturarumcomtcmplationem,
1291 565 1433 636 vanitper
1442 564 1660 636 Scripturarum

64 657 171 713 ttamen
184 673 242 712 non
254 661 478 727 mortemquam
491 656 571 726 petit,
584 652 638 708 sed
655 652 767 706 dormi·
830 656 996 725 lectionem,
1027 656 1106 713 venit
1130 673 1183 727 per
1210 655 1419 711 miraculorum
1448 655 1658 725 operationem,

70 762 157 820 quam
182 764 241 802 non
263 749 343 818 petit,
365 747 486 816 invonit,
507 744 576 817 quia
594 743 768 813 plerumque
829 746 910 800 venit
937 761 990 816 per
1015 750 1230 816 praeceptorum
1255 760 1378 800 suorum
1405 744 1655 814 praedicationem,

64 837 235 893 usdivcrsis
243 833 659 907 inspiritualiconversatione
667 829 770 902 latigo·
829 837 910 890 venit
920 851 973 907 per
983 835 1124 891 internam
1142 835 1360 906 aspirationem,
1373 833 1659 904 venitperadversi-

64 925 205 980 itionibus
217 930 245 981 ει
259 925 500 990 adversitatibus,
515 923 696 993 inprovectu
708 920 769 973 vir·
830 927 928 994 tatem,
945 927 1025 980 venit
1035 941 1088 996 per
1102 924 1335 995 prosperitatem,
1353 922 1433 977 venit
1449 922 1523 977 mala
1540 922 1661 976 commi.

64 1015 222 1070 thonorum
234 1031 356 1085 operum
367 1013 517 1084 torpescit.
529 1011 663 1083 Angelus
674 1012 771 1064 autem
829 1015 936 1084 nando,
953 1013 1033 1069 venit
1056 1015 1134 1068 bona
1155 1013 1362 1084 promittendo,
1379 1011 1459 1067 venit
1483 1012 1558 1066 mala
1573 1010 1626 1066 aui
1643 1041 1658 1052 -

66 1103 504 1174 teacitatorEliaepr·aeiatusest
516 1103 619 1156 custos
629 1103 656 1155 et
667 1099 772 1154 exhor·
828 1102 931 1172 rendo,
944 1103 1023 1158 venit
1032 1103 1110 1158 bona
1119 1101 1660 1172 conterendo,venitporcognitionem

64 1192 124 1248 ‚elis
140 1197 246 1248 animae
261 1193 320 1247 sibi
335 1192 491 1263 subjectae.
508 1190 564 1257 Qui
580 1190 649 1245 dum
664 1188 768 1256 Etiam,
827 1192 969 1255 veritatis,
980 1193 1059 1246 venit
1075 1208 1127 1262 per
1137 1207 1266 1246 amorem
1282 1191 1409 1246 virtutis.
1423 1190 1509 1246 Venit
1517 1190 1656 1246 Christus

64 1283 158 1337 rimam
174 1283 232 1337 sibi
248 1282 388 1337 creditam
401 1280 547 1352 conspicit
562 1279 619 1334 sub
631 1277 770 1350 junipero
828 1280 865 1336 ad
880 1281 1006 1336 animam
1022 1280 1213 1351 spiritualiter
1232 1296 1296 1335 eam
1315 1280 1473 1350 visitando,
1490 1279 1656 1351 hospitatur

64 1395 76 1441 ι,
88 1371 118 1426 id
135 1376 181 1427 est
198 1372 255 1426 suh
277 1371 380 1426 ordine
392 1374 574 1440 torpescere,
587 1368 685 1422 statim
704 1382 771 1421 eum
828 1371 906 1442 apud
922 1387 985 1426 eam
1010 1371 1090 1425 illam
1103 1369 1305 1441 justificando,
1321 1370 1427 1425 transit
1442 1369 1600 1441 aliquando
1615 1367 1658 1423 illi

67 1462 163 1532 pascit
172 1464 200 1516 ει
208 1465 303 1532 potat,
318 1460 387 1515 dum
405 1459 519 1515 eumad
537 1458 658 1514 meliora
668 1456 770 1510 admo·
829 1460 952 1531 gratiam
963 1458 1174 1516 subtrahendo.
1188 1458 1352 1530 Aliquando
1364 1459 1442 1514 enim
1453 1475 1490 1514 ex
1501 1462 1582 1529 parte
1590 1473 1659 1530 gra·

64 1550 320 1621 esacraScriptura
328 1549 569 1620 diiticilioraquae
576 1547 771 1621 designantur
828 1550 898 1604 tiam
912 1549 1067 1618 subtrahit,
1080 1552 1111 1604 ut
1122 1548 1396 1617 humilieturmens,
1405 1564 1470 1619 quae
1481 1548 1517 1602 dc
1526 1563 1559 1602 se
1568 1546 1657 1601 nimis

67 1656 125 1710 um,
137 1642 164 1695 et
178 1640 321 1708 faciliora,
333 1654 400 1712 quta
413 1638 580 1710 figurantur
596 1638 768 1707 perpetum,
830 1638 969 1693 sublimia
983 1639 1081 1693 sentit.
1098 1637 1156 1693 Sed
1173 1638 1279 1692 iterum
1293 1638 1378 1707 redit,
1395 1637 1465 1691 dum
1489 1637 1595 1691 iterum
1613 1635 1660 1689 in·

64 1729 402 1802 liasquoqueexcitatus
414 1726 541 1783 comedit
554 1728 582 1781 et
597 1725 681 1794 bibit,
700 1724 769 1778 dum
830 1728 935 1783 tundit.
952 1728 1004 1782 Vir
1018 1727 1150 1782 mulieris
1166 1727 1269 1799 hujus,
1288 1726 1317 1781 id
1333 1730 1379 1782 est
1392 1725 1498 1781 animae
1508 1723 1660 1779 rationalis

64 1834 105 1873 ns
120 1817 276 1889 subjectus
290 1818 393 1874 verbis
404 1817 552 1889 loquentis
564 1816 709 1887 patienter
720 1829 769 1867 ac·
828 1818 995 1873 intellectus
1006 1819 1061 1886 est,
1072 1817 1122 1888 qui
1132 1817 1247 1871 viribus
1257 1818 1285 1871 et
1298 1832 1401 1885 sensu,
1413 1815 1528 1869 insistis
1542 1830 1595 1885 per
1604 1830 1659 1868 na-

67 1923 139 1978 ,nec
153 1908 201 1962 his
212 1924 278 1979 quoe
290 1908 428 1962 dicuntur
439 1904 623 1961 contradicit.
639 1905 769 1958 Rursum
828 1911 933 1979 turam,
950 1907 997 1963 vel
1014 1907 1128 1962 collatis
1144 1905 1341 1978 pergratiam,
1361 1905 1466 1959 animae
1481 1903 1568 1959 dehet
1583 1919 1659 1974 prae-

64 1997 177 2066 dormit,
195 1997 264 2068 quin
287 2011 498 2067 nonnunquam
517 1993 674 2066 subjectos
691 1992 768 2047 mul·
828 1993 1659 2069 esse,consulore,providere,eamregere,ducere,etex

64 2085 97 2140 lis
127 2085 261 2155 allectus,
289 2088 357 2157 post
381 2085 506 2156 primam
534 2082 764 2138 admonitionem
828 2103 862 2142 en
877 2087 1051 2159 progeniem
1065 2085 1204 2140 virtutum
1218 2082 1525 2152 othonorumoperum
1535 2096 1658 2151 procre-

64 2175 170 2231 tionem
181 2177 286 2231 iterum
295 2175 429 2247 tepescit.
442 2173 501 2230 Sed
509 2173 591 2227 Elias
606 2187 660 2242 per
674 2185 767 2241 ange·
827 2192 887 2232 are.
904 2176 978 2232 Cum
988 2177 1045 2231 hoc
1054 2175 1117 2230 viro
1126 2174 1238 2246 accepit
1249 2174 1345 2227 anima
1354 2171 1522 2240 consilium,
1534 2171 1637 2226 dicens
1650 2184 1657 2227 ι

65 2265 144 2321 undo
161 2265 306 2322 excitatur
319 2268 347 2320 et
361 2264 502 2336 pascitur,
522 2263 591 2318 dum
612 2261 767 2335 subjectus
827 2265 1045 2321 Animadverte
1058 2264 1132 2339 qnod
1145 2264 1259 2318 viriste
1273 2262 1331 2317 Dei
1338 2267 1460 2316 sanctus
1470 2263 1520 2325 sit,
1535 2260 1584 2332 qui
1593 2259 1659 2315 fre·

64 2353 177 2410 dentem
198 2358 226 2410 et
242 2354 359 2410 lidelem
373 2352 527 2424 praelatum
543 2352 648 2407 iterum
665 2352 768 2408 admo·
830 2361 956 2428 quanter
964 2355 1074 2410 transit
1080 2369 1205 2426 percos.
1215 2352 1291 2408 Vere
1303 2354 1425 2406 sanctus
1436 2349 1556 2421 estquia
1563 2348 1657 2404 Sanc·

71 2443 236 2500 instruitur.
247 2443 356 2516 Sarae,
367 2443 493 2509 dicente,
502 2442 631 2512 comede,
642 2442 770 2513 arandis
827 2447 874 2500 tus
882 2441 1294 2501 sanctorumestetnemonisi
1303 2441 1459 2512 peripsum
1467 2440 1588 2495 sanctus
1598 2441 1654 2493 est.

64 2537 99 2589 tat
109 2533 163 2589 via.
173 2532 263 2599 Quasi
279 2533 372 2588 dicat:
391 2533 422 2587 Si
438 2531 564 2587 contidis
578 2531 608 2586 in
620 2530 684 2586 solo
694 2532 769 2586 ordi·
862 2534 1017 2590 Faciamus
1025 2533 1175 2605 ei,inquit,
1188 2531 1364 2587 caenaculum
1373 2545 1507 2602 parvum,
1526 2534 1555 2583 et
1563 2544 1657 2600 pona-

66 2621 149 2678 stibi
164 2622 236 2677 nihil
251 2623 396 2694 prodesse
416 2621 560 2677 sacculum
576 2621 769 2691 corporaliter
826 2641 891 2680 mus
901 2624 932 2678 in
943 2622 1134 2687 eclectnlnm,
1149 2626 1327 2690 etmcnsam,
1339 2624 1368 2675 et
1378 2618 1492 2682 sellam,
1504 2621 1534 2673 et
1545 2617 1656 2672 cande-

64 2727 106 2782 ιε,
123 2729 222 2768 coram
236 2712 408 2783 aspectibus
424 2711 561 2766 humanis
581 2710 767 2766 solummodo
826 2712 951 2782 labrum,
969 2718 1008 2778 nt,
1031 2728 1094 2767 cum
1109 2711 1225 2766 venerit
1237 2709 1274 2764 ad
1285 2726 1346 2775 nos,
1357 2713 1474 2763 maneat
1485 2706 1538 2762 ibi.
1550 2706 1657 2762 Coena·

64 2800 202 2873 eligionis
217 2801 366 2871 palliatum
378 2801 517 2856 existere.
534 2799 624 2855 Stude
640 2815 693 2870 per
708 2801 768 2854 vir·
826 2803 977 2872 culum,eo
992 2802 1198 2873 quodsursum
1211 2799 1352 2866 elevatur,
1363 2796 1523 2868 spiritalem
1539 2796 1654 2869 signiti-

65 2906 97 2946 ra
107 2890 262 2962 proficere,
275 2906 330 2962 per
340 2905 429 2961 opera
441 2889 656 2945 misericordiae
667 2889 766 2960 proxi·
826 2895 872 2947 cat
887 2891 1153 2947 conversationem.
1165 2888 1257 2954 Quam
1268 2887 1344 2943 bene
1355 2885 1656 2942 ieceratcoenacutum

64 2980 173 3048 venire,
186 2979 263 3051 lege,
277 2979 428 3050 meditare,
438 2979 542 3050 psalle,
556 2994 617 3049 ora,
633 2994 765 3050 operare.
825 2981 904 3036 istud
919 2980 989 3035 huic
1005 2978 1104 3033 Eliseo
1121 2976 1240 3044 Paulus,
1257 2976 1307 3047 qrri
1322 2976 1358 3030 do
1370 2991 1403 3030 se
1414 2975 1538 3045 suisque
1548 2975 1654 3029 simili-

64 3068 235 3124 rtibirestat
245 3069 300 3133 via,
312 3067 765 3140 qiriaparumadhucproiecisti,
786 3080 813 3144 0
825 3070 945 3125 busuit:
958 3069 1173 3124 Nostraautcm
1181 3064 1369 3120 conversatio
1380 3063 1411 3117 in
1423 3061 1507 3118 coelis
1517 3061 1656 3133 asaph·-

65 3158 191 3214 mhabes
203 3159 357 3229 prolicere.
371 3158 504 3213 Comedit
513 3157 640 3229 denique
650 3157 730 3211 Elias
738 3161 767 3211 et
825 3159 896 3231 tipp.
912 3159 965 3229 m).
977 3157 1060 3223 Quod
1072 3156 1142 3210 dicit
1157 3170 1290 3225 parvum,
1307 3152 1500 3208 humilitatem
1514 3151 1653 3207 insinuat.

76 3248 157 3303 vadit
172 3248 202 3301 in
220 3247 388 3303 tortitudine
405 3247 462 3302 cibi
478 3247 558 3302 illius
571 3247 766 3321 quadraginta
824 3247 994 3305 Deusenim
1009 3244 1150 3316 superbis
1169 3243 1299 3312 resistit,
1317 3241 1478 3297 humilibus
1493 3246 1589 3295 autern
1606 3239 1656 3294 dat

64 3339 86 3392 ιι
107 3337 301 3409 quadraginta
317 3337 455 3392 noctibus
475 3352 570 3410 usque
585 3336 622 3391 ad
637 3339 766 3391 montem
823 3338 952 3409 aretiam
975 3336 1048 3403 (dac.
1074 3333 1125 3404 av).
1147 3332 1182 3386 Et
1204 3331 1270 3399 ideo
1295 3331 1391 3387 tidelis
1416 3330 1521 3399 anima,
1547 3329 1573 3383 si
1597 3327 1652 3383 nli-

64 3425 115 3497 eb,
126 3426 196 3482 dum
208 3425 374 3497 subjectus,
387 3442 440 3497 per
452 3426 647 3481 eruditionem
660 3425 766 3480 iterum
824 3427 941 3499 quando
964 3424 1032 3479 lacit
1049 3440 1155 3495 magna
1175 3423 1205 3477 in
1226 3419 1575 3493 conspectuConditoris,
1593 3433 1653 3475 aas·

64 3531 123 3571 rene
132 3515 325 3584 confortatus,
339 3516 368 3570 in
378 3515 625 3587 prosperitatibus
636 3515 723 3587 quasi
736 3515 765 3569 in
824 3516 1011 3587 timatparva.
1022 3513 1247 3568 Inlectutovero
1257 3512 1389 3566 solemus
1401 3527 1416 3564 a
1428 3509 1582 3565 laboribus
1593 3507 1658 3580 qui-

64 3604 452 3677 etiaadversitatibusquasi
463 3604 764 3675 innoctibuspervir-
824 3620 939 3674 escere,
948 3607 976 3659 et
989 3603 1161 3660 dormiendo
1177 3601 1308 3657 visibilia
1323 3601 1472 3672 ignorare.
1484 3600 1656 3670 Recteorgo

64 3693 466 3763 :oscitationcmetbonorum
475 3694 764 3764 operumexhibitio·
823 3710 877 3766 per
890 3692 1029 3749 lectulum
1041 3691 1246 3761 contemplatio
1259 3690 1412 3762 liguratur.
1426 3689 1458 3742 ln
1476 3703 1510 3742 en
1520 3688 1571 3758 qui
1582 3702 1656 3743 con·

64 3782 182 3852 ficiens,
201 3786 229 3837 et
239 3783 458 3855 quaternarium
471 3783 624 3855 Evangelii
638 3783 766 3839 etdena-
824 3785 914 3851 sistit,
927 3782 964 3836 ab
975 3781 1096 3836 incursu
1106 3780 1306 3848 tentationum,
1320 3781 1348 3833 et
1357 3775 1656 3832 attiictionetaborem

64 3871 766 3944 risperliciensadculmenspiritualissublimi-
824 3863 1658 3945 quiescit,etinternisetaeternisintentusquidlorisaga·

64 3961 101 4017 lit.
116 3961 174 4016 Ubi
184 3963 264 4016 recte
275 3961 304 4015 ia
314 3962 372 4016 otio
385 3961 536 4032 speluncae
548 3961 657 4016 dicitur
672 3965 763 4029 stare,
824 3958 1079 4031 tur,nonattcndit.
1088 3958 1284 4012 Permansnm
1295 3954 1482 4026 significatur
1489 3953 1651 4023 Scriptura.

64 4052 137 4105 atus
153 4053 208 4118 est,
226 4050 462 4122 quandocunque
476 4066 541 4107 eum
552 4050 695 4106 Dominus
710 4066 765 4105 vo·
824 4049 988 4107 Sicutenim
999 4062 1100 4102 mensa
1111 4046 1242 4118 repletur
1250 4043 1336 4114 cibis,
1350 4044 1394 4098 sic
1405 4058 1491 4098 sacra
1501 4041 1654 4112 Scriptura

70 4139 106 4194 de
123 4155 211 4194 carne
236 4140 328 4194 exire.
345 4139 428 4204 Quod
453 4139 539 4194 uobis
557 4142 700 4210 praestare
720 4139 763 4193 di·
824 4139 934 4211 repleta
950 4141 996 4193 est
1015 4136 1181 4203 sententiis,
1203 4137 1231 4189 et
1250 4133 1337 4187 aliam
1356 4131 1443 4188 nobis
1459 4131 1656 4188 relectionem

64 4227 145 4284 lesus
161 4228 309 4296 tthristus,
326 4232 382 4284 etc.
823 4228 925 4284 tribuit
941 4241 994 4298 per
1007 4225 1172 4295 historiam,
1187 4223 1273 4278 aliam
1291 4238 1345 4293 per
1368 4221 1550 4293 allegoriam,
1567 4220 1654 4278 aliam

245 4316 374 4373 SERth
391 4317 452 4372 XC.
823 4332 878 4389 per
893 4315 1100 4388 tropologiam,
1126 4313 1213 4368 aliam
1234 4326 1287 4383 per
1310 4311 1403 4366 Vetus
1421 4306 1653 4378 Testamentum,

91 4405 123 4463 In
142 4406 353 4479 purificatione
371 4407 468 4462 licata
486 4407 602 4461 Mar-im.
780 4395 808 4459 D
824 4406 910 4463 aliam
925 4420 978 4476 per
992 4404 1120 4459 Novum.
1136 4401 1213 4456 Sella
1229 4400 1368 4472 designat
1377 4391 1656 4454 eruditionem‘Se-

64 4494 262 4551 incomitisad
271 4494 764 4552 virumsunmdaEliseorrlnimad·
824 4496 894 4552 dere
909 4510 1034 4567 namque
1050 4491 1147 4548 solent
1162 4491 1299 4545 doctores
1310 4489 1359 4561 qui
1376 4487 1450 4542 alios
1460 4487 1606 4542 erudiunt.
1620 4485 1656 4540 Et

64 4585 106 4641 'od
120 4586 166 4641 vir
175 4585 233 4640 Dei
243 4592 365 4640 sanctus
381 4591 426 4640 est
442 4585 511 4655 iste,
522 4585 574 4658 qui
589 4586 699 4640 transit
709 4602 766 4658 per
823 4586 899 4641 bane
914 4597 1047 4638 mensam
1062 4581 1135 4636 sella
1144 4578 1288 4651 sequitur,
1299 4576 1367 4649 quia
1380 4575 1494 4647 justum
1504 4576 1551 4629 cst
1562 4576 1592 4628 ut
1602 4574 1652 4645 qui

64 4673 764 4747 nentcr.Faciamuseraoeicoenacniumparvum
822 4673 1004 4744 Scriptorum
1019 4669 1164 4725 audiendo
1180 4665 1367 4738 vellegendo
1388 4663 1499 4733 didicit,
1516 4662 1583 4717 aliis
1599 4678 1655 4733 per

64 4765 153 4819 nasei
163 4764 194 4817 in
210 4778 244 4818 eo
255 4762 400 4828 lectulum,
413 4769 589 4829 otmensam,
603 4769 633 4818 et
645 4763 761 4829 sellam,
822 4762 985 4818 doctrinam
1008 4761 1117 4814 tribuat
1135 4757 1246 4811 bonum
1261 4754 1340 4826 quod
1359 4753 1490 4825 agnovit.
1507 4751 1651 4816 Candela-

64 4851 251 4921 aledramni,
263 4868 325 4906 cum
338 4852 573 4918 veneritarlnos,
590 4858 708 4907 maneat
720 4851 765 4906 ibi
820 4850 907 4907 brum
923 4850 1148 4904 instrumentum
1163 4843 1347 4901 estiuminis.
1361 4842 1456 4897 Habet
1472 4843 1568 4896 autem
1583 4857 1653 4897 can·

64 4981 71 4994 .
88 4941 139 5011 iv).
157 4940 287 5009 Eliseus,
304 4941 354 5011 qui
374 4941 581 5011 interpretatur
594 4940 677 4996 salus
694 4940 761 5011 Dei,
821 4939 974 4996 dolabrum
989 4937 1113 4991 inferius
1128 4934 1243 5006 pedem,
1260 4936 1288 4988 et
1311 4947 1402 5002 super
1416 4931 1521 5001 pedem
1535 4929 1652 4986 hastam

64 5028 105 5084 nis
120 5027 369 5100 interpretatione,
387 5032 415 5084 et
431 5029 639 5084 miraculorum
655 5045 762 5100 opera-
820 5039 958 5097 erectam,
971 5028 1098 5095 etsuper
1108 5020 1413 5093 hastamsphaerulam
1423 5020 1650 5092 percircnitum,

64 5134 66 5168 ι
86 5116 227 5172 virtutum
242 5118 463 5188 exercitatione,
481 5120 509 5172 et
528 5118 674 5174 bonorum
690 5134 762 5190 ope·
820 5119 849 5173 et
864 5132 955 5189 super
967 5112 1147 5187 sphaerulam
1162 5127 1296 5180 acumen,
1314 5111 1362 5166 cui
1381 5110 1540 5183 imponitur
1557 5109 1646 5165 lumi·

64 5204 204 5277 tibitione,
215 5210 243 5261 et
252 5206 386 5262 honestae
402 5208 639 5263 conversationis
650 5209 762 5263 sancti·
820 5221 901 5261 nare.
915 5206 972 5261 Pes
981 5219 1052 5259 vero
1063 5200 1232 5257 candelabri
1243 5199 1392 5256 hahettria
1402 5199 1533 5268 brachia,
1547 5212 1649 5268 aequa-

64 5296 127 5365 post
151 5297 274 5350 mortem
299 5295 406 5351 mortui
421 5297 659 5368 resuscitatione,
675 5296 762 5353 Chri·
820 5287 1521 5366 lislongitudinisequalismagnitudinismaius
1533 5285 1648 5352 termae,

64 5382 178 5452 rnitleat.
191 5381 362 5455 Sunamitis,
374 5402 441 5457 quaa
453 5387 661 5457 interpretatur
671 5385 764 5457 capti·
820 5383 909 5439 unius
919 5381 995 5437 inter
1005 5396 1039 5436 se
1053 5379 1210 5434 distentia.
1227 5377 1380 5451 Significat
1399 5392 1472 5448 ergo
1482 5373 1570 5428 fldem
1580 5372 1663 5454 Tri--

64 5471 208 5538 coccinea,
225 5473 352 5528 animam
363 5475 510 5544 exprimit,
522 5490 609 5545 quam
624 5472 762 5528 Christus
821 5471 929 5526 nitatis.
949 5467 1049 5536 Qualis
1065 5467 1143 5522 enirn
1162 5468 1256 5537 Pater,
1273 5466 1340 5522 talis
1356 5464 1459 5533 Filius,
1472 5461 1539 5516 tatis
1552 5459 1647 5530 Spiri-

64 5558 152 5615 vitatis
161 5559 423 5634 diabolisanguine
432 5578 487 5617 suo
496 5561 629 5617 redemit.
640 5560 760 5616 Eliseus
820 5563 869 5615 tus
884 5561 1017 5626 sanctus,
1034 5555 1190 5611 eto.Hasta
1201 5552 1380 5620 candelabri,
1397 5553 1427 5605 in
1437 5548 1647 5618 eoquodrecta

64 5647 147 5705 nitad
156 5648 368 5707 sunamitidem
378 5651 526 5723 laminam,
538 5650 608 5725 quia
621 5647 759 5707 Chr-intua
822 5651 878 5718 est,
902 5644 1107 5718 rectitudinem
1121 5643 1257 5721 exprimit
1281 5639 1438 5715 aequihtts.
1461 5638 1494 5697 ln
1518 5650 1554 5695 oo
1575 5651 1647 5714 vero
