3796 6022
1775 258 1817 334 66

472 255 1444 335 necessusscarusneeasmeassacunnns,
1519 250 1527 277 '

191 468 264 524 (iar.
282 468 360 522 xv'l.
377 469 422 523 lle
434 468 573 523 stellione
588 475 617 521 et
633 467 831 522 salamandra.
944 448 974 510 Α
988 467 1207 538 vulnus,sanat,
1218 469 1479 540 quiapeccatorum
1489 469 1818 526 inconfessioneemun·

127 559 181 613 Est
197 559 302 630 reptile
318 558 480 629 quoddam,
498 558 574 629 quod
585 557 621 611 ab
636 557 703 611 aliis
719 559 836 627 putatur
851 555 930 609 sala·
987 555 1376 611 dautur-vulnerasacerdoti
1386 558 1668 614 tactnccnlessione.
1678 559 1817 614 Intestina
1846 550 1865 579 ‘

90 648 224 712 mandra,
242 644 279 701 ab
300 646 366 700 aliis
388 647 497 700 stellio.
515 646 578 699 lloc
602 645 698 699 simile
717 650 763 699 est
782 644 931 699 lacertulos
986 660 1103 714 quoque
1120 645 1246 698 bominis
1262 651 1344 699 curat
1365 647 1479 700 catulus
1495 647 1667 717 applicatus,
1685 647 1752 718 quia
1767 663 1817 703 se-

92 738 211 809 pusillae
229 736 327 789 calare
343 735 437 800 vario,
453 734 489 788 dc
500 750 559 804 (1110
570 734 709 788 Salomon
720 734 806 787 dicit:
824 732 932 787 Stellio
986 737 1064 786 creta
1081 733 1179 788 cordis
1196 750 1276 803 saepe
1287 736 1464 788 mundantur·
1477 736 1506 789 in
1518 752 1606 805 opere
1617 735 1663 790 vel
1679 751 1816 791 sermone
1850 763 1859 772 ·

89 826 229 880 manilius
235 826 292 879 niti
296 830 351 888 tar,
362 829 391 878 et
398 823 568 877 rnoratnrin
575 822 833 893 dornilrrrsrepunrt
837 821 929 876 Prov.
986 822 1126 876 doctoris.
1144 822 1258 876 Modico
1270 823 1425 877 admodum
1435 825 1513 878 victu
1526 824 1608 877 canis
1619 839 1687 878 csse
1698 825 1814 895 dicitur,

93 915 176 984 xxxi.
194 913 395 984 Plrpsiologus
411 911 481 965 dicit
496 911 532 965 de
554 927 590 964 eo
611 911 689 981 quod
706 911 731 963 si
748 926 819 964 casu
836 912 929 965 unde·
985 911 1052 980 (paria
1065 911 1113 980 qui
1126 915 1234 980 praeest
1245 911 1321 978 aliie,
1333 912 1542 983 sapientiaeque
1554 912 1660 966 studiis
1670 912 1814 985 invigilat,

89 1018 209 1073 cunque
218 1001 353 1055 inciderit
364 1001 393 1053 in
406 1000 552 1053 caminum
563 998 609 1052 vel
621 999 771 1052 fornacem
781 999 871 1069 ignis,
882 998 931 1052 aut
985 999 1133 1068 crapulam
1145 999 1312 1053 omnimodo
1323 1000 1414 1053 vitare
1426 1001 1521 1055 debet.
1532 1001 1605 1055 Nam
1617 1016 1654 1054 ex
1665 1002 1816 1057 saturitate

87 1093 115 1144 in
127 1091 329 1161 quodcunque
342 1087 616 1142 incendiumstntim
627 1087 828 1156 exstinguitur
839 1088 928 1158 ignis·
984 1087 1069 1156 panis
1084 1086 1211 1140 Sodoma
1226 1088 1320 1157 periit.
1339 1087 1426 1142 Nullo
1447 1088 1572 1159 denique
1592 1088 1670 1142 aditu
1680 1092 1742 1163 ,tam
1757 1089 1815 1144 cita

88 1180 126 1232 lta
138 1177 292 1248 suntjusti
304 1176 494 1230 admirabiles
507 1175 644 1228 omnibus
659 1175 840 1242 hominibus,
851 1177 930 1230 sicut
984 1175 1121 1229 inimicus
1137 1176 1270 1245 possidet
1286 1175 1498 1244 Christianum,
1518 1192 1605 1246 quam
1618 1177 1717 1231 voraci
1732 1178 1812 1248 gula.

85 1267 205 1321 suerunt
222 1266 250 1319 in
268 1264 383 1318 camino
400 1264 478 1334 ignis
490 1264 621 1318 ardentis
635 1264 776 1331 Ananiae,
794 1264 927 1333 Ananias,
983 1262 1065 1327 Quod
1083 1264 1164 1317 canis
1179 1265 1215 1317 ad
1234 1264 1374 1318 vomitum
1393 1265 1482 1333 redit,
1504 1264 1651 1336 significat
1664 1270 1731 1335 post
1745 1281 1814 1336 per-

85 1355 201 1423 ilisael,
220 1359 247 1409 et
263 1370 322 1408 non
336 1353 432 1423 tetigit
446 1369 499 1405 eos
516 1352 634 1407 omuino
650 1352 739 1423 ignis.
757 1352 861 1407 iustos
878 1370 928 1407 nu·
983 1352 1458 1423 actamcantcssianemquosdam
1470 1353 1584 1406 incaute
1596 1353 1632 1406 ad
1643 1354 1817 1425 eadempee

82 1450 142 1498 tem
159 1444 286 1497 intactos
303 1445 331 1496 et
350 1441 596 1495 incontaminatos
616 1441 697 1494 exire
717 1457 809 1510 posse
824 1442 860 1495 de
877 1459 926 1496 ca·
982 1440 1815 1513 petrandnfacinor·aredir·c.Quodcarncmintiumiaeper

81 1535 162 1587 mino
181 1532 262 1603 ignis
278 1531 445 1584 evidentius
462 1529 590 1583 declarat
602 1532 628 1582 et
645 1529 755 1583 Paulus
770 1531 923 1600 apostolus
983 1529 1167 1599 concupitam
1182 1529 1314 1582 umbram
1330 1528 1477 1599 relinquit,
1503 1529 1651 1600 significat
1679 1530 1814 1586 homines

81 1623 204 1676 dicens:
227 1618 459 1674 Trilrulationeur
472 1618 611 1689 patirum,
630 1618 685 1671 scrl
701 1634 756 1670 non
770 1619 924 1688 arrpustia-
983 1620 1102 1687 propter·
1123 1617 1311 1670 ambitionem
1333 1617 1442 1687 ignotae
1466 1617 1524 1686 rei,
1549 1618 1577 1671 id
1600 1635 1717 1689 qnoque
1736 1620 1815 1690 quod

81 1727 159 1764 nrnr.
172 1709 348 1780 llejicirrrur,
362 1707 417 1760 sed
428 1724 483 1760 rrorr
489 1706 643 1776 periuras(
648 1705 677 1758 ll
687 1706 754 1759 Corn
768 1718 818 1767 rvr.
833 1707 923 1762 llcrn:
983 1706 1092 1775 proprii
1108 1710 1153 1758 est
1166 1704 1259 1776 juris,
1280 1705 1456 1776 relinquere.
1480 1706 1564 1759 Unde
1583 1705 1614 1761 nt
1628 1711 1657 1760 ut
1672 1708 1741 1762 dnm
1756 1724 1814 1763 nen

83 1799 310 1853 (lbstrunerrrrrt
325 1811 376 1849 ora
393 1794 506 1849 leonum
521 1794 626 1861 (llelrr.
649 1796 700 1849 xri.
724 1794 762 1846 lta
782 1798 809 1847 ct
827 1796 923 1849 omnis
982 1794 1080 1847 valent
1100 1793 1222 1863 adipisci
1246 1795 1274 1846 id
1296 1795 1374 1864 quod
1399 1794 1532 1863 cupiunt,
1558 1793 1682 1864 perdere
1704 1796 1814 1853 trustra

80 1888 253 1958 quicunque
266 1900 303 1939 ex
314 1885 371 1937 tota
387 1882 444 1937 fide
459 1899 513 1936 sua
530 1883 686 1936 crediderit
698 1882 726 1935 in
739 1882 842 1950 Deum,
854 1887 883 1937 et
894 1885 922 1938 in
982 1883 1083 1935 uolunt
1099 1882 1176 1953 qumi
1193 1881 1383 1952 reliquerunt.

81 1975 226 2047 operibus
247 1973 334 2026 bonis
359 1972 608 2042 perseveraverit,
632 1971 739 2024 transit
757 1971 923 2042 gehennam

80 2064 173 2136 ignis,
187 2067 217 2116 et
227 2077 286 2115 non
298 2058 390 2130 tangit
399 2075 465 2113 eum
478 2059 602 2127 flamma,
611 2059 646 2113 de
657 2075 713 2130 qua
725 2059 925 2130 scriptumest

80 2145 109 2206 ia
126 2151 204 2205 isaia
220 2148 379 2221 propheta:
398 2147 433 2201 Si
449 2147 611 2201 transieris
624 2164 680 2219 per·
696 2148 795 2219 iqnem
809 2147 923 2202 llarnma

83 2257 139 2295 non
162 2245 190 2293 te
207 2238 359 2292 comburet
375 2234 445 2295 tlsa.
461 2236 553 2305 xuni).
571 2236 641 2289 ltem
657 2236 693 2290 de
708 2236 822 2290 eodem.
840 2237 925 2290 Sala-

81 2328 205 2384 mandra
222 2327 298 2381 dicta
319 2328 364 2380 est
386 2339 421 2378 eo
443 2323 520 2395 quod
544 2326 643 2378 contra
660 2323 797 2378 incendia
812 2325 921 2395 valeat,

83 2417 174 2489 cujus
191 2416 269 2470 inter
284 2413 381 2468 omnia
392 2415 535 2466 venenata
546 2412 592 2465 vis
605 2412 731 2466 maxima
742 2415 797 2467 est.
810 2411 923 2468 Cretera

85 2507 164 2560 enim
179 2502 319 2576 singulos
333 2501 452 2569 feriunt,
470 2500 533 2554 baec
545 2501 688 2570 plurimos
703 2502 813 2571 pariter
826 2502 925 2556 interi·

84 2595 146 2650 mit.
168 2594 243 2648 Nam
266 2592 292 2646 si
315 2590 415 2645 arbori
437 2589 604 2660 irrepserit,
631 2590 727 2644 amnia
749 2605 835 2660 poma
856 2590 922 2662 ejus

1115 1970 1183 2025 Car.
1201 1970 1307 2024 xvrlr.
1324 1970 1369 2023 lle
1384 1970 1508 2026 mustela
1524 1977 1553 2026 et
1569 1973 1681 2043 aspide.

1018 2058 1059 2112 De
1075 2058 1200 2111 mustela
1215 2057 1346 2128 praecipit
1362 2057 1409 2111 lex
1425 2074 1483 2112 non
1495 2059 1672 2114 manducare
1686 2076 1761 2133 eam,
1776 2077 1812 2118 ea

981 2146 1060 2217 quad
1076 2144 1256 2200 immundum
1272 2144 1379 2198 animal
1394 2151 1440 2199 cst
1454 2147 1564 2214 (Lavit.
1580 2150 1622 2217 xr)
1635 2148 1760 2204 Mustela
1770 2150 1814 2205 di·

982 2236 1057 2289 citur
1065 2235 1150 2305 qnasi
1159 2250 1225 2288 mus
1237 2249 1355 2305 angus.
1370 2233 1444 2287 Nam
1454 2236 1529 2289 telas
1540 2233 1630 2308 [atltae]
1641 2236 1743 2292 Graece
1753 2239 1815 2294 lon·

981 2340 1039 2396 gns
1054 2323 1169 2378 dicitur.
1187 2322 1259 2377 Haec
1274 2322 1393 2394 ingenio
1411 2323 1545 2392 subdola,
1561 2325 1589 2377 in
1605 2325 1691 2380 domo
1703 2327 1753 2382 ubi
1764 2327 1815 2384 ha·

980 2413 1062 2480 bitat,
1080 2428 1147 2466 cum
1162 2411 1276 2466 catulos
1286 2412 1432 2482 genuerit,
1445 2412 1480 2466 de
1491 2412 1556 2467 loco
1567 2413 1604 2467 ad
1614 2414 1712 2470 lacum
1721 2419 1816 2472 trans·

982 2500 1052 2569 lert,
1077 2503 1244 2571 mutataque
1268 2501 1339 2555 sede
1362 2501 1449 2556 locat.
1476 2500 1635 2572 Serpentes
1657 2504 1759 2575 etiam,
1780 2521 1815 2562 ac

980 2606 1082 2645 mures
1096 2591 1293 2661 persequitur.
1308 2589 1372 2644 Duo
1388 2594 1485 2645 autem
1496 2593 1565 2645 suut
1580 2607 1690 2664 genera
1705 2598 1816 2650 muste-

83 2699 201 2738 vencnc
218 2681 319 2749 inlicit,
336 2683 365 2734 et
381 2695 433 2733 eos
450 2679 499 2750 qui
516 2694 552 2732 es
569 2679 670 2733 eadem
686 2695 772 2749 poma
788 2680 924 2734 comede·
981 2678 1086 2734 larum.
1103 2678 1235 2734 Alterum
1251 2679 1328 2734 enim
1344 2678 1482 2733 silvestre
1498 2682 1553 2749 est,
1571 2680 1685 2735 distans
1699 2682 1816 2755 magni·
1870 2716 1873 2720 Δ

85 2774 143 2827 rint
160 2770 278 2826 occidit.
295 2768 366 2834 Quae
383 2768 509 2823 etiamsi
527 2767 557 2820 in
570 2772 690 2838 putenm
706 2768 860 2836 ceciderit,
875 2768 923 2823 vis
981 2769 1091 2823 tudine.
1110 2768 1172 2822 Has
1187 2768 1282 2823 Gracci
1303 2767 1407 2821 ictidas
1430 2771 1545 2822 vocant.
1568 2768 1700 2825 Alterum
1716 2770 1746 2825 iu
1761 2772 1816 2828 do·

84 2859 193 2916 veneni
210 2876 249 2914 ex
266 2874 300 2913 eo
315 2860 451 2928 potantes
467 2856 614 2911 interficit.
634 2857 691 2910 lsta
707 2861 808 2911 contra
824 2857 924 2912 incen·
982 2856 1080 2911 mibue
1097 2856 1250 2911 aberrans.
1262 2854 1385 2921 Quidam
1396 2855 1556 2911 dicunteas
1567 2873 1638 2912 aure
1650 2859 1816 2931 concipere,

85 2951 133 3004 dia
148 2963 333 3020 repugnans,
350 2946 414 3001 sola
429 2945 598 3000 animalium
610 2945 696 3017 ignes
707 2946 862 3018 extinguit.
872 2946 924 2999 vi·
982 2949 1010 3000 et
1026 2961 1075 3000 ore
1090 2961 1205 3017 parere.
1218 2944 1241 2998 E
1254 2944 1400 2998 contrario
1412 2945 1513 2998 dicunt
1524 2946 1642 3016 quidam
1653 2963 1704 3002 cre
1715 2964 1818 3004 semen

85 3041 126 3094 rit
143 3038 270 3094 enimin
282 3036 390 3091 mediis
406 3034 531 3089 llammis
542 3034 606 3088 sine
623 3035 724 3089 dolore
740 3039 768 3089 et
783 3051 924 3089 consum·
943 3035 1154 3118 cooncipere,
1176 3038 1205 3088 et
1225 3049 1278 3104 per·
1298 3049 1400 3088 aurem
1422 3048 1536 3103 parere.
1559 3034 1703 3090 Dicuntur
1721 3041 1819 3093 autem

86 3130 198 3201 ptione,
212 3131 239 3181 et
255 3142 314 3180 non
329 3124 426 3180 solum
441 3139 500 3177 non
516 3122 622 3191 uritur,
637 3123 691 3177 sed
707 3124 793 3178 etiam
809 3124 924 3178 exstin—

86 3219 152 3291 guit
166 3215 346 3271 incendium.

162 3306 234 3359 Fran.
253 3303 345 3358 XVll.
361 3302 406 3357 lle
422 3301 547 3356 carrilrrrs
562 3306 591 3356 et
607 3317 706 3356 eornm
728 3302 854 3356 naturis

123 3396 239 3451 Canum
254 3396 324 3446 sunt
338 3392 422 3462 plura
438 3406 560 3462 genem.
582 3391 639 3443 Alii
660 3391 739 3444 enim
755 3391 791 3444 ad
808 3391 928 3461 capien—

89 3486 157 3540 dum
175 3484 257 3538 teras
273 3481 415 3535 silvarum
431 3479 620 3551 investigant,
637 3480 684 3533 alii
702 3479 856 3545 volucres,
877 3479 926 3532 alii

89 3575 125 3628 ab
135 3569 378 3627 intestationibus
387 3569 523 3638 luporum
533 3583 642 3639 greges
652 3568 750 3621 ovium
760 3584 826 3621 cum
836 3572 931 3638 pasto·

91 3664 174 3717 ribus
198 3659 383 3725 custodiunt,
409 3657 457 3711 alii
484 3657 623 3711 custodes
647 3657 765 3710 domum
788 3658 929 3711 substan—

92 3752 160 3805 tiam
176 3748 364 3803 domincrum
380 3761 502 3800 suorum
519 3746 668 3817 vigilando
689 3745 872 3815 custodiunt,
893 3762 930 3802 ne

92 3841 171 3894 lucto
188 3838 339 3908 rapientur
355 3836 384 3889 in
400 3838 495 3889 nocte.
510 3834 615 3888 Vivere
632 3851 748 3907 quoque
764 3851 824 3889 non
839 3851 930 3906 posse

92 3929 232 3983 dicuntur·
246 3927 312 3979 sine
329 3924 460 3991 bomine,
479 3927 656 3994 quapropter
671 3925 812 3977 intantum
828 3924 930 3979 scrun-

92 4022 139 4072 tur
154 4017 281 4087 diligere
298 4013 433 4068 dominos
450 4029 533 4080 suos,
545 4015 576 4065 ut
592 4028 693 4083 regern
708 4013 863 4082 quemdam
880 4030 930 4066 ca-

92 4111 172 4177 ptum
188 4106 227 4159 ab
249 4102 388 4171 inimicia,
412 4118 446 4155 ac
467 4102 497 4154 in
521 4102 653 4154 custodia
676 4101 838 4171 detentum,
863 4101 930 4174 ejus

94 4210 183 4249 canes
198 4193 318 4264 agmine
334 4190 410 4244 iacto
421 4205 474 4261 per·
484 4190 595 4242 medias
606 4190 686 4242 acies
699 4189 881 4245 inimicorum
893 4192 930 4245 ab

93 4284 200 4338 exsilio
222 4280 409 4347 reduxerint,
435 4279 594 4349 occisoque
614 4278 747 4346 bomine,
771 4279 840 4333 dum
863 4280 930 4351 ejus

93 4372 178 4426 amici
190 4371 221 4424 in
231 4385 320 4441 quem
333 4369 545 4439 impingeretur·
556 4368 611 4420 lroc
621 4366 737 4420 lacinus
747 4368 928 4439 ignorarent,

93 4461 123 4513 in
135 4457 342 4530 mediopopuli
355 4456 572 4511 interfectorem
585 4455 730 4526 ejusdcm,
743 4461 770 4510 et
781 4461 931 4513 auctorem

95 4550 196 4603 martis
208 4548 291 4602 canis
303 4546 450 4617 patefecit.
464 4545 578 4615 Lingua
596 4545 678 4597 canis
691 4545 759 4598 dum
770 4545 854 4618 lingit
864 4547 931 4601 vul-

95 4654 164 4703 uns,
181 4641 276 4692 curat.
294 4636 398 4690 Victus
421 4634 577 4688 admodum
601 4633 708 4687 dicitur
727 4649 796 4688 csse
812 4637 930 4709 modici

95 4726 215 4781 Catulus
238 4725 366 4798 denique
388 4724 498 4795 ligatus
522 4722 741 4776 vulneratorum
766 4724 841 4778 solet
863 4743 931 4780 esse

96 4817 176 4870 salus
191 4815 409 4869 intestinorum.
427 4813 537 4866 Natura
553 4811 620 4883 ejus
634 4816 688 4880 cst,
702 4816 732 4864 ut
743 4813 778 4865 ad
790 4815 931 4869 vomitum

97 4921 180 4959 suum
195 4907 370 4973 revertatur,
387 4903 551 4971 iterumque
567 4900 714 4969 comedat,
732 4917 857 4974 cumque
874 4905 930 4959 tirr-

98 4994 172 5048 vium
187 4991 386 5047 transvaderit
405 5004 523 5044 caruem
547 4991 575 5043 in
601 5005 651 5042 ore
675 4990 720 5044 vel
744 4991 853 5062 aliquid
873 4995 929 5049 talc

98 5081 208 5151 tenens,
225 5096 292 5136 cum
309 5080 414 5134 viderit
424 5078 573 5148 umbram,
590 5094 624 5132 os
635 5079 737 5148 aperit,
750 5083 847 5151 atquc,
861 5083 929 5137 dum

98 5176 191 5241 sperat
208 5171 295 5225 aliam
315 5185 416 5224 veram
438 5183 556 5222 carnem
580 5168 703 5235 babere,
728 5169 821 5238 ipsam
841 5187 929 5241 quam

98 5264 171 5314 rcner
190 5259 296 5332 perdit.
321 5257 415 5330 Cujus
439 5258 565 5327 liguram
589 5257 618 5311 in
641 5257 732 5310 rebus
751 5259 929 5329 quibusdam

97 5350 304 5419 predicatores
320 5347 439 5418 habent,
456 5346 506 5418 qui
517 5361 636 5417 semper
646 5346 830 5403 admonendo
841 5353 928 5421 atquc

98 5438 285 5512 exsequenda
297 5440 455 5510 querceta
466 5439 545 5507 sunt,
558 5435 682 5492 insidias
694 5436 802 5493 diaboli
813 5439 929 5512 propel-

96 5525 162 5602 lunt,
179 5543 217 5585 ue
231 5527 407 5584 thesaurum
423 5526 491 5596 Dei,
508 5525 538 5582 id
552 5529 599 5580 est
613 5524 849 5584 Christianorum
864 5529 929 5584 ani·

95 5635 154 5684 mes
168 5619 313 5699 rapiendo
328 5617 393 5697 ipsc
407 5617 530 5681 nutaret.
543 5616 659 5695 Lingua
671 5617 753 5686 ranis
764 5618 834 5678 duan
845 5617 931 5700 lingit

984 3123 1086 3194 peritae
1103 3138 1172 3176 esse
1188 3122 1353 3191 medicinae,
1370 3122 1407 3174 ita
1424 3126 1455 3175 ut
1469 3123 1495 3175 si
1513 3122 1587 3177 torte
1603 3124 1694 3178 occisi
1709 3124 1819 3180 tuerint

983 3227 1084 3265 earum
1107 3210 1199 3279 letus,
1224 3210 1250 3263 si
1273 3225 1325 3264 cos
1344 3210 1477 3264 invenire
1493 3211 1649 3281 potuerint,
1666 3212 1819 3270 redivivos

983 3301 1100 3355 iaciant.
1118 3300 1166 3354 Sic
1182 3299 1303 3353 nonnuli
1319 3299 1449 3354 tidelium
1466 3299 1592 3354 libenter
1605 3300 1723 3371 quidem
1738 3303 1820 3358 ecci·

983 3389 1065 3460 piunt
1080 3388 1172 3442 divini
1188 3388 1272 3442 verbi
1295 3404 1413 3456 semen,
1437 3388 1490 3441 sed
1505 3388 1710 3444 inobedientes
1724 3389 1821 3447 ellecti

983 3478 1220 3548 pretermittant,
1243 3481 1271 3531 et
1290 3475 1476 3531 dissimulant
1496 3493 1563 3547 quae
1585 3479 1748 3535 audierunt.
1772 3480 1823 3537 lsti

983 3566 1057 3621 tales
1074 3583 1134 3621 non
1152 3567 1250 3621 solum
1269 3566 1405 3620 mustelae
1426 3572 1643 3637 comparantur,
1665 3569 1820 3625 sedetiam

983 3656 1080 3726 aspidi
1095 3655 1194 3710 surdae
1211 3659 1238 3709 et
1261 3655 1408 3709 obturanti
1431 3671 1519 3709 aures
1541 3672 1628 3724 suas,
1651 3662 1754 3713 utnon
1769 3675 1820 3714 au·

984 3744 1820 3818 diatvocemincantantis.Physiologusdicitquodaspis

984 3835 1060 3888 banc
1075 3834 1163 3888 habet
1178 3836 1326 3901 naturam,
1351 3837 1382 3885 ut
1403 3833 1428 3884 si
1448 3833 1565 3901 quando
1584 3834 1697 3888 venerit
1712 3835 1820 3906 aliquis

986 3923 1073 3978 lramo
1089 3923 1125 3975 ad
1141 3922 1323 3992 speluncam,
1341 3920 1389 3974 ubi
1409 3920 1519 3974 habitat
1533 3922 1626 3991 aspie,
1643 3926 1671 3976 et
1686 3923 1819 3980 incente·

985 4014 1009 4066 ri
1025 4029 1089 4067 enm
1109 4011 1247 4066 omnibus
1270 4010 1451 4063 carminibus
1474 4015 1505 4064 ut
1526 4015 1610 4064 excat
1630 4012 1665 4065 dc
1681 4015 1841 4070 cavernie'

985 4103 1060 4170 suiS,
1077 4100 1126 4154 illa
1141 4116 1177 4154 ne
1193 4100 1290 4153 audiat
1305 4115 1408 4153 vocem
1423 4098 1613 4168 incantantis,
1637 4102 1717 4171 ponit
1732 4107 1819 4173 capnt

986 4207 1073 4245 suurn
1087 4190 1123 4243 ad
1140 4192 1257 4257 terram,
1274 4191 1302 4242 et
1318 4203 1404 4241 unam
1419 4203 1520 4243 aurem
1535 4189 1640 4259 premit
1654 4190 1684 4243 in
1698 4194 1818 4263 terram,

986 4269 1191 4333 alteramvcro
1208 4278 1300 4331 canda
1319 4293 1373 4331 sua
1395 4277 1519 4332 obturat.
1543 4278 1630 4332 Tales
1650 4283 1719 4333 suat
1733 4281 1820 4337 istius

944 4371 971 4432 D
988 4368 1086 4422 mundi
1105 4366 1239 4421 homines
1250 4365 1367 4436 divites,
1384 4365 1433 4436 qui
1445 4382 1531 4420 unam
1542 4384 1643 4421 aurem
1654 4369 1821 4439 deprimunt

989 4458 1019 4511 in
1034 4455 1160 4511 terrenis
1181 4455 1245 4510 suis
1260 4456 1429 4524 desideriis,
1446 4457 1495 4509 alii
1516 4471 1587 4510 vero
1603 4458 1819 4526 posterioribus

986 4547 1115 4617 peccatis
1131 4546 1195 4599 suis
1211 4549 1329 4615 peccata
1345 4561 1420 4599 nova
1432 4546 1711 4615 semperaddentes,
1724 4547 1820 4602 abdu-

986 4640 1050 4690 rant
1061 4636 1160 4703 corda,
1168 4639 1195 4688 ct
1206 4635 1281 4688 italrt
1290 4639 1320 4688 ut
1329 4635 1511 4688 nonaudiant
1520 4649 1622 4687 vocem
1631 4635 1817 4708 incantantis,

986 4725 1014 4779 id
1029 4729 1084 4794 est,
1099 4724 1288 4794 praedicantis
1305 4723 1428 4777 verbum
1441 4722 1502 4775 lici.
1521 4722 1672 4778 isidorus:
1701 4745 1712 4772 r
1731 4723 1818 4782 Falso

985 4815 1142 4884 opinantur
1157 4812 1206 4883 qui
1223 4812 1322 4865 dicunt
1338 4811 1493 4864 mustelam
1505 4827 1555 4865 orc
1567 4812 1734 4884 concipere,
1747 4807 1818 4871 aure

984 4903 1135 4958 ellnndere
1151 4903 1275 4971 partum.
1293 4922 1304 4946 r

1120 4992 1190 5044 Car.
1208 4989 1289 5044 xlx.
1306 4989 1350 5042 lle
1365 4988 1514 5060 lapidibus
1530 4990 1682 5062 iprrileris.

1019 5079 1092 5133 Sunt
1106 5078 1219 5149 lapides
1235 5078 1352 5148 igniferi
1369 5078 1399 5130 in
1414 5079 1540 5148 quodam
1560 5084 1658 5135 monte
1673 5080 1817 5154 Orientis,

983 5183 1059 5240 quos
1075 5167 1170 5223 Graeci
1189 5170 1296 5220 vocant
1316 5166 1502 5234 cunabulae,
1529 5168 1557 5220 id
1578 5173 1624 5223 cst
1638 5171 1815 5243 manipulos.

983 5258 1183 5327 Dicunturque
1199 5254 1350 5309 masculus
1369 5259 1397 5308 ct
1418 5255 1537 5311 femina.
1562 5257 1592 5311 ln
1615 5259 1680 5314 istis
1699 5262 1817 5332 quanda

983 5347 1019 5402 ab
1035 5346 1161 5401 invicem
1177 5344 1351 5415 separamur·
1369 5344 1449 5416 iguis
1470 5360 1529 5400 aon
1549 5349 1729 5406 accenditur.
1744 5351 1819 5407 Cum

983 5438 1081 5491 antem
1103 5434 1267 5489 adinvicem
1292 5449 1365 5488 casu
1385 5433 1483 5508 aliquo
1498 5437 1815 5512 appropinquaverint,

985 5525 1083 5582 statim
1098 5525 1128 5580 in
1147 5525 1191 5579 eis
1213 5527 1311 5579 tantus
1335 5523 1415 5597 ignis
1439 5526 1619 5596 accenditur,
1644 5527 1683 5581 ita
1704 5529 1737 5582 ut
1754 5542 1817 5585 om·

985 5615 1034 5677 nis
1055 5614 1175 5679 ardeant
1197 5627 1264 5689 quae
1289 5613 1368 5671 circe
1390 5613 1459 5673 illos
1480 5618 1559 5676 snat.
1584 5614 1668 5674 Unde
1692 5618 1724 5673 ct
1743 5632 1825 5691 voc,
