3796 6022
519 249 739 367 arraunrx
761 301 819 365 ao
843 299 1036 366 uceours
1060 299 1204 365 ornan
1227 301 1490 368 oocnnrroa.

128 297 187 366 287
1802 307 1861 374 288

127 504 243 561 firmum
272 524 342 563 vero
371 509 398 563 ei
419 507 543 561 maxime
573 523 680 577 corpus
712 508 758 560 εει
788 505 858 560 illud
882 484 1200 577 quodAginmionom
1217 507 1294 561 fneil.
1312 509 1384 574 Quae
1401 509 1520 580 quidem
1533 509 1703 582 imaginatio
1719 511 1749 565 in
1763 510 1859 566 brutis

85 604 87 609 ’
127 612 181 667 per
196 614 229 652 se
245 600 362 652 omniuo
379 599 490 652 moveri
506 614 564 652 uon
580 600 686 668 potest.
700 597 769 651 I’ost
787 597 843 651 hoe
858 596 960 666 proxi·
1020 595 1197 650 animalibus
1226 598 1439 667 phantasticam
1473 599 1576 653 cellam
1607 616 1666 654 non
1701 604 1856 655 transcen-

126 701 206 741 mum
222 691 250 742 et
271 689 368 742 minus
389 705 496 758 corpus
517 692 563 742 est
584 688 654 742 illud
674 687 752 758 quod
774 703 826 756 per
848 702 881 740 se
897 686 961 756 qui·
1019 683 1075 752 dit3
1099 685 1129 739 in
1157 687 1349 740 rationalibus
1377 692 1474 742 autem
1504 705 1598 760 usque
1624 689 1660 744 ad
1683 691 1856 745 rationalem

127 773 193 829 dem
209 778 320 831 moveri
341 781 446 848 potest,
466 783 494 832 et
519 782 614 831 tamen
639 781 721 832 extra
745 793 778 831 se
798 776 834 828 ad
853 778 960 829 statum
1019 775 1277 844 progreditur-,ubi
1291 777 1383 845 ipsam
1396 777 1860 848 incorporeamanimaesubstan·

127 864 260 920 cohiberi
286 871 391 936 potest.
424 869 534 922 Deinde
564 868 697 939 sequitur
724 867 795 921 illud
824 867 902 937 quod
932 867 961 920 in
1019 861 1088 916 tiam
1100 866 1253 936 contingit,
1266 870 1293 920 el
1305 867 1411 921 excitat
1427 868 1645 924 discretionem.
1660 870 1740 943 Ergo
1752 871 1858 944 imagi-

127 956 229 1009 natura
245 958 379 1026 corporis
392 957 453 1028 jam
469 958 591 1027 spiritus
608 973 713 1011 neuien
731 957 867 1022 sortitur,
883 956 961 1026 quod
1019 954 1098 1006 natio
1110 952 1181 1007 nihil
1201 955 1280 1009 aliud
1298 959 1343 1009 est
1359 972 1446 1026 quam
1462 958 1622 1014 similitudo
1642 961 1787 1030 emporia,
1805 977 1859 1034 per

125 1057 226 1114 perse
242 1048 355 1101 moveri
370 1051 466 1117 potest
481 1050 509 1101 et
524 1050 606 1119 extra
621 1063 654 1100 se
669 1047 804 1117 quamvis
823 1046 858 1099 nd
884 1061 962 1116 prae·
1020 1057 1129 1097 sensus
1156 1044 1274 1115 quidem
1300 1061 1460 1116 corporeos
1485 1064 1522 1100 ru
1546 1063 1702 1118 corporum
1721 1053 1856 1105 contactu

126 1135 261 1204 sentiam,
277 1136 314 1191 ad
329 1138 437 1189 statum
452 1139 549 1190 tamen
568 1137 662 1191 teneri
680 1152 737 1190 non
756 1138 863 1206 potest,
884 1133 962 1205 quod
1020 1134 1161 1202 concepta
1176 1135 1376 1204 extrinsecus,
1388 1138 1475 1208 atque
1486 1137 1672 1206 pareosdem
1683 1154 1794 1194 seusus
1812 1141 1857 1193 in-

126 1239 184 1279 non
213 1224 328 1279 videtur
357 1228 384 1278 rt
413 1241 532 1295 semper
561 1229 704 1279 movetur.
735 1225 887 1279 Summum
918 1226 963 1276 εει
1020 1222 1149 1274 trersuur
1165 1222 1201 1275 ad
1216 1225 1328 1292 partem
1344 1224 1493 1294 puriorem
1516 1227 1649 1296 corporei
1670 1227 1793 1298 spiritus
1810 1245 1857 1283 re-

125 1326 234 1384 corpus
256 1318 284 1368 et
308 1314 450 1383 spirituali
475 1319 587 1369 naturae
608 1315 782 1384 proximum,
810 1313 888 1383 quod
911 1328 963 1382 ρει·
1021 1309 1126 1381 dueta,
1144 1312 1230 1382 eiquo
1247 1312 1402 1382 impressa.
1421 1314 1491 1368 Haec
1507 1318 1603 1369 aulem
1619 1316 1648 1369 iu
1664 1317 1856 1372 rationalibus

125 1416 158 1456 se
174 1418 292 1473 semper
315 1406 423 1458 moveri
443 1406 538 1470 habet,
565 1409 646 1459 extra
663 1421 813 1474 nunquam
830 1393 962 1456 cohiberi
1020 1400 1122 1469 purior
1133 1400 1172 1463 sit,
1190 1401 1239 1454 ubi
1255 1402 1292 1456 ad
1307 1400 1476 1458 rationalem
1493 1408 1521 1457 ot
1536 1405 1740 1476 incorpoream
1752 1408 1856 1461 anima,¹

123 1489 227 1559 habet,
242 1492 320 1562 quod
337 1493 465 1564 quidem,
486 1495 672 1566 inquantum
688 1510 809 1548 sensum
829 1480 974 1563 praseae
1020 1489 1215 1543 substantiam
1241 1492 1468 1563 contingendam
1493 1493 1659 1562 delecatur3
1684 1499 1781 1549 tamen
1798 1497 1856 1550 illic

122 1579 251 1635 imitatur
275 1583 446 1637 rationalem
470 1584 573 1652 vitam,
600 1584 630 1638 iu
654 1587 794 1654 quantum
817 1583 961 1653 imagina—
1020 1581 1528 1648 quoqueextrasuhslantiarnillius
1544 1600 1676 1652 manens,
1693 1587 1856 1658 quiasimi·

123 1668 243 1738 tionem,
271 1670 375 1725 serrant
401 1672 518 1726 vitalem
549 1674 732 1743 sapientiam.
763 1671 843 1726 Nihil
865 1675 961 1725 autem
1021 1658 1856 1744 litudoeorporisestetfundaturineorpore.llatioua·

124 1756 155 1813 in
170 1774 294 1829 corpore
309 1761 406 1829 ailina,
417 1762 462 1816 vel
475 1762 618 1832 spirituali
631 1767 741 1816 naturae
752 1763 881 1815 vicinius
891 1776 960 1815 esse
1019 1755 1055 1810 lis
1072 1761 1169 1811 autem
1185 1759 1349 1812 substantia
1367 1776 1509 1831 corporea
1530 1762 1581 1816 lux
1605 1767 1667 1832 est;
1686 1763 1855 1835 imaginatio

124 1849 222 1918 potest
241 1865 328 1920 qnam
348 1852 376 1904 id
394 1851 444 1905 nbi
461 1856 528 1922 post
548 1867 670 1906 sensum
687 1855 715 1906 et
733 1867 823 1923 supra
837 1867 960 1906 sensum
1020 1861 1100 1913 vero,
1128 1847 1298 1918 inquantum
1321 1851 1454 1919 corporis
1480 1851 1576 1923 imago
1599 1856 1653 1920 est,
1679 1853 1782 1907 umbra
1799 1857 1854 1908 est.

122 1936 171 1991 vis
195 1938 375 2011 imaginandi
397 1942 570 2011 concipitur.
594 1941 677 2007 Quod
699 1942 828 2014 quidem,
845 1942 873 1994 in
895 1945 961 1995 tan·
1021 1935 1058 1990 Et
1073 1936 1183 1990 idcirco
1198 1942 1353 2007 postquam
1370 1940 1538 2011 imaginatio
1550 1957 1645 2012 usque
1661 1942 1697 1996 ad
1715 1942 1857 1997 rationem

124 2028 185 2082 tum
200 2028 326 2083 sublime
342 2034 397 2098 est,
413 2034 444 2086 ut
459 2031 601 2103 quidquid
618 2049 707 2102 supra
723 2032 794 2085 illud
810 2034 866 2098 est,
884 2030 961 2084 uliud
1022 2026 1165 2094 aseendit,
1178 2027 1263 2096 quasi
1280 2028 1381 2082 umbra
1399 2029 1427 2081 in
1439 2029 1675 2096 loeemveniens,
1688 2034 1716 2086 el
1730 2032 1789 2085 luci
1805 2050 1858 2087 su-

118 2131 184 2173 non
207 2118 246 2172 sit
269 2135 356 2189 quam
380 2121 464 2175 ratio.
489 2121 556 2191 lpsa
582 2122 680 2192 ulique
703 2122 750 2175 ris
775 2122 871 2192 ignea,
896 2135 962 2190 quaa
1022 2115 1210 2185 perveniens,
1228 2116 1400 2186 inquantum
1415 2119 1451 2171 ad
1467 2121 1627 2188 earnreuit,
1641 2120 1856 2189 manifestatur,

124 2207 313 2262 extrinsecus
338 2209 461 2264 formata
480 2227 590 2265 sensus
613 2211 728 2278 dicitur,
752 2211 854 2265 eadem
869 2209 963 2264 sorana
1023 2206 1051 2258 et
1067 2205 1334 2272 circuibam-ibitur3
1360 2207 1531 2277 inquantum
1547 2209 1785 2280 illisuperrenit,
1804 2210 1857 2265 ob-
1890 2261 1891 2264 ,

123 2308 219 2367 usque
248 2296 284 2352 ad
311 2299 444 2354 intimum
474 2301 606 2355 traducto
635 2300 805 2372 imaginatio
830 2302 962 2361 vocatur,
1024 2293 1136 2346 nubilat
1151 2309 1225 2363 eam,
1243 2299 1269 2348 et*
1290 2295 1454 2365 obumbrat,
1477 2300 1505 2350 ει
1525 2298 1656 2367 involvit,
1674 2299 1856 2372 etecntegii.

123 2383 229 2441 Forma
244 2403 370 2458 namque
393 2391 435 2445 rei
466 2391 620 2444 sensibilis
644 2407 698 2460 per
720 2390 820 2443 radios
836 2387 963 2441 visionis
1024 2381 1059 2436 Et
1074 2382 1219 2453 siquidem
1231 2386 1303 2438 ratio
1321 2385 1383 2454 ipsa
1400 2386 1464 2439 sola
1475 2387 1719 2457 contemplatione
1731 2404 1795 2441 eam
1806 2405 1858 2442 su-

124 2472 198 2529 foria
214 2482 366 2548 concepta,
384 2482 522 2548 operante
547 2483 661 2548 natura,
687 2478 723 2532 ad
743 2478 846 2532 oeulos
867 2491 962 2545 usque
1022 2472 1150 2540 seeperit
1165 2473 1250 2542 quasi
1268 2474 1484 2544 vestimentum,
1508 2475 1535 2528 ei
1549 2480 1594 2530 est
1609 2477 1673 2546 ipsa
1690 2477 1858 2549 imaginatio

123 2564 291 2634 retrahitur,
313 2571 399 2639 atque
424 2568 460 2621 ab
482 2569 594 2623 eisdem
614 2571 752 2638 suscepta
773 2567 850 2621 visio
867 2565 962 2619 nomi·
1022 2563 1104 2614 extra
1120 2576 1194 2629 eam,
1212 2565 1239 2615 et
1255 2563 1333 2616 cirea
1349 2579 1413 2618 eam
1429 2581 1488 2635 quo
1505 2565 1589 2621 facile
1610 2567 1678 2620 exiii
1694 2568 1722 2620 et
1738 2565 1858 2636 spoliari

122 2656 218 2710 natur.
249 2655 360 2711 Deinde
389 2674 442 2728 per
470 2662 583 2728 septem
613 2659 765 2712 oculorum
793 2656 909 2710 tunicas
935 2658 963 2708 et
1021 2650 1127 2719 possit.
1154 2649 1183 2704 Si
1208 2668 1279 2705 vero
1296 2653 1381 2706 etiam
1406 2653 1598 2710 delectatione
1620 2655 1659 2710 illi
1687 2655 1856 2724 adheserit,

122 2743 184 2798 tres
214 2744 355 2801 humores
384 2749 544 2817 transiens,
571 2748 734 2802 novissime
758 2744 911 2817 purificata
935 2750 964 2798 et
1022 2739 1106 2808 quasi
1123 2739 1210 2809 pellis
1226 2741 1252 2794 ei
1269 2743 1299 2794 tit
1316 2742 1379 2811 ipsa
1398 2743 1578 2816 imaginat-io,
1602 2745 1640 2799 ita
1661 2748 1691 2801 ut
1714 2761 1774 2800 non
1793 2746 1857 2800 sine

123 2831 228 2888 collata
253 2834 413 2891 introrsum
435 2837 470 2891 ad
494 2838 650 2892 cerebrum
674 2851 769 2906 nsque
790 2833 961 2898 traducitur,
1021 2827 1122 2882 dolore
1138 2831 1320 2900 exuipossit,
1334 2832 1567 2888 cuicumamore
1579 2833 1707 2890 inhaesit.
1726 2835 1858 2890 llinoest

122 2923 151 2974 et
175 2922 344 2995 imaginatio
369 2927 506 2981 ellleitur.
531 2927 638 2982 Postea
663 2926 764 2980 eadem
793 2921 962 2994 imaginatio
1021 2918 1098 2988 quod
1114 2918 1220 2972 aniano
1237 2920 1412 2990 corporibus
1422 2926 1528 2992 exutae,
1547 2924 1751 2992 corporalibus
1762 2924 1857 2979 adhuc

121 3009 159 3064 ab
184 3015 329 3069 anteriore
353 3021 435 3087 parte
461 3018 565 3087 capitis
589 3017 625 3069 ml
652 3017 777 3071 mediam
801 3015 960 3068 bunsiens,
1020 3006 1214 3077 passionibus
1230 3010 1322 3063 teneri
1339 3014 1475 3080 possunt,-
1492 3013 1559 3083 quia
1575 3013 1737 3068 videliecta
1754 3031 1857 3069 corru-

122 3098 216 3171 ipsum
238 3105 343 3160 animae
368 3107 520 3161 rationalis
546 3106 742 3160 substantiam
760 3103 917 3175 contingit,
934 3105 962 3156 ct
982 3100 1121 3178 optione
1137 3101 1334 3169 corporalium
1353 3099 1541 3156 affectionum
1562 3104 1693 3158 noudum
1712 3106 1857 3160 mundatae

122 3195 230 3249 excitat
251 3191 472 3265 discretionem,
499 3197 529 3250 in
552 3199 661 3250 tantum
677 3195 738 3266 jam
759 3194 912 3266 purificata
933 3202 961 3252 ει
1021 3193 1100 3243 sunl·
1111 3190 1335 3262 Habeinfflttsltte
1348 3196 1375 3246 et
1389 3192 1453 3263 ipse
1466 3193 1588 3263 spiritus
1600 3197 1791 3265 quamdamin
1804 3212 1857 3249 sua

122 3283 241 3340 subtilis
260 3283 374 3350 effecta,
392 3288 422 3340 ut
440 3285 497 3355 ipsi
518 3286 635 3356 spiritui
650 3285 815 3339 immediate
832 3286 959 3357 eonjun-
1020 3283 1123 3334 natura
1131 3280 1627 3354 mutabilitatem,secundnmquam
1637 3286 1753 3355 corpori
1764 3286 1858 3340 vivill-

122 3376 224 3444 gatur3
249 3374 394 3428 veraciter
408 3378 505 3429 tamen
522 3378 654 3428 naturam
674 3376 809 3445 eorporis
827 3377 958 3431 retinens

122 3463 151 3515 ει
178 3461 395 3532 proprietatem,
420 3466 451 3518 ut
475 3465 591 3518 constet
614 3463 692 3533 quod
721 3464 863 3534 scriptum
892 3469 956 3519 cst:

124 3547 206 3614 Quod
234 3557 332 3604 nalinn
361 3557 407 3604 est
432 3567 471 3605 er
497 3568 588 3606 carne
615 3569 686 3607 earo
711 3560 757 3606 εει
784 3553 879 3624 (dean.
903 3554 956 3622 ιιι).

120 3636 203 3694 8ἰειιι
227 3640 305 3694 enim
330 3640 365 3695 de
394 3641 499 3710 spiritu
525 3656 634 3711 corpus
662 3657 720 3695 non
745 3643 886 3711 nascitur,
913 3644 958 3698 sic

120 3728 207 3784 ctiam
221 3729 257 3784 de
273 3745 397 3800 corpore
415 3730 538 3800 spiritus
552 3746 611 3784 non
623 3736 803 3800 procreatur.
816 3731 956 3796 Quamvis

119 3817 198 3872 enim
222 3833 331 3890 eorpus
361 3834 457 3889 usque
485 3818 521 3873 ad
551 3820 686 3889 spiritum
714 3820 900 3889 sublimetur,
930 3825 958 3877 et

118 3906 241 3977 spiritus
265 3924 360 3979 usque
384 3909 420 3961 ad
450 3924 559 3978 corpus
590 3909 768 3976 humilietur,
795 3927 848 3965 nec
871 3911 957 3981 spiri-

117 3996 165 4050 tus
194 3999 291 4051 tamen
316 3997 345 4051 in
373 4014 500 4067 corpus,
537 4014 590 4053 uec
619 4015 728 4069 eorpus
759 3999 787 4053 in
819 4000 956 4069 spiritum

117 4086 339 4141 transmutatur.
347 4085 405 4141 Sed
415 4087 490 4158 quod
501 4093 598 4141 nalum
611 4093 656 4141 est
669 4104 707 4141 ει
717 4104 807 4143 isarno
819 4105 888 4144 caro
900 4093 956 4158 est,

118 4174 958 4247 etquodnatumeslexspirituspiritusesl.(lbid.)Tamen

117 4263 956 4336 quodsummumeslincorpore,propinquumostspiritui,

116 4355 146 4408 ει
160 4353 190 4409 in
205 4353 271 4424 ipso
286 4355 333 4407 vis
343 4355 522 4426 imaginandi
536 4355 684 4422 tundatur,
702 4372 793 4425 supra
809 4371 897 4426 quam
913 4364 959 4414 est

1019 3369 1342 3441 eandoappropinquat,
1352 3372 1502 3442 inquailla
1512 3373 1675 3443 spiritualis
1685 3375 1858 3445 elincorpo·

1017 3473 1067 3512 rea
1075 3458 1378 3514 substantianounihil
1388 3463 1595 3532 suaepuriiutis
1603 3463 1762 3533 deponit,et
1770 3465 1856 3536 quasi

1017 3547 1173 3617 quamdam
1189 3549 1336 3618 grossiori
1349 3551 1525 3620 proprietate
1542 3553 1658 3623 corpori
1675 3554 1856 3608 assumendo

1017 3635 1155 3690 occurrit.
1172 3635 1243 3700 Qum
1253 3638 1371 3708 quidam
1382 3641 1537 3710 coaptatio,
1550 3641 1575 3694 si
1586 3641 1749 3696 seeundum
1761 3643 1854 3697 solam

1016 3728 1150 3779 naturam
1175 3726 1215 3794 bt,
1239 3729 1427 3782 mutationem
1449 3728 1546 3798 habet,
1564 3732 1781 3801 corruptionem
1798 3748 1856 3786 non

1017 3812 1114 3868 habel.
1132 3813 1183 3868 Sin
1199 3818 1295 3869 aulem
1309 3817 1416 3871 vitiosa
1432 3822 1487 3886 est,
1509 3819 1539 3872 in
1555 3818 1610 3874 hoc
1626 3820 1691 3890 ipso
1706 3821 1855 3891 puriorem

1017 3905 1150 3956 naturam
1161 3907 1330 3975 corrumpit,
1348 3907 1426 3976 quod
1443 3923 1506 3960 eam
1522 3909 1557 3962 ad
1569 3910 1750 3963 consortium
1767 3909 1854 3982 igno-

1016 3991 1132 4046 bilioris
1152 3994 1294 4049 terminos
1312 3999 1424 4049 naturae
1436 3996 1562 4050 transire
1573 3998 1730 4066 compellit.
1748 3997 1784 4052 Et
1798 3998 1855 4053 hoc

1016 4080 1120 4135 vitium
1134 4086 1243 4152 quanto
1260 4084 1347 4138 allius
1363 4085 1510 4139 enimenin
1527 4101 1650 4156 corpore
1666 4087 1794 4142 manenti
1808 4088 1855 4141 in-

1017 4169 1148 4237 haeserit,
1166 4174 1244 4226 tanto
1256 4172 1407 4227 difficilius
1423 4190 1439 4228 a
1458 4190 1582 4245 corpore
1594 4175 1795 4231 discedentem
1806 4176 1856 4232 de·

1017 4259 1089 4313 serit
1103 4275 1109 4313 :
1122 4264 1215 4333 elnon
1225 4261 1335 4315 tollitur
1346 4265 1457 4333 passio,
1471 4265 1557 4318 etiam
1568 4281 1633 4318 eum
1645 4265 1756 4319 tollitur
1765 4282 1855 4320 eausa

1017 4348 1178 4416 passionis.
1197 4349 1264 4419 lpsa
1279 4352 1387 4422 quippe
1405 4353 1511 4418 anima,
1539 4354 1709 4423 inquantum
1726 4354 1856 4408 delecta-

116 4428 201 4498 r'aiio.
231 4441 314 4508 Quod
343 4444 421 4498 enirn
450 4444 620 4515 imaginatio
649 4448 731 4499 extra
762 4428 1856 4513 substantiamDlionecorllol'istlffidlitlrquasique:ldelmcorptlleniitlm

116 4532 224 4588 anime
247 4533 399 4586 rationalis
415 4533 463 4601 sit,
489 4535 696 4603 argumentum
712 4536 759 4587 est
778 4535 856 4604 quod
873 4533 958 4588 bruta

116 4617 252 4676 animalia
276 4622 336 4676 vim
359 4621 539 4692 imaginandi
563 4621 672 4676 habere
695 4620 866 4691 probantur,
891 4638 957 4692 qum

115 4710 259 4766 rationem
275 4711 393 4765 omnino
410 4726 469 4764 non
485 4710 603 4764 habeut.

151 4798 206 4854 Est
216 4800 312 4870 itaque
324 4799 494 4869 imaginatio
503 4799 665 4854 similitudo
673 4815 792 4864 seusus,
803 4801 832 4853 in
840 4816 956 4855 summo
990 4863 991 4868 ἵ

119 4886 283 4959 corporalis
308 4888 442 4957 spiritus,
465 4890 493 4942 et
513 4887 543 4942 ia
568 4889 626 4943 imo
649 4888 801 4944 rationalis
817 4905 958 4959 corporu-

118 4975 177 5031 lem
197 4975 362 5030 informans
387 4978 416 5030 ει
438 4976 610 5031 rationalem
630 4979 818 5050 contingens.
843 4981 958 5032 Sensus

118 5079 245 5134 namque
269 5064 333 5118 sive
356 5080 409 5133 por
432 5064 539 5133 risum,
566 5066 630 5120 sive
654 5082 706 5136 ρει·
735 5067 875 5136 auditum,
894 5068 958 5122 sive

118 5168 173 5224 per
199 5151 356 5221 olfactum,
384 5152 449 5207 sive
477 5169 530 5223 per
561 5159 700 5226 gustum,
726 5157 790 5210 sive
814 5172 867 5226 per
896 5160 958 5210 tac-

117 5245 199 5311 tum,
236 5241 424 5296 extrinsecus
453 5257 562 5311 corpus
598 5243 775 5315 contingens
804 5244 956 5315 formatur,

118 5332 275 5404 ipsamque
298 5329 423 5386 formam
451 5346 489 5384 ex
518 5332 652 5401 eorporis
682 5335 815 5386 cantaetu
849 5348 957 5389 eonce-

117 5423 197 5493 ptam
220 5420 402 5476 intrinsecus
430 5418 577 5473 reducens
607 5436 658 5490 per
688 5424 801 5476 meatus
829 5423 957 5494 singulis

119 5509 262 5566 sensibus
287 5507 456 5563 emittendis
478 5511 506 5563 et
529 5508 707 5563 revocandis
723 5509 882 5566 introrsum
911 5512 957 5565 di-

118 5599 252 5670 spositos
276 5597 312 5652 ad
335 5597 439 5652 cellam
455 5596 671 5668 phantasticam
695 5597 817 5670 colligit,
834 5615 957 5671 eamque

116 5677 159 5766 illi
173 5687 249 5758 parti
263 5686 377 5758 puriori
391 5686 527 5758 corporei
541 5688 666 5761 spiritus
685 5686 859 5762 imprimens
881 5688 956 5744 ima-

1018 4527 1150 4594 trahenS,
1175 4529 1205 4583 in
1225 4530 1326 4584 eadem
1348 4531 1482 4599 phantaui
1498 4549 1512 4580 s
1532 4531 1773 4603 iruaginationum
1789 4548 1857 4586 cor-

1018 4617 1163 4686 poralium
1172 4617 1606 4688 deformatur,eisdemquoalte
1620 4620 1757 4690 impressi
1770 4621 1857 4675 etiam

1017 4705 1113 4759 soluta
1130 4723 1254 4777 corpore
1265 4724 1323 4760 non
1341 4708 1467 4762 exuitur.
1480 4709 1551 4772 Quae
1566 4724 1637 4763 roro
1648 4709 1678 4761 in
1687 4709 1742 4773 hac
1753 4708 1812 4762 vita
1824 4724 1857 4762 se

1016 4793 1053 4847 ab
1070 4794 1215 4866 ejusmodi
1240 4795 1406 4850 saeoiilontia
1426 4797 1568 4850 mundare
1591 4797 1769 4865 studuerint,
1789 4796 1858 4850 hinc

1015 4887 1158 4939 exeuntes
1183 4887 1250 4956 quia
1275 4886 1346 4938 nihil
1364 4901 1539 4956 corporeum
1563 4901 1666 4940 secum
1683 4885 1812 4954 trahunt,
1841 4901 1857 4938 a

1015 4973 1160 5042 corporali
1178 4973 1317 5044 passione
1335 4975 1480 5028 immunes
1496 4974 1662 5044 persistunt
1696 4974 1744 5029 Sic
1760 4975 1859 5045 itaque

1015 5069 1051 5123 ab
1075 5062 1184 5120 infimis
1208 5065 1236 5118 et
1261 5063 1402 5117 extremis
1426 5063 1602 5133 corporibus
1625 5079 1746 5117 sursum
1762 5079 1859 5135 usque

1016 5156 1152 5227 spiritum
1169 5155 1390 5223 incorporeum,
1409 5152 1544 5223 quaedam
1558 5151 1734 5224 progressio
1750 5155 1796 5207 est
1807 5169 1860 5223 per

1016 5260 1139 5300 sensum
1150 5248 1178 5297 et
1190 5242 1445 5314 imaginationem
1463 5257 1529 5312 quae
1545 5242 1603 5295 duo
1619 5241 1649 5293 in
1665 5240 1773 5311 spiritu
1791 5258 1860 5296 cor-

1014 5349 1106 5405 poreo
1123 5335 1202 5387 sunt.
1221 5332 1327 5385 Postea
1353 5331 1382 5385 in
1407 5331 1512 5400 spiritu
1532 5330 1707 5400 incorporeo
1724 5330 1860 5399 proxima

1017 5426 1086 5494 post
1100 5437 1209 5493 corpus
1226 5424 1271 5474 εει
1290 5418 1406 5473 affectio
1423 5418 1611 5490 imaginaria,
1633 5434 1689 5489 qua
1710 5419 1807 5472 anima
1822 5435 1861 5474 cx

1017 5510 1152 5582 eorporis
1167 5509 1375 5581 conjunctione
1386 5508 1524 5575 allicitur,
1542 5523 1631 5578 supra
1647 5522 1735 5578 quam
1750 5510 1796 5562 ast
1809 5524 1861 5562 ra-

1013 5599 1058 5654 tio
1067 5600 1097 5654 in
1109 5599 1346 5672 imaginationem
1357 5612 1462 5669 agens.
1475 5594 1588 5651 Deinde
1599 5595 1672 5648 ratio
1686 5611 1759 5666 pura
1770 5612 1862 5668 supra

1014 5688 1265 5761 imaginationem,
1277 5687 1373 5758 inqua
1382 5685 1495 5742 ratione
1506 5700 1685 5758 supremum
1695 5686 1743 5741 est
1754 5686 1861 5747 anima
