3796 6022
572 276 1012 351 saauouascauauu
1595 262 1674 364 aee

64 482 72 538 i
96 481 237 540 inventio.
269 483 302 539 lu
326 483 519 540 sensualitate
540 484 626 539 visus
646 485 764 540 caeteris
780 463 808 527 Α
823 483 901 557 gotio
918 488 1193 558 commemorantur,
1205 487 1235 544 in
1250 489 1483 564 quibusjaoebat
1498 494 1655 555 multitudo

64 590 70 627 r
85 574 302 643 praecellentior
317 577 362 629 est
377 577 405 629 et
420 573 581 643 eltloacior,
598 573 652 629 sed
668 573 757 646 longe
821 589 927 646 magna
942 572 1144 647 lanquentium
1154 577 1251 649 (donn.
1269 579 1530 655 v).Unusquisque
1544 585 1654 642 etenim

64 661 220 718 discretiva
229 667 257 719 et
267 661 492 734 contemplativa
505 663 613 718 virtute
629 662 763 718 rationis.
821 678 932 717 sensus
948 666 989 720 tot
999 668 1099 719 seruat
1110 666 1297 738 languentes,
1310 672 1382 742 quot
1392 672 1572 742 appetituum
1582 676 1655 746 pati·

64 751 101 806 lis
116 768 242 822 namque
253 752 340 820 visio,
354 751 421 823 quia
433 755 560 824 angusta
571 754 626 822 est,
639 753 766 806 maxima
819 754 867 806 tur
883 753 1097 824 corruptiones.
1113 754 1171 810 Sed
1187 758 1303 828 quoties
1318 758 1446 829 Spiritus
1462 765 1584 817 sanctus
1600 763 1653 819 de-

64 840 239 911 iprehcndit,
258 843 287 896 et
307 840 376 912 quia
392 841 484 896 hebes
501 844 556 911 est,
572 841 691 896 minima
706 857 766 897 nou
821 840 936 895 scendit
950 842 980 897 in
1003 858 1069 911 nos,
1095 847 1123 898 ot
1139 844 1167 898 ia
1193 846 1279 901 nobis
1306 848 1414 903 excitat
1429 850 1555 922 gratiam
1570 867 1653 909 com-

64 931 94 998 t3
109 931 138 984 et
152 930 221 1001 quia
241 929 326 1002 pigro
344 932 399 998 cst,
421 946 480 984 non
505 930 622 1002 attingit
635 934 764 999 remotn;
822 930 1002 1001 punctionis,
1019 931 1106 986 toties
1124 937 1246 991 sanatur
1262 939 1364 994 noster
1378 952 1511 993 sensusa
1528 955 1657 1011 quacum

64 1018 211 1089 terspicax
226 1034 284 1073 non
301 1021 356 1087 ast,
371 1021 573 1089 nnupenetrat
590 1018 715 1075 occulta.
732 1019 765 1075 tn
821 1033 880 1089 que
904 1019 1069 1076 detineatur
1083 1021 1250 1078 intlrmitata
1272 1026 1481 1097 corruptionis.
1497 1026 1654 1085 Custodia-

64 1107 334 1179 ioquevisihilibns,
344 1107 488 1179 inquibus
500 1123 619 1180 semper
629 1124 764 1180 quaerere
819 1123 896 1174 mue,
921 1108 1099 1179 charissimi,
1125 1125 1234 1166 sensus
1253 1116 1383 1181 nostros,
1405 1130 1442 1170 ne
1462 1114 1537 1172 forte
1559 1117 1651 1189 (quod

64 1211 108 1254 rus
117 1196 208 1262 utilia,
222 1197 321 1267 specie
331 1196 449 1253 fallente
461 1199 619 1269 corruptus
629 1212 764 1252 nonuun-
818 1196 896 1251 absit
906 1193 926 1266 l)
940 1197 1124 1270 ingrediatur
1137 1215 1191 1270 per
1212 1199 1361 1256 fenestras
1382 1206 1501 1259 nostras
1518 1221 1599 1261 mors
1615 1207 1652 1261 ad

63 1286 115 1356 ipit
139 1285 245 1354 noxia3
265 1288 294 1340 et
315 1285 385 1340 dum
408 1286 437 1339 in
460 1286 503 1340 eis
530 1285 697 1341 inordinate
718 1286 765 1341 de·
817 1285 930 1340 animas
946 1286 1646 1352 nostrasQuissitantemtructusistiuscuste-

74 1356 303 1430 iutelix‘onimus
315 1373 763 1430 intrinsecusinnumerabilium
818 1373 991 1444 diae,1saias
1007 1375 1091 1430 brevi
1107 1392 1245 1434 sermone
1260 1380 1493 1451 comprehendit,
1502 1382 1552 1436 ubi
1563 1382 1651 1441 dicit:

66 1478 155 1518 enum
181 1465 209 1517 et
238 1463 449 1535 cogitationum
475 1464 597 1534 pulvere
625 1464 761 1520 tondatur.
824 1463 1655 1540 Quispoterithabitarederobiscumiguedevorante?

67 1566 95 1607 m
110 1567 160 1607 res
176 1552 342 1621 mundanae,
356 1568 432 1625 quas
447 1554 637 1611 extrinsecus
655 1555 764 1626 appeti·
819 1552 889 1622 (Isn.
899 1554 1016 1622 xxxnrl.
1028 1555 1088 1610 Aut
1101 1555 1166 1627 quis
1175 1554 1323 1612 habitabit
1335 1573 1374 1612 ea
1387 1557 1471 1612 robis
1485 1574 1548 1613 cnm
1563 1559 1654 1614 ardo-

64 1640 144 1696 lnitae
159 1644 238 1711 sunt,
265 1641 461 1713 cogitationes
486 1659 560 1714 quas
577 1644 762 1715 exipsorum
816 1641 905 1697 ribus
912 1643 1122 1715 sempiternis?
1134 1644 1190 1710 Qui
1202 1645 1368 1701 ambulatio
1376 1647 1511 1718 ,iustitiis
1520 1647 1653 1720 etloqui·

64 1730 234 1786 electatione
251 1731 297 1785 vel
314 1733 456 1787 memoria
472 1733 654 1787 intrinsecus
670 1731 762 1788 trahi·
777 1769 804 1832 Β
820 1734 869 1787 tur
882 1732 1053 1797 veritatem·
1063 1733 1113 1805 qui
1115 1734 1238 1806 projicit
1248 1735 1406 1789 aruritinrn
1414 1735 1612 1805 ercalumnia‚
1624 1741 1654 1792 at

65 1820 113 1873 itm
129 1834 197 1875 esse
215 1836 275 1874 non
291 1822 427 1890 possunt.
444 1820 480 1875 Et
495 1821 573 1876 sicut
590 1821 696 1877 oculus
711 1837 761 1892 pa·
820 1821 934 1876 excutit
948 1837 1052 1875 rannus
1072 1837 1142 1876 suas
1155 1822 1193 1877 ab
1208 1823 1287 1877 ouini
1303 1840 1444 1890 munere,·
1462 1825 1511 1898 qni
1531 1823 1654 1881 obturat

64 1909 509 1980 :specie,sicaai1nuspascitur
523 1910 760 1982 excogitatione.
819 1925 909 1966 eures
924 1926 996 1965 suas
1015 1926 1052 1966 ue
1067 1910 1167 1966 audiat
1180 1912 1364 1983 sanguinem,
1382 1919 1411 1968 et
1428 1913 1539 1968 claudit
1554 1913 1654 1969 mulos

64 2001 192 2070 [uantum
206 1999 242 2053 ad
261 2014 309 2054 res
320 1999 455 2070 pertinet,
474 1999 552 2054 nulla
568 2015 618 2054 res
630 2002 685 2069 est,
696 2015 763 2071 quae
817 2014 887 2054 suos
902 2015 939 2055 ae
957 1999 1056 2056 rident
1071 1998 1188 2055 malum.
1209 2000 1269 2057 Iste
1284 2002 1315 2056 ia
1339 2000 1471 2056 excelsis
1485 2000 1647 2070 habitabit,

67 2103 125 2143 non
136 2087 445 2161 possitsinepeccatm
461 2091 602 2160 quantum
614 2091 711 2143 autem
727 2089 763 2143 ad
817 2088 998 2144 inuuirnenta
1008 2089 1326 2145 saxorumsublimitas
1335 2091 1409 2162 ejus.
1421 2089 1517 2147 Panis
1526 2091 1653 2148 eidatns

64 2173 320 2247 tt'ectus‚nallnres
332 2177 482 2249 ostiaque
494 2193 764 2249 peecarenonpos·
818 2183 874 2243 est,
895 2194 978 2250 aquea
999 2178 1064 2250 ejus
1079 2177 1184 2234 bdelas
1199 2185 1277 2237 sunt.
1296 2179 1406 2251 Regem
1428 2180 1459 2235 ia
1475 2180 1583 2236 decore
1599 2195 1652 2236 sno

64 2265 218 2338 agitando.
235 2265 308 2332 Quia
334 2267 425 2338 igitur
447 2267 516 2322 huic
536 2267 651 2337 sensui,
673 2267 764 2324 idest
821 2265 963 2322 ridebunt
974 2266 1051 2325 ocuti
1066 2267 1141 2340 ejus,
1158 2273 1283 2325 cernent
1301 2274 1412 2324 terram
1427 2268 1464 2324 de
1480 2267 1577 2343 longe.
1593 2268 1654 2327 Gor

64 2358 121 2410 itus
132 2354 397 2411 inestdelectusad
407 2355 762 2427 bonum,tantusatlectus
819 2361 897 2410 tuum
912 2355 1108 2411 meditabitur
1124 2357 1470 2428 timorem(lsa.xxx1u).

64 2461 100 2514 m,
112 2444 252 2501 omnibus
262 2444 357 2499 modis
370 2461 496 2501 necesse
506 2449 554 2501 est
567 2445 761 2515 custodiatur,
854 2444 914 2499 Sex
929 2446 998 2500 sunt
1013 2461 1102 2517 opera
1118 2446 1347 2500 misericordiae:
1373 2445 1500 2516 primum
1517 2450 1563 2502 est
1578 2463 1650 2504 esu·

64 2531 761 2605 ejuscorruptionemnnimusmnximelaedatur.
818 2533 942 2588 rientem
960 2549 1101 2605 pascere,
1118 2535 1283 2590 secundum
1298 2535 1445 2590 sitientem
1460 2539 1572 2606 potare,
1589 2539 1650 2592 ter·

64 2622 299 2694 iturinqunmne,
313 2622 763 2693 seeundumteremiam‚ocnlus
818 2622 890 2677 tium
906 2614 1054 2695 hospitem
1079 2623 1231 2696 colligere,
1248 2625 1384 2695 quartum
1405 2623 1516 2679 nudum
1529 2624 1651 2691 vestire,

64 2711 344 2782 epraedeturanimas
353 2715 471 2766 nostras
483 2712 512 2767 in
523 2712 763 2768 cunetissrliabus
819 2710 953 2782 quintum
963 2711 1252 2781 intlrmumvisitare,
1263 2715 1381 2767 sextum
1390 2713 1427 2767 ad
1438 2713 1654 2769 incarceratum
1668 2746 1670 2750 ⁴

66 2800 154 2869 strae(
162 2799 269 2854 Three.
281 2800 458 2870 ui),velutin
470 2800 526 2855 doh
536 2800 763 2873 legitur,ueulus
819 2804 848 2856 et
860 2800 1009 2855 inclusum
1029 2802 1143 2856 venire,
1166 2800 1221 2867 Qui
1237 2800 1285 2856 his
1306 2800 1432 2856 intendit
1454 2802 1652 2874 intempore,

64 2892 186 2961 equatur
196 2905 248 2944 cor
264 2892 398 2944 nostrum
414 2888 490 2959 (dab.
501 2893 593 2961 xxxi),
603 2889 764 2960 sedpotius
819 2888 989 2944 heatuserit
1003 2889 1034 2944 in
1050 2889 1222 2945 aeternitate.
1234 2889 1347 2945 Beatus
1357 2889 1436 2946 enim
1447 2892 1497 2963 qui
1507 2890 1652 2964 intelligit

64 2994 125 3033 rne
136 2978 233 3033 videat
243 2977 401 3033 vanitatem
411 2978 504 3048 (Psal.
516 2980 628 3049 carru).
636 2978 764 3033 Auditus
820 2991 1040 3050 superegenum
1048 2977 1653 3049 etpnnper·enr,·indiemalalibernbiteum

64 3067 154 3123 uersis
166 3067 263 3122 modis
273 3069 480 3138 corrumpitur:
489 3070 668 3139 quapropter
676 3082 763 3138 opor·
780 3073 807 3136 c
820 3065 964 3120 Dominus
973 3063 1067 3135 (Psal.
1079 3066 1137 3135 aa).
1148 3065 1179 3119 ln
1191 3064 1238 3120 die
1246 3064 1332 3135 mala,
1344 3065 1374 3120 id
1385 3066 1466 3120 estin
1476 3066 1523 3121 dia
1531 3065 1648 3137 judicii.

64 3159 130 3211 aute
160 3155 352 3213 custodiatur.
375 3157 540 3228 Aliquando
566 3156 764 3228 corrumpitur
821 3152 1238 3224 Etanimadve1·ta(quodest
1261 3154 1396 3208 mirabile
1416 3152 1506 3224 dictu)
1529 3155 1607 3226 quod
1623 3153 1653 3210 ia

64 3245 387 3316 rmouibus,nliquando
398 3244 764 3316 adulationibus,aliquan·
822 3242 984 3316 Evangelio
1000 3258 1058 3297 non
1070 3242 1178 3297 dicitur
1187 3241 1267 3313 quud
1277 3241 1334 3296 alin
1347 3244 1470 3313 peccata
1479 3242 1654 3297 damnandis

64 3334 122 3389 anis
135 3334 325 3404 earminidus,
338 3334 497 3406 aliquando
513 3333 770 3389 detractionibus:
823 3334 1090 3387 commemorentur
1103 3330 1150 3385 vel
1173 3331 1410 3401 improperentur
1430 3330 1461 3384 in
1476 3330 1522 3385 die
1535 3329 1654 3402 judicii,

64 3422 169 3494 riptum
178 3426 238 3478 est:
252 3423 450 3494 Corrumpunt
461 3423 555 3478 tronus
569 3439 668 3478 mores
679 3422 766 3478 rollo·
823 3421 881 3476 nisi
896 3420 953 3475 hoe
968 3422 1079 3475 tantum
1092 3419 1171 3492 quod
1187 3419 1400 3474 misericordiae
1409 3434 1498 3490 opera
1512 3418 1654 3492 neglexe-

64 3510 89 3567 la
104 3511 134 3581 (1
149 3512 216 3567 Cor.
233 3512 296 3581 xv),
320 3511 452 3566 Olluctus
469 3527 541 3566 varo
556 3511 764 3583 corrumpitur,
822 3512 908 3577 runt,
924 3511 952 3564 et
967 3508 1131 3564 econtrario
1142 3508 1276 3563 salvandi
1294 3523 1353 3563 nun
1367 3507 1524 3564 laudantur
1538 3508 1574 3564 de
1584 3507 1652 3582 qui-

74 3601 167 3655 variis
183 3600 325 3657 odoribus
337 3600 502 3655 inordinate
519 3599 689 3655 delectatur.
706 3600 765 3655 Iste
821 3597 952 3653 buslibet
963 3597 1132 3667 virtutibus,
1142 3597 1200 3652 nisi
1212 3597 1248 3653 de
1259 3596 1424 3653 hoesolum
1436 3597 1516 3670 quod
1527 3597 1653 3655 eaexhi-

64 3689 157 3761 purior
172 3705 206 3743 ae
221 3689 360 3744 mundior
369 3688 437 3744 aliis
454 3689 598 3744 sensibus
609 3704 678 3744 esse
687 3689 767 3743 vida·
821 3686 959 3743 buerunt.
970 3684 1054 3743 Unde
1066 3685 1171 3742 Petrus
1181 3686 1380 3742 ltareunnsln
1391 3686 1466 3742 libro
1477 3686 1653 3742 Sermonum

66 3794 83 3834 e
98 3780 127 3833 at
141 3793 194 3850 per
209 3778 292 3833 illum
306 3777 404 3832 anima
419 3777 518 3833 minus
535 3777 763 3848 corrumpipro-
822 3789 955 3846 suorum,
973 3791 1110 3832 sermone
1123 3774 1172 3830 lt:
1186 3796 1196 3824 ι
1208 3775 1240 3830 la
1250 3790 1355 3847 regno,
1365 3775 1468 3846 inquit,
1478 3774 1544 3830 coeli
1555 3790 1654 3829 coram

64 3866 130 3923 lunc
146 3870 253 3939 gustus
265 3867 409 3938 sequitur,
421 3882 474 3938 per
485 3864 685 3938 quemintelix
694 3865 764 3938 gula
822 3863 960 3920 omnihus
969 3863 1084 3936 angelis
1099 3864 1129 3918 iu
1146 3865 1323 3918 conventum
1337 3863 1558 3933 resurgentium
1572 3862 1652 3934 quod

64 3954 283 4027 eitosnppetitus
292 3955 516 4027 experitur.lste
526 3958 683 4027 postquam
695 3970 763 4009 eor·
822 3951 896 4007 Abel
907 3967 1017 4023 pessus
1026 3952 1075 4022 sit,
1085 3952 1163 4023 quod
1172 3950 1322 4006 Abraham
1330 3950 1416 4006 tidem
1431 3951 1562 4022 incoepit,
1571 3950 1652 4022 quod

64 4061 87 4115 r,
102 4044 195 4100 variis
215 4045 350 4100 ciborum
371 4061 405 4099 ac
429 4047 550 4115 potuum
572 4042 763 4115 apparatibus
821 4041 943 4115 Moyses
954 4041 1050 4115 legem
1061 4039 1135 4110 tulit,
1146 4039 1225 4112 qued
1240 4040 1346 4095 Petrus
1359 4054 1478 4094 crucem
1492 4039 1667 4113 resupinusv

64 4133 135 4190 iliter
151 4134 323 4189 oblectatur.
339 4134 410 4188 Inde
426 4132 560 4205 estquod
576 4132 680 4187 beatus
691 4131 763 4187 Hie·
822 4130 967 4199 ascendit,
977 4128 1058 4186 Deus
1073 4131 1159 4198 tacet,
1172 4131 1200 4184 et
1210 4128 1421 4184 elamatsolum
1431 4129 1510 4201 quod
1525 4129 1654 4185 comedit

64 4239 71 4278 r
86 4221 143 4278 sub
158 4238 286 4292 persona
302 4222 350 4277 sui
360 4221 554 4293 quorumdam
564 4219 762 4293 impudentem
821 4236 933 4292 pauper
948 4219 1029 4291 (Luc.
1048 4219 1101 4290 aa).
1121 4242 1132 4267 u
1150 4218 1261 4273 Demus
1285 4234 1369 4291 ergo,
1386 4217 1503 4287 batres,
1519 4217 1651 4275 eleemo-

64 4312 161 4366 itatcm
176 4311 376 4382 reprehendit,
392 4311 431 4365 ita
446 4310 567 4366 dicens:
591 4333 601 4357 u
620 4309 714 4364 Natus
730 4309 760 4364 in
820 4310 974 4380 suasmet
988 4308 1085 4362 omnia
1101 4307 1209 4362 munda
1224 4310 1311 4362 erunt
1324 4306 1412 4363 nobis
1430 4307 1513 4377 (Luc.
1525 4307 1576 4377 vi).
1593 4306 1652 4363 De-

68 4400 231 4456 domoetin
242 4400 362 4472 tugurio
378 4399 598 4471 rusticano,qui
612 4397 663 4453 vix
679 4398 760 4454 milio
819 4412 887 4452 mus
902 4398 934 4452 ut
947 4396 1033 4451 detur
1047 4395 1145 4450 nobis.
1171 4395 1282 4451 Demus
1303 4398 1335 4449 ut
1357 4395 1387 4460 ii,
1413 4395 1524 4466 quibus
1545 4394 1651 4452 damus

64 4505 165 4562 upana
179 4489 346 4562 rugientem
356 4488 606 4544 satiareventrem
615 4489 758 4560 poteram,
817 4484 1181 4557 recipiuntaosinaeternn
1195 4483 1384 4540 tabernacula
1399 4483 1481 4553 (Luc.
1497 4484 1569 4553 xvi).
1586 4483 1646 4538 De·

64 4577 149 4634 ailam
164 4577 288 4634 etmetlo
304 4577 433 4634 fastidio.
451 4577 528 4633 Novi
544 4581 572 4633 et
587 4576 715 4648 nomina,
731 4579 760 4633 et
816 4590 884 4631 mus
899 4573 1003 4648 gratis,
1019 4574 1088 4646 quia
1112 4589 1168 4630 nes
1184 4573 1321 4641 maxime,
1337 4570 1388 4644 qui
1401 4571 1438 4626 de
1460 4570 1651 4642 eleemosyna

64 4666 196 4739 piscium,
222 4667 252 4720 in
277 4682 335 4738 quo
359 4666 457 4723 littore
480 4665 593 4722 concha
617 4665 692 4723 lecte
721 4666 760 4726 sit
816 4665 955 4734 vivimus,
970 4660 1255 4737 gratisonoapimus.
1273 4659 1422 4715 Mittamus
1436 4673 1543 4730 panem
1558 4674 1651 4730 super

64 4755 212 4829 teporibus
224 4754 323 4810 avium
330 4756 469 4811 discerno
480 4754 659 4826 provincias,
672 4758 701 4810 et
716 4755 760 4810 ci·
816 4755 1005 4809 transeuntes
1021 4767 1114 4824 aquas
1129 4748 1242 4820 (Enete.
1254 4751 1308 4820 xi),
1324 4748 1353 4804 id
1368 4751 1415 4803 est
1427 4745 1565 4819 populos,
1580 4747 1650 4820 quia

64 4859 106 4900 me
127 4845 234 4899 raritas
260 4861 294 4899 ao
317 4843 480 4899 novissime
502 4843 610 4898 damna
629 4842 695 4914 ipsa
712 4842 761 4898 de·
816 4837 1321 4913 postmultatemporaiuveniemus
1336 4835 1647 4906 eumHaeodioimus,

64 4954 76 4981 a
91 4932 188 4988 Nobis
204 4935 311 5002 autem,
321 4932 439 5002 tratres,
450 4930 614 4987 secundum
624 4931 760 4988 eumdem
815 4929 933 5000 fratres,
943 4930 1012 5002 quia
1023 4944 1078 4984 nos
1092 4928 1191 4998 eham,
1203 4927 1255 4999 qui
1263 4927 1294 4982 in
1302 4924 1447 4998 religione
1457 4924 1598 4996 vivimus,-
1609 4925 1646 4984 ad

64 5020 135 5079 usit
157 5038 279 5093 pauper,
303 5021 382 5090 vitis,
404 5023 433 5076 at
453 5019 644 5091 vespertinus
660 5018 759 5092 cibus,
815 5019 974 5075 clamorem
983 5017 1122 5089 pauperis
1139 5031 1239 5086 aures,
1254 5014 1439 5071 imoviscera
1453 5016 1555 5071 nostra
1569 5031 1647 5072 non·

66 5111 197 5184 gumina,
210 5113 239 5166 et
249 5110 397 5164 interdum
411 5124 524 5180 paucos
535 5108 697 5180 pisciculos
705 5123 759 5180 pro
814 5123 965 5180 nunquam
975 5106 1173 5163 inhumaniter
1184 5104 1361 5160 claudimus.
1376 5103 1436 5160 Sed
1447 5120 1496 5177 qur
1506 5104 1648 5160 babuerit

66 5198 210 5255 ducamus
225 5198 351 5254 deliciis.
378 5198 506 5254 Ultimus
522 5201 568 5254 est
585 5200 690 5268 tactus,
707 5197 759 5269 qui
814 5192 1648 5267 substantiammnadi,etriderittratremsuurnnecessi·

64 5303 111 5344 um
128 5287 254 5343 vestium
269 5287 401 5357 mollitie,
416 5290 446 5343 et
459 5280 608 5343 variarum
622 5287 758 5343 obsceni·
815 5290 906 5341 tatem
915 5284 1038 5357 babere,
1050 5287 1119 5355 etc,
1131 5283 1271 5357 quomodo
1285 5283 1420 5339 ebaritas
1434 5282 1493 5338 Dei
1506 5280 1647 5340 maaetin

64 5375 213 5433 munditia
229 5375 379 5432 multoties
390 5376 614 5432 contaminatur.
813 5391 848 5432 eo
858 5374 873 5430 ‚⁹
882 5374 912 5445 (I
921 5373 1005 5431 dean.
1018 5372 1071 5445 ru).
1083 5373 1191 5428 Anima
1202 5374 1299 5429 autem
1310 5368 1647 5446 cambenedicitirnptns

64 5468 150 5522 imest
160 5464 279 5536 tratres,
292 5465 389 5521 omnia
405 5465 526 5538 assequi
537 5479 591 5534 per
602 5480 668 5535 quaa
683 5479 756 5520 eon·
812 5464 964 5538 gnabitur,
977 5467 1007 5520 et
1021 5462 1072 5535 qni
1085 5462 1218 5519 inebriat
1232 5462 1298 5534 ipae
1313 5477 1425 5535 quoque
1439 5456 1657 5514 inebriabitur·

64 5568 139 5610 eram
162 5554 289 5611 animam
305 5570 342 5610 ex
363 5555 429 5609 suis
454 5552 597 5611 sensibus
613 5552 756 5608 iallrmari
813 5544 1645 5625 (Pror.xr).Saeravolumina,charissimi‚taltbusplena

64 5640 759 5721 enimquinqueperticnspisoime,quiinEven·
815 5644 894 5714 sunt,
918 5642 974 5700 ne'c
996 5641 1053 5699 ista
1074 5641 1211 5713 dicimus,
1234 5642 1266 5696 ut
1288 5654 1345 5699 ros
1369 5636 1450 5693 velet
1472 5634 1646 5715 ignorantes
