3796 6022
80 253 122 337 95
467 255 687 325 APPENDIX
707 258 767 324 AD
790 256 981 324 HUGONIS
1005 257 1149 324 OPERA
1169 258 1437 325 aaaalarrcA.

81 458 175 533 Cujus
192 464 321 517 rostrum
335 464 413 516 tauta
432 462 537 517 duritia
554 467 609 531 est,
628 467 660 518 ut
673 480 738 518 oum
761 480 776 518 e
795 463 915 519 sublimi
931 443 958 502 Α
973 462 1124 531 pendulae,
1143 464 1306 533 importuna
1322 464 1492 535 garrulitate
1508 468 1664 535 sonantes,
1682 465 1740 521 etsi
1754 481 1808 521 ne·

81 549 322 622 praecipitatur-in
344 567 458 615 saxum,
469 554 536 607 nisu
551 555 612 608 oris
624 555 671 608 sui
687 571 721 607 se
737 553 873 622 excipiat,
891 557 918 605 et
974 557 1084 621 queunt
1100 553 1218 623 linguas
1239 554 1268 606 in
1287 570 1425 607 sermone
1441 555 1619 623 exprimere,
1642 571 1750 610 sonum
1763 559 1808 610 ta·

82 639 209 711 quadam
233 640 319 710 apuasi
337 640 525 696 fundamento
544 646 641 697 alatru‘
655 643 811 717 ordinariae
827 642 919 694 tirmi-
975 655 1041 693 tncn
1072 641 1206 695 humanae
1235 642 1319 696 vacis
1344 643 1501 713 imitantur,
1531 643 1568 699 de
1595 659 1653 717 qua
1677 660 1808 718 congrua

1767 261 1808 329 96

82 729 161 783 tetis.
185 729 288 784 Studet
316 735 347 783 ut
371 732 507 802 lorpratur
536 733 614 802 quod
638 733 788 795 homines,
807 734 833 784 et
855 747 921 784 carn

83 817 181 873 adhuc
195 819 294 889 pullus
311 826 366 888 est,
378 825 406 874 et
420 821 516 875 arillruc
531 822 606 875 infra
618 821 814 875 alternansaau
826 820 921 873 retritis

85 921 204 974 annunt,
215 925 281 978 quaa
294 912 454 964 monstrata
470 914 548 979 suat,
561 915 589 964 et
604 910 690 964 citius
703 909 788 963 discit
804 912 831 962 et
843 912 922 962 tena-

86 995 151 1050 cius
166 997 281 1051 retinet.

121 1085 165 1140 De
181 1086 313 1141 caladrr'o
332 1088 460 1142 ridelli).
473 1106 491 1155 1,
506 1105 566 1159 cap
585 1087 637 1142 48.

122 1173 167 1227 Dc
182 1175 307 1228 eiramis
323 1176 375 1229 ΙιἸι.
393 1194 416 1245 1,
435 1192 496 1248 cap
515 1178 566 1231 42.

122 1262 167 1317 Da
183 1263 285 1316 lrolara
300 1271 348 1318 aad
365 1283 460 1337 eppira
475 1266 488 1320 Ι
494 1266 528 1320 Ἰ),
546 1284 564 1335 r,
583 1283 643 1336 rei-ap.
659 1267 710 1319 53.

80 1334 87 1349 ‘
123 1351 168 1405 ne
183 1351 265 1406 rarae
280 1369 333 1406 sm
348 1354 401 1407 ιιι.
418 1353 470 1408 ιιι.
488 1373 507 1422 ι,
525 1373 585 1426 ιιι.
605 1356 656 1408 ar.

125 1440 170 1495 De
185 1442 287 1495 assiria
304 1458 356 1495 scu
372 1445 543 1497 strntlnanc
558 1443 612 1497 lib.
630 1461 648 1510 1,
667 1460 729 1498 car.
748 1443 800 1497 37.

125 1529 170 1584 De
187 1529 276 1584 italica
295 1530 347 1585 lib.
366 1550 384 1599 1,
403 1549 465 1603 cap.
483 1533 535 1588 58.

299 1619 368 1675 Car.
386 1621 497 1676 XXIX.
520 1622 563 1675 De
580 1622 631 1675 Ira}
641 1638 716 1694 p'ne.

127 1707 259 1777 Halcpon
282 1710 424 1763 maritima
439 1711 503 1764 avis
519 1716 574 1777 est,
592 1728 658 1782 (puae
675 1711 703 1764 in
719 1709 867 1763 littoribus
887 1707 927 1761 ic-

90 1798 139 1852 tus
157 1814 230 1852 suas
247 1798 334 1852 talare
352 1799 436 1867 salet,
454 1801 492 1853 ita
509 1805 539 1854 nt
561 1801 590 1854 in
612 1801 710 1855 arenis
729 1816 783 1853 ora
800 1814 853 1850 sua
869 1798 921 1850 de-

91 1891 180 1958 ponat
195 1887 291 1941 media
313 1888 374 1942 fera
390 1889 511 1959 lriamis3
534 1907 601 1944 aaut
617 1890 644 1943 id
661 1894 776 1958 tempus
788 1887 925 1942 fovendis

92 1975 179 2031 habet
200 1978 369 2047 deputatam
385 1979 504 2049 fetibus,
522 1980 637 2050 quando
655 1979 780 2032 maxime
799 1976 928 2046 insurgit

92 2080 172 2121 mare
191 2066 350 2136 littoribus,
363 2068 480 2138 ipuanda
499 2069 586 2123 ctiam
602 2067 807 2122 vehementior
822 2066 929 2119 lluetus

91 2152 223 2225 illiditur,
240 2160 310 2210 tuno
327 2157 479 2227 repentina
497 2157 673 2227 placiditate,
694 2157 723 2210 in
742 2156 866 2227 gratiam
881 2155 930 2206 aut

92 2247 226 2299 naturam
247 2244 341 2316 hujus
366 2247 430 2299 avis
446 2263 518 2300 aura
540 2248 676 2310 mitescit,
695 2250 723 2300 ct
738 2244 844 2314 positis
864 2242 929 2296 oris

93 2348 173 2386 mare
203 2333 336 2402 seipsum
363 2335 500 2403 demittit,
519 2352 621 2389 omnes
647 2335 753 2387 cadant
778 2331 926 2402 procellae,

93 2420 252 2475 mitescant
267 2422 354 2475 datus
369 2427 581 2492 ventorumne
597 2424 744 2493 placidum
760 2422 857 2474 veritis
874 2423 931 2473 stat

94 2525 184 2577 mare,
198 2510 292 2564 donec
308 2511 479 2567 arctaverit
493 2512 617 2581 halcyon
629 2529 693 2565 stra.
706 2512 823 2580 Septem
834 2511 931 2561 autern

94 2597 159 2652 dies
184 2602 253 2652 sunt
269 2600 378 2669 quibus
399 2601 495 2654 ailarcit
518 2601 625 2669 pullos,
643 2601 779 2669 fetusque
804 2596 931 2651 absolvit

93 2685 185 2754 illico,
202 2688 276 2741 alios
300 2705 417 2758 qaroquc
442 2694 556 2758 septem
579 2689 715 2760 arljangit
730 2688 804 2751 dies,
822 2686 930 2756 quibus

95 2776 220 2830 enutriat
243 2777 340 2846 pullos
366 2794 450 2846 suas,
469 2779 561 2832 donec
588 2778 728 2847 incipiant
746 2776 929 2830 adolescere.

97 2863 159 2918 Nec
175 2865 293 2918 mireris
314 2869 370 2918 tam
386 2867 526 2937 exiguum
546 2866 716 2920 nutrimenti
733 2869 846 2933 tempas
864 2880 931 2917 cum

95 2953 241 3008 absolutio
254 2954 365 3009 laruam
376 2959 436 3009 turn
448 2972 608 3025 paucarum
624 2955 736 3009 dierum
753 2953 930 3007 sir-,Tantam

975 729 1091 798 quidam
1104 731 1256 799 illiartial.)
1271 733 1310 786 ait
1323 748 1329 786 t

1037 818 1052 871 I
1056 818 1110 871 'ira
1126 819 1233 891 lapitas
1247 828 1328 875 certa
1345 822 1492 876 (torninam
1509 827 1538 876 tc
1555 837 1625 876 racc
1641 822 1747 878 saluto.

1081 908 1117 961 Si
1130 925 1176 962 aar
1188 927 1243 962 non
1262 911 1372 975 rr'rleas,
1386 927 1453 964 esse
1468 911 1594 981 rrepabis
1608 927 1702 966 arear.

1012 996 1100 1051 Picus
1114 1014 1129 1050 a
1143 998 1212 1052 Pico
1224 1000 1342 1053 Sirturni
1354 1000 1412 1052 lilia
1424 1016 1531 1054 nornen
1543 1001 1679 1070 suauisit,
1688 1015 1723 1055 ea
1734 997 1812 1071 quad

975 1083 1040 1154 ipse
1059 1086 1089 1139 in
1105 1088 1251 1153 arispiriis
1266 1104 1298 1142 ca
1314 1089 1610 1142 arealer·etu1·.b'am
1626 1089 1724 1143 lerant
1738 1088 1813 1143 hanc

976 1189 1060 1228 avam
1084 1176 1221 1245 rpriddmn
1247 1177 1355 1230 babere
1371 1177 1512 1243 divinum,
1537 1177 1645 1231 indicio
1670 1174 1720 1232 illo
1735 1175 1814 1249 quod

978 1264 1007 1316 ia
1021 1280 1196 1335 quarcunque
1208 1266 1313 1319 arbore
1325 1266 1530 1334 uidillcarerit,
1542 1266 1714 1321 aliarumvel
1729 1266 1815 1337 quid·

979 1353 1048 1422 quid
1064 1353 1142 1406 aliud
1159 1354 1185 1407 ei
1201 1355 1323 1408 infixam
1342 1355 1391 1409 diu
1411 1355 1526 1409 haerere
1551 1372 1612 1410 uon
1625 1359 1730 1426 posset
1744 1356 1815 1426 quin

980 1443 1077 1496 statim
1094 1443 1218 1511 excidat,
1239 1444 1286 1497 ubi
1305 1444 1352 1496 illa
1369 1445 1522 1498 insederit.

1016 1531 1059 1584 Ile
1075 1532 1218 1601 accipitre
1233 1533 1299 1585 ride
1314 1531 1366 1587 lit.
1384 1550 1402 1600 1,
1424 1550 1487 1605 cap.
1503 1535 1551 1597 id,

1177 1619 1245 1674 Car.
1265 1621 1402 1675 xxxta.
1424 1622 1468 1675 Da
1483 1621 1619 1676 Irascinia.

1019 1709 1158 1763 Luscinia
1182 1726 1289 1764 nonren
1313 1715 1359 1764 est
1384 1711 1449 1764 avis
1473 1711 1540 1764 inde
1565 1714 1725 1780 sumptum,
1748 1708 1816 1781 quia

984 1805 1069 1853 cantu
1086 1815 1142 1853 sua
1157 1799 1328 1869 significare
1343 1799 1417 1853 solet
1434 1800 1586 1870 surgentis
1597 1803 1733 1852 exartum
1748 1798 1816 1867 diei,

984 1890 1068 1959 (laissi
1080 1889 1197 1955 lucinia,
1209 1889 1470 1958 estenimparrigil
1483 1888 1736 1942 rustastiuraara
1747 1902 1821 1958 qua·

984 1978 1049 2031 dam
1061 1978 1129 2031 sinu
1139 1978 1273 2046 corporis
1284 1981 1313 2032 et
1323 1978 1437 2047 gremio
1446 1978 1535 2039 soret,
1544 1977 1710 2031 insomnem
1721 1977 1819 2046 longua

984 2067 1080 2120 uariis
1100 2068 1232 2121 laborem
1249 2067 1402 2120 carratilenae
1418 2066 1563 2120 suavitate
1581 2065 1710 2120 remittit.
1729 2066 1775 2134 Et,
1789 2069 1820 2119 ut

983 2156 1265 2223 nrilrii·i‹letu1·‚lra=c
1277 2171 1391 2209 surrnna
1403 2159 1448 2208 est
1458 2153 1664 2225 ejusintentio,
1674 2158 1703 2208 ul
1712 2154 1818 2224 possit,

984 2260 1043 2299 non
1059 2246 1157 2299 urinas
1169 2246 1352 2299 dulcioribus
1368 2245 1496 2298 madalis
1507 2259 1594 2313 quam
1610 2243 1740 2297 lornanta
1757 2260 1821 2297 ror·

985 2335 1077 2402 poris,
1095 2334 1184 2387 telum
1196 2335 1326 2388 animare
1341 2338 1428 2404 alque
1444 2333 1555 2387 lovere.
1573 2334 1654 2386 llane
1669 2334 1760 2386 vitam
1775 2332 1821 2384 vi-

984 2423 1068 2477 detur
1083 2424 1191 2476 illicere
1208 2424 1313 2477 mulier
1328 2423 1456 2487 viduato,
1469 2423 1522 2476 sed
1537 2438 1648 2492 liuupaer
1663 2425 1691 2474 et
1703 2421 1819 2491 pudica,

984 2528 1049 2580 :puae
1070 2512 1167 2565 colum
1183 2512 1284 2582 digitis
1300 2512 1421 2565 trabeas
1438 2517 1467 2565 ut
1484 2511 1615 2581 parvulis
1636 2510 1822 2564 suisrictuui

983 2600 1130 2669 acquirat,
1154 2606 1299 2655 nocturno
1329 2605 1416 2655 cama
1444 2600 1614 2654 praestitiam
1639 2598 1821 2669 paupertatis

984 2690 1139 2757 dernulaet,
1161 2694 1189 2744 et
1205 2691 1340 2761 ‹pranrris
1363 2689 1539 2743 suavitatem
1563 2689 1698 2743 lusciniae
1714 2687 1820 2740 imitari

984 2795 1042 2832 uon
1067 2780 1172 2847 possit,
1197 2779 1325 2834 imitatur
1347 2783 1443 2832 tamen
1468 2795 1532 2833 eam
1554 2777 1657 2832 sedula
1679 2781 1820 2831 materma

984 2867 1100 2937 pietatis
1120 2868 1228 2922 allicio.

1134 2960 1203 3011 liar.
1219 2958 1357 3011 XXXIV.
1375 2959 1418 3012 lle
1442 2957 1668 3028 l'espcrtilione.

95 3044 332 3114 auterngrat-iarn
348 3044 448 3098 dicunt
464 3044 594 3098 luricati
610 3044 803 3098 ministratam
819 3045 974 3121 esseeto
1024 3046 1200 3117 l'esperidio
1223 3048 1330 3101 animal
1360 3048 1490 3117 ignobile
1520 3065 1536 3100 a
1563 3061 1688 3115 vespere
1714 3059 1821 3098 nornen

95 3130 240 3186 indultum
251 3132 402 3202 divinitas,
416 3138 447 3187 ut
458 3134 513 3188 hos
524 3134 746 3204 quaduordeeim
757 3133 821 3186 alios
833 3135 929 3185 nautae

94 3225 284 3292 praesumptae
315 3222 482 3276 serenitatis
515 3224 689 3291 observent,
711 3239 786 3293 quos
809 3226 837 3275 ct
865 3220 930 3274 ltal-

96 3324 226 3378 cyoaeas
244 3314 358 3379 vocant,
380 3312 490 3381 quibus
506 3311 605 3365 nullas
626 3312 809 3381 tempestatis
834 3313 932 3364 inatus

96 3397 260 3453 horrescat.

129 3487 175 3542 Dc
187 3488 323 3558 platonice
342 3488 409 3542 ride
421 3488 475 3543 lid.
493 3507 511 3557 r,
530 3488 658 3559 cap-19.

281 3595 351 3650 Gar.
369 3595 466 3648 XXX.
488 3595 532 3648 Dr
549 3593 743 3663 rirnamulpa.

131 3699 345 3773 Ginnmnulgus
370 3703 480 3772 etipsa
505 3701 631 3768 Arabiae,
649 3700 713 3753 aris
737 3701 792 3761 est,
811 3698 932 3768 proinde

97 3790 135 3844 ita
149 3795 263 3859 vocata,
281 3792 359 3861 rprad
376 3792 406 3844 in
422 3791 553 3845 excelsis
570 3789 743 3843 nemoribus
758 3787 829 3840 texit
847 3787 933 3839 nidos

97 3894 134 3932 ex
150 3877 296 3933 fructibus
313 3880 439 3933 cinnami
455 3883 480 3932 ct
494 3881 560 3949 qraia
578 3894 636 3932 nan
652 3881 778 3947 possunt
793 3877 862 3929 illue
879 3876 933 3928 lra-

97 3967 193 4020 mines
218 3969 381 4024 ascendere.
397 3972 517 4038 propter
533 3983 681 4021 ramorum
700 3965 880 4019 altitudinem
907 3966 934 4016 et

97 4055 297 4127 fragilitatem,
319 4058 440 4112 eosdem
456 4058 544 4111 nidos
560 4056 719 4126 plumbatis
742 4044 896 4124 appetunt,
907 4057 935 4106 et

97 4144 143 4198 sic
164 4145 298 4198 cinnaraa
323 4144 372 4198 illa
396 4144 552 4215 dejiciant,
570 4148 599 4198 et
619 4145 720 4214 pretiis
741 4141 934 4212 rrrraplioribus

97 4233 239 4302 venduut,
256 4251 291 4287 ea
311 4234 390 4304 ararad
417 4234 481 4287 baec
507 4234 640 4287 cinnama
656 4233 752 4303 magis
772 4247 860 4302 quam
879 4229 934 4282 alia

97 4326 279 4377 mercatores
295 4322 429 4392 probant.

237 4432 306 4484 tiae.
324 4429 436 4484 xxxi.
459 4430 501 4483 Ite
516 4429 664 4484 britannis
679 4428 794 4483 aribus.

136 4539 284 4595 Herciniae
295 4554 366 4593 ares
379 4538 463 4592 dictae
474 4538 510 4591 ab
520 4535 659 4590 Harcinio
671 4535 747 4589 saltu
758 4531 934 4599 Gcrnraniae,

99 4627 151 4681 ubi
164 4633 335 4695 naseuntur,
348 4644 471 4699 quinum
482 4642 586 4697 pennae
600 4625 674 4678 adeo
687 4624 716 4677 in
729 4621 868 4676 olisnuris
880 4621 936 4673 rni-

101 4719 217 4785 eant,ut
227 4717 363 4788 ‹ruarnris
375 4734 433 4771 uox
442 4717 559 4770 obtenta
572 4713 675 4768 densis
684 4711 828 4778 tenebris,
842 4710 889 4777 sit,
901 4709 936 4761 ud

100 4804 272 4875 praesidium
284 4806 398 4859 itineris
415 4804 560 4877 dirigendi
576 4802 717 4874 projectae
733 4800 936 4866 interluceant,

101 4909 269 4963 cursusque
280 4894 336 4947 vitu
348 4896 442 4963 pateat
456 4894 563 4947 indicio
574 4893 740 4964 plumarum
750 4887 935 4960 litigantium.

136 4982 181 5035 De
197 4997 286 5052 (pope
302 4982 411 5035 dictura
428 4989 473 5037 est
489 4983 519 5034 in
533 4998 632 5053 upupa,
651 4980 703 5035 lia.
722 4997 740 5047 l,
753 4996 814 5049 cap.
831 4976 883 5031 52.

137 5070 182 5125 Da
193 5070 336 5142 pelicana,
356 5070 407 5124 ΙΙΙ).
424 5087 455 5135 ιι,
473 5087 534 5141 calli.
552 5069 606 5124 227.

138 5160 182 5214 Do
198 5166 301 5215 noctua
318 5176 371 5215 sea
387 5159 588 5232 incomta-e,
607 5155 658 5211 ΙΙΙ).
681 5174 699 5224 ι,
717 5175 778 5228 cap.
796 5155 848 5210 al.

138 5248 183 5304 Dc
199 5250 331 5321 syreais.
348 5247 400 5302 lib.
419 5266 448 5318 n,
465 5265 528 5320 rap.
545 5247 597 5301 327.

138 5337 183 5394 Da
193 5338 328 5410 perdire,
347 5337 398 5391 lib.
417 5354 514 5409 1,cap.
533 5335 584 5390 50.

276 5445 346 5501 Car.
365 5444 490 5499 xxxa.
512 5443 555 5497 De
569 5442 635 5514 pica
651 5446 680 5495 ct
695 5439 770 5511 pica.

141 5547 941 5626 Picoequasipoeticae,eoquodverbacumdiscrimine

107 5645 192 5713 racis
205 5645 370 5720 exprimant
381 5645 413 5698 ut
426 5642 525 5711 hama,
536 5655 589 5711 per
599 5653 698 5693 ramas
714 5637 792 5692 euim
803 5635 942 5692 arborum

989 3139 1126 3207 sumpsit,
1144 3142 1296 3192 astantem
1311 3137 1438 3205 volatile,
1456 3138 1592 3206 idemque
1602 3138 1629 3189 ci
1640 3134 1820 3204 quadrupes

987 3232 1016 3281 et
1031 3229 1169 3283 ‹letitibus
1181 3228 1278 3295 utitur,
1290 3226 1368 3296 quod
1382 3229 1411 3281 in
1427 3227 1494 3280 aliis
1507 3225 1613 3278 avibus
1628 3222 1753 3292 reperiri
1763 3236 1823 3275 nan

988 3318 1078 3379 solet:
1097 3318 1171 3387 parit
1187 3317 1264 3371 sicut
1279 3315 1491 3386 quadrupedia,
1504 3330 1562 3368 nou
1580 3328 1645 3379 ova,
1656 3311 1709 3365 sed
1725 3310 1823 3380 pullas

986 3406 1241 3474 viverrtcs,rolitat
1253 3409 1350 3459 autem
1361 3420 1420 3457 non
1431 3403 1636 3474 aliquovalatu
1647 3412 1821 3470 pennarum,

987 3496 1040 3549 sad
1060 3496 1239 3549 rnembranae
1264 3510 1326 3548 sure
1347 3494 1418 3547 tulta
1439 3491 1574 3562 remigio,
1592 3506 1650 3560 quo
1672 3502 1822 3557 suspensa

986 3584 1076 3638 veluti
1091 3600 1254 3653 pentnuum
1269 3584 1367 3636 volatu
1379 3580 1586 3635 circumfertur
1596 3582 1683 3648 atque
1698 3580 1821 3647 vegeta-

986 3676 1042 3726 tur.
1056 3673 1148 3726 llabet
1162 3672 1241 3726 aliud
1259 3673 1313 3725 boc
1329 3671 1386 3724 vile
1397 3669 1513 3736 animal,
1527 3668 1604 3738 qarod
1621 3666 1679 3720 sibi
1694 3665 1821 3719 invicem

986 3761 1147 3829 oilluerent,
1165 3766 1192 3814 ct
1216 3761 1301 3830 quasi
1330 3759 1430 3829 specie
1455 3757 1600 3812 botrionis
1624 3770 1661 3809 ex
1677 3755 1735 3808 alta
1755 3754 1821 3808 loca

986 3851 1123 3920 perrdenl,
1136 3855 1164 3902 at
1179 3850 1205 3902 si
1221 3865 1253 3901 sc
1272 3848 1379 3901 altinate
1390 3862 1515 3918 quicque
1530 3844 1702 3909 laxaverint,
1716 3856 1820 3896 omnes

986 3940 1185 4008 resolvantur,
1213 3939 1289 4008 quod
1315 3939 1346 3990 tit
1365 3937 1491 4007 (piladem
1516 3949 1637 3987 munere
1656 3931 1819 3998 charitatis,

987 4044 1052 4098 quau
1068 4027 1187 4082 dilllcile
1207 4028 1237 4081 in
1254 4026 1422 4081 bominibus
1438 4029 1466 4079 et
1480 4028 1577 4076 tanren
1591 4022 1776 4092 aliquatenus
1792 4019 1823 4072 ia

986 4117 1160 4170 volucribus
1177 4116 1349 4186 hujusmodi
1364 4115 1519 4183 reperitur.

1024 4296 1134 4349 tiornix
1150 4311 1261 4348 annosa
1279 4296 1343 4347 aris
1358 4293 1435 4362 aliud
1452 4292 1572 4345 Latinos
1588 4290 1692 4344 Graeca
1708 4285 1826 4340 nomine

949 4382 1081 4456 Dzapdvr,
1104 4399 1213 4438 corone
1229 4383 1401 4452 appellatur,
1418 4398 1504 4451 quara
1524 4380 1604 4432 aiant
1624 4390 1755 4448 augures
1770 4374 1827 4428 ba-

993 4475 1104 4528 minum
1120 4489 1207 4527 euras
1223 4471 1492 4543 signitiralionilus
1512 4483 1602 4537 agere
1622 4465 1747 4519 insidias
1762 4463 1827 4516 via-

993 4581 1057 4618 rum
1082 4567 1257 4628 monstrare,
1275 4561 1372 4614 sutura
1393 4558 1564 4627 praedicere.
1588 4555 1726 4624 linguatu
1741 4550 1826 4606 nefas

992 4653 1047 4707 lroc
1066 4654 1187 4706 eredere
1204 4650 1342 4719 estquod
1359 4649 1438 4701 Deus
1455 4644 1625 4699 cornicibus
1641 4658 1694 4696 sua
1710 4640 1829 4695 rnandet

990 4742 1124 4795 carrsilia.
1142 4741 1197 4793 His
1213 4740 1289 4793 inter
1304 4737 1392 4791 inulta
1408 4735 1541 4805 auspicia
1556 4733 1700 4798 tribuunt,
1716 4732 1745 4783 et
1759 4729 1828 4799 plu·

990 4833 1054 4884 arias
1070 4830 1245 4901 portendere
1261 4826 1397 4893 vocibus,
1415 4825 1492 4878 unde
1513 4827 1558 4877 est
1574 4821 1665 4875 illud:

1066 4918 1144 4972 'l'anc
1162 4916 1269 4970 cornix
1281 4915 1411 4985 pluriam
1431 4917 1511 4966 rocat
1528 4907 1658 4981 inapralaa
1676 4924 1755 4960 aare.

1257 5004 1386 5060 tl'rnan„
1407 5006 1514 5071 ticarp.
1532 4999 1583 5052 lib.
1597 5016 1615 5065 t,
1632 5012 1703 5050 vers
1718 4994 1793 5063 388).

1027 5098 1149 5151 lliscant
1165 5095 1300 5149 homines
1317 5108 1414 5146 ammo
1430 5090 1508 5145 filias
1520 5104 1594 5142 suos
1605 5102 1710 5141 exusa
1726 5089 1755 5139 et
1769 5083 1832 5154 pie·

992 5193 1048 5241 tate
1066 5201 1234 5252 corvorum,
1251 5183 1301 5253 qui
1324 5181 1411 5236 etiarn
1427 5180 1563 5234 volantes
1588 5176 1666 5230 lilios
1692 5173 1832 5227 comitatu

993 5276 1097 5331 sertula
1109 5276 1340 5344 prosequuntur,
1352 5286 1386 5323 ιιιι
1404 5268 1530 5322 sollicite
1543 5266 1692 5332 timentes,
1704 5279 1741 5317 ne
1757 5261 1832 5333 torte

993 5366 1140 5432 deficiant,
1158 5364 1256 5417 cibum
1281 5362 1462 5431 suggerunt,
1479 5373 1512 5410 aa
1536 5354 1663 5425 plurimo
1689 5350 1832 5421 temporis

994 5455 1090 5525 spatio
1106 5451 1254 5506 nutriendi
1270 5449 1366 5503 alticio
1381 5463 1439 5501 aon
1455 5445 1635 5513 relinquunt.
1647 5442 1683 5495 At
1697 5456 1770 5495 vera
1786 5438 1833 5492 fe·

994 5545 1082 5598 arima
1093 5542 1188 5597 nostri
1199 5539 1339 5609 temporis
1347 5538 1408 5590 cito
1419 5535 1565 5588 ablactant
1576 5533 1662 5587 etiam
1677 5530 1745 5584 illas
1756 5544 1833 5600 quoe

996 5633 1131 5706 diligunt,
1149 5633 1177 5686 at
1192 5630 1218 5684 si
1234 5628 1356 5683 ditiores
1372 5627 1442 5680 sunt
1456 5623 1565 5679 lactare
1581 5620 1745 5690 fastidiunt,
1761 5633 1833 5690 pan·
