3796 6022
114 285 173 360 631
494 290 711 365 APPENDIX
732 300 790 365 AD
813 294 1005 366 HUGONIS
1028 294 1173 366 OPERA
1195 298 1454 367 boemanos.
1780 300 1843 367 632

115 510 175 552 non
197 496 284 568 quasi
309 501 543 555 consummatum
563 499 725 573 existimet,
752 499 805 555 sed
830 515 949 573 semper
963 481 993 543 Α
1008 499 1066 556 lem
1080 501 1228 572 nevimus,
1245 501 1284 556 ita
1298 501 1402 556 fauces
1414 505 1442 556 et
1452 504 1584 558 ventrem
1596 501 1841 573 spiritualiterin·

116 584 203 656 quasi
218 585 405 656 incipientem
420 587 558 642 attendat.
1006 589 1141 661 telligere
1156 589 1309 645 debemus.
1326 590 1422 645 Habet
1437 592 1545 662 quippe
1560 591 1724 661 spiritualis
1741 590 1839 658 cibes,

115 672 186 730 Car.
204 673 353 729 LXXVII.
378 675 423 731 De
443 675 600 748 multipiici
623 678 669 732 ria
688 677 757 745 Dei,
783 679 875 751 etqui
889 693 951 733 earn
1005 676 1035 731 id
1047 679 1093 731 est
1104 677 1227 732 verbum
1238 678 1302 748 Dei,
1315 678 1451 733 similiter
1461 694 1598 749 saperem
1607 694 1705 746 suum,
1719 679 1768 749 qui
1782 679 1840 732 leu-

432 765 633 821 considerent.
1006 780 1057 820 ees
1072 765 1242 837 spirituales
1256 766 1396 837 delectat3
1422 767 1630 821 nutrimentum
1647 782 1745 832 suum,
1763 767 1839 837 qued

154 849 360 906 Considerate
375 852 440 908 rias
456 859 521 908 tuas
536 853 631 924 (Psal.
642 857 754 926 exvm).
767 855 820 910 Via
831 855 885 910 Dei
894 858 951 925 est,
1006 851 1202 909 substantiam
1227 855 1410 925 spiritualem
1434 856 1530 927 pascit
1552 859 1580 909 et
1599 859 1727 927 vegetat.
1747 854 1840 908 llehet

118 953 172 1009 per
195 954 283 1010 qnam
303 939 340 993 ad
363 956 419 995 nes
440 941 522 997 venit
535 941 650 996 interna
664 943 815 1014 aspiratio.
831 943 885 997 Via
899 944 953 1008 Dei
1005 941 1093 997 etiam
1103 958 1233 998 massam
1242 959 1325 997 suam
1334 959 1401 1014 quae
1412 943 1609 998 infirmitatem
1624 942 1840 1014 quedammodo

119 1029 166 1081 est
180 1041 234 1097 per
248 1043 335 1098 quam
350 1029 386 1082 ed
402 1029 484 1085 illum
499 1031 591 1100 imus,
615 1030 693 1086 bena
715 1031 855 1102 operatio.
882 1032 952 1087 Vias
1005 1031 1112 1101 premit
1126 1035 1154 1085 et
1169 1035 1281 1104 gravat.
1299 1031 1413 1087 Fauces
1428 1030 1745 1103 spiritualesdicimns,
1763 1030 1840 1101 pela-

119 1130 193 1186 erge
201 1114 254 1170 Dei
267 1116 490 1189 consideratqui
502 1118 677 1173 studiobeni
687 1120 785 1190 operis
794 1122 953 1175 exercendi
1006 1120 1066 1172 tum
1082 1119 1193 1174 cerdis.
1210 1119 1305 1191 Sapor
1313 1120 1397 1175 verbi
1409 1119 1462 1174 Dei
1471 1124 1517 1174 est
1526 1122 1634 1191 gustus
1644 1120 1770 1175 internas
1780 1119 1840 1172 dul·

120 1202 264 1275 invigilet.
282 1203 354 1258 Vias
368 1206 455 1260 etiam
471 1206 524 1261 Dei
539 1207 707 1261 considerat
727 1208 775 1279 qui
796 1209 953 1264 adventum
998 1194 1131 1262 caninis.
1149 1208 1255 1262 Anima
1269 1211 1377 1279 eutem,
1394 1209 1458 1278 ipsa
1470 1210 1517 1263 est
1527 1208 1692 1262 substantia
1708 1208 1842 1279 spiritua·

46 1308 49 1313 ·
120 1291 188 1363 ejus
212 1292 362 1347 internum
385 1294 421 1348 ed
445 1310 479 1349 sc
499 1295 657 1368 diligenter
672 1296 819 1368 observet,
837 1299 953 1368 quando
1007 1294 1055 1349 lis.
1068 1295 1285 1351 Nutrimentum
1299 1297 1383 1352 verbi
1401 1297 1453 1351 Dei
1468 1300 1515 1351 est
1525 1296 1698 1351 exercitium
1709 1296 1840 1364 virtutis;

120 1380 229 1449 veniat,
246 1384 275 1436 et
289 1382 326 1437 ad
340 1383 444 1454 quales
458 1383 557 1439 veniat
571 1387 603 1440 ut
618 1390 763 1458 agnoscat
776 1389 892 1459 tempus
909 1388 954 1442 ri·
1007 1399 1108 1439 massa
1122 1400 1204 1455 vero,
1220 1385 1336 1455 pondus
1352 1385 1474 1440 laberis.
1495 1384 1569 1451 Quia
1584 1384 1675 1456 igitur
1689 1399 1782 1455 sapor
1796 1383 1841 1438 ille

120 1468 267 1524 sitatienis
283 1485 357 1526 sum.
1008 1471 1131 1528 internae
1147 1472 1313 1529 dulcedinis
1330 1473 1395 1528 sine
1411 1473 1529 1528 iastidie
1545 1472 1681 1541 sumitur,
1705 1473 1793 1544 quasi
1808 1472 1841 1526 de

120 1556 362 1616 CamLXXVlll.
376 1560 624 1626 Quomododuleia
630 1563 829 1635 dicatelequie
837 1563 955 1618 Domini
1008 1561 1134 1637 quedam
1145 1561 1308 1633 spiritualis
1318 1561 1375 1616 cibi
1385 1564 1477 1634 gustu
1487 1561 1589 1616 inuees
1601 1560 1700 1616 cerdis
1714 1560 1840 1616 delecta·

155 1645 377 1719 lancibussnr's,
389 1651 955 1721 ntrumeamanducaede,etsisioeibus
1007 1649 1115 1704 tionem
1132 1650 1307 1721 percipiunt,
1325 1650 1379 1704 sed
1394 1650 1521 1704 saturari
1536 1665 1596 1704 nen
1612 1651 1750 1720 pessunt.
1771 1648 1841 1714 Quia

157 1739 235 1802 sunt,
253 1736 349 1809 qualis
363 1753 436 1811 erpo
450 1739 545 1796 cibus.
1008 1753 1080 1792 vero
1095 1739 1268 1793 exercitium
1284 1738 1412 1808 virtutis,
1434 1753 1492 1808 que
1508 1737 1605 1792 anime
1620 1737 1764 1807 pascitur,
1786 1752 1841 1791 nen

158 1822 248 1890 Quam
263 1823 361 1880 dulcia
375 1826 597 1884 laucibnsmeis
608 1829 721 1902 eloquia
733 1835 780 1884 tua
795 1845 885 1901 super
895 1829 956 1884 mel
969 1791 995 1855 Β
1010 1826 1137 1881 sumitur
1151 1827 1217 1881 sine
1232 1827 1362 1898 pendere
1377 1825 1504 1896 laberis,
1531 1841 1589 1897 que
1607 1841 1676 1880 care
1692 1808 1841 1897 gravatur,

121 1911 170 1967 ori
183 1927 248 1967 meo
262 1912 358 1982 (Psal.
375 1915 487 1988 cxvru).
503 1917 643 1989 Nunquid
658 1921 759 1989 putas,
781 1919 880 1989 irater,
896 1919 952 1973 ista
1009 1914 1097 1986 quasi
1111 1915 1231 1986 quidam
1241 1914 1444 1970 sensualitatis
1452 1917 1563 1969 nestrae
1572 1913 1757 1980 stomachus,
1774 1913 1840 1967 dum

122 2000 300 2057 manducare
309 2009 504 2059 consueverat
511 2006 602 2062 verba
612 2006 674 2076 Dei,
685 2007 850 2062 utdiceret:
865 2006 954 2074 Quem
1009 2003 1107 2058 cibum
1122 2003 1193 2059 beni
1208 2003 1306 2075 operis
1322 2002 1488 2058 exercende
1503 2001 1636 2073 percipit,
1653 2017 1690 2056 ne
1704 2001 1840 2056 virtutem

123 2088 956 2167 dulcialancibusmeiseloquiatua?thuiest,quiverba
1008 2105 1065 2162 qua
1088 2092 1220 2147 relicitur
1240 2092 1315 2147 ultra
1337 2090 1456 2145 medum
1477 2092 1602 2170 appetat,
1621 2089 1686 2160 ipse
1702 2104 1840 2160 eumque

122 2178 333 2235 manducaret?
348 2180 380 2236 Si
397 2197 469 2254 erge
484 2183 697 2239 manducantur
711 2185 802 2240 rerba
816 2184 884 2255 Dei,
900 2186 956 2240 uti·
1007 2180 1150 2249 premitur
1173 2181 1258 2236 labor
1279 2179 1379 2251 operis
1401 2178 1537 2251 castigat.
1552 2179 1627 2248 lam,
1643 2181 1676 2233 ut
1691 2177 1838 2246 existimo,

123 2281 181 2337 qne
197 2267 283 2322 cibus
298 2272 377 2323 sunt.
393 2269 430 2324 Et
440 2271 536 2342 qualis
548 2272 654 2327 cibus?
668 2272 735 2327 Non
749 2276 819 2343 pute
829 2273 953 2344 ventris,
1008 2268 1082 2323 satis
1091 2268 1309 2341 intelligisquid
1321 2266 1380 2322 sibi
1388 2266 1599 2338 vultquediste
1609 2264 1739 2320 dicebat:
1755 2267 1840 2330 Quam

122 2355 176 2409 sed
190 2356 313 2426 mentis,
330 2357 360 2411 in
375 2372 434 2413 uno
450 2358 500 2413 illo
514 2358 663 2430 iejunium
675 2360 804 2431 ventris,
826 2364 855 2416 et
869 2362 954 2416 cibus
1009 2355 1106 2412 dulcia
1122 2356 1258 2412 lancibus
1271 2358 1348 2411 meis
1356 2356 1469 2428 eloquia
1480 2361 1527 2409 tna
1538 2370 1629 2426 snper
1637 2353 1699 2409 mel
1707 2354 1755 2408 eri
1764 2353 1842 2408 mee!

122 2442 247 2498 mentis:
262 2443 344 2511 Non,
361 2445 457 2516 inquit
470 2445 636 2517 Scriptura,
657 2447 689 2501 in
711 2447 772 2503 sele
786 2464 863 2520 pane
882 2450 956 2503 vivit
1009 2444 1076 2499 Nen
1092 2445 1169 2499 enim
1183 2445 1223 2499 ait
1237 2445 1334 2499 dulcia
1345 2444 1438 2499 ventri
1450 2459 1526 2513 mee,
1544 2443 1597 2497 sed
1609 2441 1748 2497 lancibus
1758 2441 1840 2496 meis.

122 2529 222 2597 home,
245 2530 300 2585 sed
314 2532 345 2585 in
360 2535 440 2587 omni
457 2533 548 2589 verbe
563 2535 639 2606 qued
644 2536 782 2606 precedit
793 2536 830 2591 ab
840 2553 892 2592 ere
899 2537 957 2592 Dei
1009 2531 1076 2586 Non
1091 2533 1244 2587 stomacho
1259 2547 1335 2603 meo,
1352 2533 1406 2588 sed
1417 2533 1464 2587 ori
1473 2548 1546 2586 mco.
1557 2533 1600 2586 ho
1611 2531 1638 2585 si
1648 2531 1760 2585 diceret
1772 2545 1779 2584 :
1793 2544 1843 2600 per

122 2617 242 2687 (Marte.
258 2617 310 2689 rr).
327 2618 363 2673 Et
372 2622 470 2676 tamen
485 2622 583 2694 aliqua
594 2623 755 2680 similitude
766 2627 812 2679 est
822 2625 898 2681 inter
912 2626 956 2680 ei·
1008 2620 1132 2675 verbum
1146 2621 1265 2692 quidem
1280 2624 1372 2692 tunm,
1390 2621 1523 2688 Domine,
1540 2623 1644 2675 venter
1663 2618 1842 2674 carnalitatis

122 2704 192 2761 bum
206 2707 320 2762 ventris
332 2710 361 2763 et
370 2709 468 2764 cibum
477 2710 595 2782 mentis,
608 2712 677 2783 quia
688 2713 791 2768 etidee
802 2715 893 2769 verba
903 2714 957 2769 Dei
1009 2708 1161 2779 premitur,
1178 2709 1232 2764 sed
1247 2709 1375 2781 palatum
1390 2709 1489 2764 cerdis
1505 2708 1585 2762 intus
1596 2722 1703 2777 sapere
1714 2706 1843 2762 dulcedi·

123 2791 209 2849 cibus
233 2794 310 2851 dicte
332 2800 416 2867 sunt,
441 2799 581 2870 queniam
601 2800 678 2857 sicut
693 2800 778 2857 cibus
794 2802 956 2874 corporalis
1009 2796 1057 2851 nis
1072 2796 1243 2867 delectatur,
1259 2798 1328 2870 qnia
1348 2801 1376 2852 et
1395 2797 1422 2852 si
1438 2796 1512 2851 ieris
1528 2795 1726 2850 infirmitatem
1742 2796 1844 2868 gravat

124 2897 243 2938 carnem
258 2883 363 2956 reflcit,
379 2885 419 2940 ita
433 2888 577 2959 sapientia
592 2893 719 2945 mentem
733 2891 837 2962 pascit,
864 2890 956 2947 Cibus
1009 2883 1094 2940 leber
1104 2887 1213 2957 operis,
1226 2887 1306 2941 intus
1316 2890 1413 2941 tamen
1424 2884 1605 2940 desiderium
1613 2883 1709 2954 pascit
1719 2882 1842 2937 dulcedo

123 2972 288 3043 corporalis
304 2973 359 3029 tria
372 2974 500 3031 hebetia
511 2992 555 3048 se,
572 2993 719 3050 saperem,
735 2980 954 3051 nutrimentum,
1010 2977 1040 3029 et
1054 2978 1161 3047 gustus
1177 2975 1342 3031 suavitatis.
1359 2975 1435 3029 Hine
1450 2976 1496 3028 est
1511 2972 1591 3044 qued
1607 2971 1734 3026 dilectus
1752 2970 1803 3026 ille
1817 2972 1844 3025 et

123 3075 263 3116 massam.
281 3061 376 3134 Sapor
399 3064 540 3136 delectat,
564 3067 773 3123 nutrimentum
795 3071 954 3140 sustentat,
973 3063 1122 3152 coheres
1137 3063 1269 3119 loannes
1285 3064 1337 3135 qui
1350 3063 1474 3117 verbnm
1489 3061 1542 3116 Dei
1558 3064 1616 3114 tam
1632 3059 1845 3130 frequentaret

124 3165 224 3205 massa
240 3153 351 3207 onerat.
364 3151 501 3225 Saperad
511 3155 639 3227 palatum
649 3157 784 3228 pertinet,
796 3158 956 3214 nutrimen·
1012 3155 1072 3206 iam
1086 3151 1211 3207 libenter
1225 3152 1312 3207 edere
1329 3154 1533 3219 consueverat,
1544 3149 1580 3202 de
1596 3164 1630 3203 ὅθ
1645 3147 1792 3218 perhibet,
1808 3145 1845 3200 di·

123 3239 185 3293 ium
201 3239 238 3293 ad
253 3243 397 3313 naturam,
414 3259 514 3298 masse
529 3245 566 3299 ud
580 3245 822 3302 miseriamGula
833 3247 957 3318 percipit
1013 3235 1844 3312 cens:Aecepilibrumdemoneenpelietdererarienm

124 3339 273 3397 saperem,
291 3329 463 3385 stomachus
483 3333 692 3390 nutrimentum
707 3338 736 3390 et
750 3351 899 3391 massam:
916 3334 958 3389 al·
1012 3334 1042 3383 et
1058 3335 1123 3384 erat
1136 3330 1168 3383 in
1184 3344 1235 3385 ere
1248 3343 1313 3384 mee
1327 3333 1461 3398 imvm
1471 3323 1639 3389 ’1911111091
1651 3329 1753 3400 &ivm
1763 3322 1847 3378 (11111)

42 3474 50 3491 ,
124 3416 220 3469 terum
231 3415 479 3489 adrerectionem,
493 3420 617 3477 alterum
631 3423 667 3478 nd
681 3439 852 3495 gravamen,
864 3423 961 3480 Nutri,
1011 3433 1127 3472 rossem
1142 3416 1394 3472 eumamaricatus
1410 3419 1455 3468 est
1473 3417 1579 3467 venter
1592 3428 1675 3466 mens
1690 3412 1795 3483 (Apes.
1805 3412 1844 3479 x).

125 3505 256 3559 mentum
277 3508 309 3559 ut
332 3506 404 3562 illud
427 3507 457 3562 in
481 3524 590 3581 cerpus
611 3510 752 3583 trajiciat3
777 3529 907 3568 massam
926 3516 958 3568 ut
1012 3504 1072 3576 Sic,
1089 3508 1117 3560 et
1136 3508 1166 3560 tu
1183 3505 1283 3576 irater,
1298 3504 1408 3559 devere
1423 3502 1530 3556 librum
1546 3502 1625 3569 vitae,
1642 3499 1766 3554 comede
1782 3513 1845 3553 ver-

37 3621 41 3631 ·
125 3591 205 3645 illam
220 3590 329 3663 ejiciat.
346 3593 666 3668 Superquodammede
682 3600 844 3670 spiritualis
860 3604 915 3671 est,
931 3605 960 3657 et
1012 3592 1082 3649 hum
1094 3594 1166 3648 Dei:
1184 3609 1239 3649 nec
1251 3593 1348 3648 selum
1364 3590 1496 3660 comede,
1513 3588 1567 3642 sed
1579 3587 1665 3642 aride
1677 3587 1810 3657 comede,
1820 3589 1847 3641 et

126 3678 192 3735 ideo
207 3679 393 3739 solummedo
405 3685 539 3757 delectat,
551 3703 610 3743 non
621 3690 734 3761 gravat.
746 3688 871 3745 lndeest
881 3689 960 3760 qnod
1013 3681 1073 3736 noli
1083 3686 1238 3753 prepterea
1249 3680 1435 3736 dulcedinem
1448 3676 1566 3749 saporis
1580 3674 1648 3747 ejus
1657 3677 1810 3745 deserere,
1821 3674 1846 3729 si

125 3767 221 3824 tames
236 3769 267 3825 in
281 3770 419 3828 iauoibus
435 3775 535 3830 satiari
550 3790 699 3847 nunquam
715 3778 821 3846 petest,
837 3776 905 3849 qnia
918 3777 960 3832 ibi
1014 3769 1125 3842 aliquid
1141 3769 1344 3825 amaritudinis
1359 3768 1455 3824 seuiiss
1471 3767 1501 3821 in
1516 3767 1629 3821 1111111111·

126 3874 181 3914 nec
190 3861 337 3931 appetitus
346 3879 516 3920 mensuram
524 3865 622 3936 habet,
631 3881 687 3922 nec
698 3865 852 3922 delectatio
860 3868 959 3923 flnem.
1012 3893 1082 3949 CM,
1099 3894 1236 3949 [χχιχ.
1255 3893 1400 3959 Quomodo
1411 3889 1602 3948 ffirpgpvggp
1612 3887 1700 3944 „opis
1714 3888 1845 3944 lucem,

126 3946 159 4002 ln
174 3949 328 4004 stomacho
342 3953 439 4006 autem
454 3952 549 4008 tames
566 3953 729 4008 satietatem
749 3955 867 4025 recipit,
892 3955 960 4027 quia

126 4035 167 4090 ibi
182 4036 328 4106 appetitus
343 4039 449 4094 edendi
465 4044 574 4095 certem
588 4056 758 4096 mensuram
773 4041 862 4099 hahet
872 4047 900 4098 et
910 4044 960 4099 de·
1049 4019 1183 4073 L¹¹⁶⁶s¹¹⁸
1194 4017 1323 4089 ΡΨῙῘῙ1118
1339 4015 1414 4070 '⁰⁰5⁸
1427 4012 1549 4113 ''8'me
1564 4010 1658 4080 (Pm-
1670 4010 1784 4111 ⁰JY¹{¹l·
1795 4011 1847 4111 ΒΡ·

125 4121 243 4178 lectatio
258 4123 356 4180 finem,
372 4126 448 4181 Nam
467 4128 535 4199 quia
559 4128 608 4184 1110
632 4130 856 4202 nutrimentum,
881 4132 960 4204 quod
1014 4123 1102 4162 cerne
1117 4108 1216 4161 lumen
1232 4106 1262 4160 in
1277 4108 1370 4173 testa,
1393 4103 1492 4157 lumen
1508 4117 1538 4154 m
1551 4115 1639 4198 vase,
1660 4100 1846 4199 'divinitasum

127 4210 288 4282 sustentat,
304 4227 363 4268 non
377 4215 502 4286 percipit
516 4216 582 4272 gine
597 4233 696 4273 massa
711 4234 777 4290 qua,
793 4223 906 4293 gravat,
923 4235 960 4275 αθ
1014 4195 1204 4251 humanitate.
1222 4194 1282 4248 Vas
1298 4192 1475 4291 hnmanitas,
1492 4189 1591 4288 lumen
1607 4186 1759 4297 divinitas.
1784 4187 1847 4241 Vrta

126 4297 157 4352 in
181 4299 261 4370 qnod
284 4301 407 4372 prodest
428 4302 505 4358 ulem
528 4305 647 4361 modum
667 4311 806 4378 „ppepm
824 4308 957 4379 incipiat,
1014 4285 1072 4354 via,
1088 4283 1218 4338 tenebrae
1234 4283 1409 4379 ignorantie,
1424 4279 1585 4378 draccessrt
1598 4275 1846 4375 trhrrstnsierens

126 4384 192 4456 ipsa
207 4403 295 4459 quem
310 4389 398 4446 simul
410 4393 536 4464 percipit
545 4409 645 4449 massa
659 4394 742 4451 inum
753 4397 903 4452 onerando
918 4412 961 4452 re,
1016 4373 1182 4440 lucernam3
1199 4370 1332 4471 sequitur
1342 4367 1528 4467 Christianus
1543 4369 1648 4419 tenens
1659 4363 1787 4434 exemph
1798 4377 1847 4463 'se'-

126 4473 232 4531 lrenat.
247 4477 324 4533 Nam
339 4494 406 4536 oum
421 4495 488 4535 eum
503 4497 691 4555 pregravare
702 4486 731 4541 et
744 4485 960 4556 quedammodo
1018 4460 1126 4560 Πξῆθω·
1144 4456 1521 4559 ΡΡἿΡΟδωΗῚΠΜΙΨΘΨ
1549 4453 1710 4520 ¹¹¹⁰⁰¹¹²⁰m3
1726 4467 1765 4507 ⁰¹
1775 4451 1848 4531 dm?

127 4562 275 4622 suffocare
285 4565 389 4639 incipit
402 4568 518 4640 pondus
534 4570 642 4642 ipsum,
658 4571 737 4644 quod
751 4571 861 4628 invitus
874 4572 961 4629 30110,
1017 4538 1847 4647 natateextuhtlucernam,utvrdeamustlde,ambulemus

127 4655 180 4721 rat,
196 4654 362 4711 voluntarie
379 4655 441 4728 jam
463 4662 600 4730 uppem
620 4659 730 4715 desinit
753 4660 962 4716 „ammomum
1015 4627 1848 4707 operatione,dirigemurrmrtahonepraecedentemunum

127 4740 206 4809 qued
222 4742 384 4800 reficiebat.
400 4744 493 4818 Ergo,
509 4745 609 4817 trater,
627 4763 693 4803 cum
708 4746 885 4818 manduces,
901 4747 963 4804 noli
1015 4724 1100 4779 ΠΜ
1114 4725 1284 4796 wilm&

127 4825 312 4902 interrogare
322 4831 691 4906 taucestuesansatiscst,
705 4836 774 4907 quia
783 4833 961 4906 siJ'udicium
1015 4831 1085 4888 thr.
1102 4829 1225 4886 LXXX.
1245 4827 1328 4884 Oenli
1341 4827 1482 4882 benorum
1494 4820 1632 4896 quomedo
1643 4820 1705 4874 sint
1719 4820 1759 4876 ad
1768 4820 1849 4877 Dona

128 4912 824 4992 illarumsequerispriusquameesdelectntione
832 4924 960 4995 repleas,
1356 4914 1433 4967 ”uma
1451 4898 1506 4951 ⁰²⁰·

127 5001 313 5058 stomachum
327 5008 410 5060 tuum
425 5023 515 5064 onere
531 5009 703 5066 suffocabis.
714 5011 853 5067 Ventrem
863 5011 961 5081 petius
1051 5005 1221 5064 Sicutecnli
1230 5020 1386 5061 serrorum
1398 5004 1429 5058 ie
1440 4999 1577 5056 manibus
1587 4995 1771 5053 dominorum
1783 5011 1849 5051 suo·

127 5087 164 5142 de
179 5104 319 5146 mensura
335 5093 442 5149 edendi
457 5098 595 5168 consule,
616 5101 644 5154 et
658 5098 831 5170 priusquam
846 5098 895 5154 ille
909 5098 963 5155 tibi
1016 5111 1081 5150 rum
1095 5093 1190 5165 (Psal.
1203 5091 1326 5164 cxxxu).
1338 5091 1395 5147 Ubi
1406 5081 1543 5157 baculus,
1560 5085 1601 5140 ibi
1612 5083 1727 5139 oculus.
1738 5082 1851 5139 Servus

125 5174 228 5259 delere
241 5178 372 5251 incipiet,
388 5181 492 5239 fauces
508 5185 646 5241 aviditate
662 5200 830 5256 compesce.
1016 5183 1094 5237 enim
1109 5183 1165 5250 est,
1182 5180 1232 5253 qui
1245 5177 1493 5252 timettlegellum.
1505 5173 1615 5230 Oculus
1625 5172 1675 5226 tilii
1685 5171 1721 5226 ad
1732 5170 1850 5226 faeiem.

163 5265 227 5321 Hoc
236 5270 333 5324 tamen
342 5269 378 5325 de
389 5271 456 5326 cibe
466 5273 612 5344 corporali
619 5272 751 5346 intellige
759 5273 879 5329 dictum.
887 5274 962 5329 Nam
1016 5269 1126 5325 Oculus
1141 5268 1222 5324 servi
1237 5268 1274 5325 ed
1287 5282 1416 5322 menum.
1432 5264 1477 5319 lta
1493 5262 1569 5318 oculi
1584 5260 1682 5315 nostri
1696 5257 1734 5314 ad
1749 5259 1851 5314 Demi-

127 5353 164 5409 de
177 5354 338 5414 reiectione
359 5358 522 5429 spiritualis
548 5359 607 5415 cibi
630 5359 732 5418 fauces
753 5361 853 5432 potius
874 5377 962 5433 quam
1017 5375 1084 5413 num
1098 5357 1191 5413 Deum
1207 5361 1349 5421 oestrum,
1367 5351 1652 5410 deneemisereatnr
1666 5346 1776 5403 nestri.

126 5446 231 5498 venter
241 5446 520 5502 suntcensulendm.
530 5446 644 5502 Fauces
657 5448 734 5517 dice,
747 5448 960 5519 noncernales,
1015 5444 1086 5502 Car.
1103 5444 1240 5501 LXXXI.
1256 5444 1377 5507 Bonam,
1396 5446 1425 5496 et
1434 5439 1595 5512 jucundum
1607 5434 1697 5491 simul
1709 5433 1787 5506 qued
1800 5434 1851 5488 sit.

128 5531 182 5584 sed
198 5532 384 5604 spirituales3
400 5535 430 5588 et
443 5537 576 5590 ventrem
591 5535 668 5604 dieo,
685 5550 744 5591 nen
754 5540 887 5591 ventrem
902 5551 962 5590 car
1050 5533 1131 5588 Eece
1142 5531 1338 5605 quambenum
1348 5535 1377 5585 et
1387 5521 1785 5602 qnamjuenndumhabitare
1795 5521 1854 5577 ira·

128 5617 234 5703 palem,
250 5620 305 5678 sed
320 5620 512 5703 spirituatem,
527 5622 603 5691 Nam
618 5623 697 5683 sicut
711 5622 810 5679 cibum
826 5623 962 5697 spiritua·
1016 5621 1082 5679 tres
1098 5622 1128 5676 in
1145 5637 1229 5683 uuum
1245 5618 1338 5688 >Psoi
1352 5617 1474 5687 cxxxii).
1488 5613 1585 5686 lphee
1596 5611 1704 5680 mundo
1716 5610 1852 5693 quedam
