3796 6022
84 309 174 404 ⁸au

459 307 679 374 APPENDIX
700 305 756 371 AD
780 305 971 374 HUGONIS
994 304 1139 370 OPERA
1161 304 1426 371 ooettartca
1779 306 1838 372 348

115 513 212 568 triam.
226 511 638 583 Preeedcnsaquahenedieta
655 513 700 564 est
715 510 854 564 munditia
865 509 944 562 vilae.
1007 511 1029 562 Α
1047 508 1187 563 Kalendis
1198 509 1323 580 Augusti
1336 522 1431 580 usque
1446 509 1480 563 ad
1498 509 1645 564 Kalendas
1655 511 1838 580 Septembris

118 601 285 657 Luminarin
315 617 401 671 opera
428 598 948 670 mise1·ieordiae,juxlaillud:Siut
1005 598 1841 671 legiturelcantaturdeSapientiaquiaAugustussex-

118 691 212 746 Ilirnlri
230 691 325 744 rostri
348 690 514 760 procincti,
530 696 558 742 cl
571 687 952 743 laceramardentesbnaa-
1006 690 1054 740 tus
1071 690 1116 740 est
1133 687 1255 755 mehele,
1269 691 1297 741 ct
1308 688 1336 741 in
1348 690 1431 742 sexta
1444 688 1614 759 atate,quia
1631 689 1773 743 Dominus
1789 705 1839 742 ve-

119 780 207 834 nihus
239 779 350 832 vestris
374 780 455 848 thur.
473 779 534 844 xri).
550 779 690 849 Sequitur
718 793 801 844 crux,
832 776 951 846 signum

119 867 305 937 triumphale,
317 868 386 937 quia
398 867 495 921 muudi
509 866 674 920 effectores
687 866 763 937 legis
775 864 952 934 crucifigunt

120 972 238 1011 earnem
254 959 282 1009 ct
296 956 484 1026 triumphant.
497 956 607 1010 Deinde
629 955 664 1008 ad
684 955 840 1025 legendum
858 953 952 1007 Evan-

120 1045 231 1118 gelium
246 1044 339 1099 fertur
353 1045 498 1115 pulvinar,
511 1049 539 1098 et
554 1049 651 1098 textus
667 1044 869 1113 evangelicus,
885 1042 952 1094 Pul-

120 1134 207 1187 vinar
221 1137 265 1188 est
280 1135 411 1188 suavitas
428 1138 455 1186 ct
471 1133 595 1187 dulcedo
611 1133 639 1186 in
657 1132 801 1186 mandatis
825 1131 951 1186 Domini.

121 1221 205 1277 liude
220 1225 379 1293 propheta:
397 1223 521 1276 Parasti
540 1223 570 1275 iu
593 1222 751 1276 dulcedine
768 1228 815 1276 tua
828 1221 954 1292 perrperi

119 1312 214 1382 (Psal.
232 1312 331 1379 hxt'lt).
349 1311 384 1364 El
398 1313 465 1366 ilem
480 1327 485 1366 :
502 1311 593 1376 Qtram
612 1311 711 1364 dulcia
729 1310 864 1364 lbrrcilrus
880 1310 954 1363 rucis

122 1400 236 1472 eloquia
269 1400 338 1453 lua!
364 1400 465 1469 ll'sef.
500 1405 621 1469 carui).
656 1400 850 1470 Evangelium
882 1413 953 1452 vero

120 1491 167 1544 est
190 1489 420 1558 praecedentium
442 1490 635 1543 coutirmatio.
662 1490 751 1543 Lecto
778 1481 951 1559 Evanigelio,

121 1579 220 1631 textus
232 1580 427 1647 reportatatur
438 1594 528 1648 super
536 1579 680 1648 pulvinar,
689 1579 757 1648 quia
769 1577 913 1645 Ecclesia,
925 1580 955 1630 ut

122 1666 233 1721 audivit
249 1666 452 1737 Evangeliuur,
470 1669 601 1722 suaviter
616 1669 645 1721 in
661 1667 749 1720 corde
766 1667 908 1736 suscepit,
926 1669 954 1718 et

120 1752 217 1808 laetata
233 1760 278 1809 ost
290 1755 374 1826 juxta
392 1756 479 1811 illud:
501 1757 626 1812 Audivit
648 1763 677 1809 ct
699 1756 797 1809 lactata
820 1760 866 1808 est
882 1755 954 1807 Sion

1007 777 1058 843 nit,
1071 776 1213 831 dehemus
1225 780 1345 847 propter
1360 777 1427 846 ejus
1442 777 1630 847 praesentiam
1640 777 1840 848 sapientervi-

1005 881 1087 934 vere,
1104 866 1243 935 quoniam
1259 867 1335 920 iuter
1358 883 1414 920 nos
1439 867 1586 936 Sapientia
1603 866 1668 937 ipsa
1681 867 1779 919 audita
1794 870 1839 920 est

1007 971 1073 1025 qua·
1094 970 1130 1008 ex
1146 970 1196 1009 ore
1214 955 1359 1009 altissimi
1375 955 1491 1025 prodiit.
1511 957 1640 1010 llursum
1654 955 1768 1009 mensis
1783 955 1840 1008 iste

1008 1043 1121 1097 calidus
1143 1048 1189 1098 est
1213 1047 1241 1098 el
1265 1044 1380 1098 medius
1396 1045 1464 1098 anni
1480 1049 1507 1099 ct
1523 1045 1553 1099 iu
1567 1044 1663 1099 media
1679 1048 1773 1111 atate,
1790 1043 1840 1096 ubi

1009 1133 1134 1204 quisquc
1151 1133 1186 1186 alt
1204 1137 1278 1187 astu
1303 1134 1441 1187 vitiorum
1470 1134 1538 1205 plus
1567 1134 1748 1199 accenditur,
1773 1133 1841 1202 plus

1007 1237 1184 1276 succurrere
1201 1221 1349 1293 Sapientia
1374 1222 1471 1277 debet.
1492 1223 1523 1276 lu
1539 1222 1704 1292 Septembri
1734 1222 1843 1293 legitur

1007 1313 1036 1365 et
1047 1314 1180 1365 cantatur
1195 1311 1230 1364 de
1247 1311 1314 1381 lob,
1332 1311 1434 1380 Tobia,
1446 1312 1551 1380 Esdra,
1571 1312 1670 1365 ludith
1683 1316 1711 1365 ef
1722 1310 1840 1377 Esther,

1008 1400 1076 1471 quia
1092 1399 1122 1453 hi
1136 1400 1262 1454 adversa
1279 1400 1423 1469 patienter
1442 1401 1648 1455 sustinuerunt
1664 1403 1692 1455 et
1707 1398 1842 1453 Ecclesia

1008 1488 1038 1542 in
1053 1489 1110 1543 line
1126 1490 1226 1543 mundi
1242 1490 1368 1544 adversa
1378 1490 1474 1544 omnia
1488 1506 1542 1559 pro
1560 1489 1684 1559 Domino
1696 1488 1841 1542 tolerabit.

1010 1578 1033 1630 h
1050 1577 1191 1631 Kalendis
1202 1578 1444 1651 Octobrisusque
1459 1580 1493 1633 all
1511 1578 1710 1632 Noremhrem
1728 1577 1844 1631 blacha-

1010 1668 1142 1721 haeorum
1159 1667 1226 1720 libri
1242 1668 1394 1738 leguntur,
1411 1672 1439 1722 et
1453 1671 1606 1722 cantantur
1625 1667 1693 1721 iude
1716 1682 1842 1735 respon-

1011 1757 1091 1810 soria
1106 1756 1173 1827 quia
1190 1756 1244 1811 iste
1261 1761 1383 1811 octavus
1392 1757 1505 1810 mensis
1517 1755 1844 1811 lactitiamresurrcctio-

121 1843 215 1914 (Psal.
233 1845 322 1915 xcxvi).
346 1846 380 1899 Et
397 1845 486 1900 alibi:
507 1847 615 1899 Aniena
638 1862 701 1900 mea
722 1844 880 1917 liquefacta
897 1848 952 1911 est,
970 1864 996 1925 Β
1012 1845 1844 1917 ιιῑειιιγιίίιιιί,ιμιῐιιειιοιιίιιιιίειιΓιιιίίίεριωΙίίιιοῑι·οείιιιι-

122 1940 152 1987 ut
167 1932 295 1987 dilectus
308 1933 422 1989 locutus
436 1940 482 1988 est
496 1935 594 2006 (Cam.
611 1940 650 2006 v).

267 2021 337 2078 Car.
355 2024 403 2078 lV.
421 2024 465 2077 De
479 2025 606 2078 servitio
621 2025 712 2077 totius
727 2022 806 2078 aurii.

160 2111 192 2164 la
203 2111 347 2181 principio
359 2112 592 2185 Septuagesimoe
607 2113 708 2182 incipit
720 2112 853 2166 Ecclesia
865 2110 957 2165 servi·

124 2199 196 2253 tium
207 2201 297 2254 tetius
308 2201 386 2270 anni,
394 2206 422 2255 et
433 2202 542 2273 legitur
553 2202 780 2256 Pentateuchus.
793 2201 955 2271 Septuage·

126 2288 199 2342 sima
218 2289 297 2343 enim
315 2293 430 2360 tempus
450 2291 626 2361 captivitatis
642 2295 752 2344 nostrae
768 2290 905 2360 designat
919 2288 955 2341 de

124 2393 181 2448 qua
197 2379 232 2432 ad
249 2378 413 2433 Jerusalem
429 2380 553 2449 mystice
576 2380 673 2433 redire
689 2378 841 2448 debemur,
855 2382 884 2431 ul
904 2393 957 2447 per

127 2465 271 2521 lleluaeos
284 2467 352 2521 olim
363 2468 398 2522 dc
411 2468 559 2538 llahylone
571 2472 714 2522 exeuntes
727 2468 883 2539 figuratum
899 2468 953 2519 est.

125 2555 163 2609 Ul
174 2572 246 2628 ergo
262 2572 409 2611 memores
425 2557 485 2610 sint
499 2557 674 2626 captivitatis
690 2572 753 2609 suec
770 2556 819 2626 qui
835 2570 956 2608 sursum

123 2644 255 2714 tendunt,
273 2645 382 2717 legitur
396 2646 521 2716 primum
537 2646 572 2699 de
590 2646 692 2712 hilam,
703 2645 752 2716 qui
768 2644 796 2698 in
811 2643 956 2714 principio

125 2735 226 2789 mundi
242 2734 338 2788 factus
354 2739 409 2802 est,
421 2735 495 2789 etde
511 2734 656 2805 ejectione
672 2734 740 2805 ejus
755 2734 790 2788 de
806 2733 955 2804 paradiso,

126 2823 231 2877 deiude
256 2824 293 2878 de
316 2824 477 2892 diluvi0,et
492 2824 639 2895 quomodo
655 2823 803 2876 Abraham
828 2822 899 2876 exiit
921 2820 956 2875 de

125 2915 203 2966 terra
215 2928 280 2979 sua,
292 2914 366 2967 etde
378 2912 550 2982 hujusmodi
562 2913 724 2980 laboribus,
737 2912 773 2965 ad
789 2911 957 2981 exemplum

124 3002 284 3073 patientiae.
307 3002 341 3056 Et
366 3004 443 3056 sicut
466 3003 535 3056 olim
560 3002 678 3057 Hebraei
703 3001 808 3071 captivi
825 3000 903 3053 ducti
928 3001 957 3053 in

121 3091 306 3164 Babylonem
321 3092 351 3145 in
366 3092 484 3146 tristitia
498 3091 616 3145 fuerunt
631 3090 692 3145 fere
709 3090 854 3161 usquead
870 3089 956 3143 linem

1010 1938 1073 1989 rato
1089 1935 1207 2005 templo,
1220 1936 1249 1988 iu
1261 1935 1378 2006 hymnis
1394 1939 1421 1989 et
1437 1935 1679 1989 confessionibus
1690 1933 1845 1988 benedice-

1008 2024 1079 2078 bant
1094 2025 1260 2093 Dominum,
1276 2025 1320 2077 sic
1336 2025 1365 2077 in
1382 2025 1476 2096 gloria
1492 2024 1721 2079 resurrectionis
1736 2027 1765 2077 ct
1780 2039 1843 2075 ma-

1009 2129 1078 2184 guae
1095 2112 1273 2178 festivitatis,
1290 2113 1450 2167 destructis
1476 2113 1583 2166 diaboli
1608 2112 1731 2183 praeliis,
1749 2112 1842 2165 sancti

1009 2205 1038 2255 et
1051 2202 1123 2273 justi
1140 2203 1169 2255 in
1188 2203 1309 2255 Domino
1326 2202 1424 2256 festivi
1451 2201 1629 2273 gaudebunt,
1647 2200 1731 2271 juxta
1749 2201 1819 2254 illud
1837 2216 1842 2254 :

1010 2291 1099 2345 Beati
1105 2291 1155 2363 ιιιιιΙ
1161 2291 1295 2344 habitant
1303 2291 1488 2358 indomotua,
1500 2290 1724 2360 Domiuetszal.
1732 2306 1843 2343 axxxut

1010 2381 1033 2433 A
1051 2379 1192 2434 Kalendis
1218 2383 1315 2433 aulem
1335 2379 1515 2434 Novembris
1526 2395 1621 2450 usque
1636 2379 1671 2433 ad
1687 2379 1843 2432 adventum

1011 2469 1127 2523 Domini
1143 2469 1283 2540 leguntur
1297 2471 1326 2522 et
1341 2472 1497 2521 cantantur
1513 2466 1664 2535 Ezechiel,
1683 2467 1800 2534 Daniel,
1817 2469 1845 2520 et

1010 2557 1166 2611 duodecim
1178 2556 1329 2626 prophetae
1341 2573 1408 2611 cum
1421 2557 1626 2627 Desponsorio
1639 2573 1644 2610 :
1668 2556 1734 2609 l'idi
1747 2555 1845 2609 florui·

1011 2663 1088 2700 orriri.
1102 2645 1239 2700 Esechiel
1252 2646 1330 2699 enim
1339 2646 1413 2700 vidit
1423 2651 1549 2716 quatuor
1559 2645 1696 2699 animalia
1706 2645 1736 2698 in
1748 2646 1843 2716 ligura

1011 2734 1844 2806 quatuorEvangelistarum,quinativitatem,passionem

1011 2825 1261 2879 resurrectionem
1273 2824 1399 2893 Domini,
1413 2827 1440 2877 et
1450 2824 1659 2878 ascensionem
1669 2823 1842 2889 docueruut,

1012 2929 1137 2984 (luorum
1154 2913 1282 2983 quisque
1298 2929 1335 2966 cx
1351 2912 1503 2982 principali
1520 2912 1680 2966 intentione
1696 2911 1844 2981 propriam

1012 3002 1136 3056 formam
1152 3002 1267 3055 meruit.
1287 3002 1387 3055 Daniel
1399 3017 1517 3072 quoque
1528 3001 1677 3055 Christum
1689 3003 1844 3054 venturum

1012 3090 1325 3162 prophetavitdicens:
1347 3090 1539 3161 Aspiciehum
1556 3091 1587 3142 iu
1606 3090 1670 3143 visu
1691 3089 1795 3151 nortis,
1816 3094 1844 3141 et

126 3181 313 3252 septuaginta
335 3181 458 3249 dierum,
476 3184 608 3235 tacentur
624 3196 714 3234 voces
730 3179 848 3245 lactitiae,
865 3178 957 3249 gemi-
973 3180 997 3242 G
1013 3196 1083 3233 cecc
1098 3179 1195 3233 Filius
1206 3178 1334 3233 lioruiuis
1348 3179 1427 3233 teuit
1438 3179 1523 3243 (Dan.
1535 3180 1596 3248 vul.

125 3273 187 3323 tum
204 3286 271 3323 eum
294 3274 418 3341 utroque
434 3270 577 3323 lrahentcs
593 3270 761 3341 irrigarent
784 3269 814 3321 in
837 3268 884 3322 die
909 3283 957 3321 re-
1048 3268 1188 3322 Siutiliter
1205 3272 1232 3321 ct
1248 3267 1296 3321 alii
1312 3267 1464 3337 prophetae
1479 3268 1680 3338 praedixerunt
1696 3266 1845 3321 Christum

127 3357 322 3411 surrectionis
334 3357 533 3428 multiplicatis
549 3359 666 3413 civibus
682 3357 821 3412 festivius
833 3357 959 3428 gaudeat
1011 3360 1168 3411 venturum
1184 3360 1212 3410 et
1227 3356 1285 3410 imo
1302 3357 1350 3409 isli
1366 3359 1433 3410 ante
1447 3358 1605 3411 odventum
1616 3355 1683 3425 ejus
1695 3356 1844 3426 leguntur,

128 3444 272 3499 Ecclesia.
290 3446 322 3499 lu
338 3444 462 3501 sabbato
477 3447 609 3516 paschali
626 3463 679 3516 pro
695 3446 847 3500 Dominiea
863 3460 960 3499 resur·
1011 3444 1846 3517 quiaclariusadventumejusprerdixer¹unt.hbAdventu

126 3533 257 3589 rectione
272 3550 361 3587 uuum
377 3535 511 3589 canimus
523 3535 693 3605 Alleluia,et
705 3535 773 3606 quia
784 3535 831 3589 hic
843 3550 901 3588 nou
914 3537 960 3587 est
1012 3534 1128 3588 Domini
1145 3549 1239 3604 usque
1255 3535 1290 3587 ad
1307 3534 1439 3588 Natalem
1448 3533 1526 3605 ejuS,
1539 3534 1647 3605 legitur
1658 3533 1752 3586 lsaias
1765 3533 1844 3602 quia,

126 3623 266 3695 gaudium
283 3623 342 3676 nisi
357 3624 385 3677 in
401 3623 511 3693 labore,
522 3624 657 3695 sequitur
667 3624 801 3678 Tractus.
813 3623 845 3677 la
857 3626 958 3677 octava
1012 3627 1120 3693 quanto
1137 3622 1173 3678 de
1184 3622 1301 3677 Christo
1313 3624 1456 3677 urbanius
1467 3627 1495 3677 et
1506 3622 1637 3692 apertius
1649 3621 1845 3691 prophetavit,

126 3715 234 3781 autem,
251 3713 307 3767 hoo
323 3716 369 3767 est
384 3712 413 3766 in
429 3713 557 3767 Sabbato
573 3714 602 3766 in
618 3713 703 3766 Albis
720 3713 829 3782 duplex
845 3711 961 3765 canitur
1012 3715 1091 3765 lanto
1107 3712 1248 3766 nativitati
1269 3711 1336 3782 ejus
1358 3713 1466 3784 legitur
1481 3712 1619 3766 vicinius
1636 3711 1733 3776 Quare
1748 3714 1846 3763 autem

127 3802 252 3856 Alleluia
263 3802 331 3873 quia
347 3803 376 3855 in
391 3801 437 3856 die
451 3802 554 3873 judicii
567 3802 685 3872 plenum
701 3802 756 3855 orit
771 3800 920 3871 gaudium,
932 3804 960 3854 et
1011 3801 1041 3855 in
1056 3801 1205 3854 nativitate
1217 3802 1252 3855 de
1264 3802 1365 3855 eadem
1378 3801 1525 3855 nativitate
1537 3802 1690 3872 legaturet
1701 3803 1844 3865 cantetur,

126 3906 180 3961 pro
197 3891 347 3945 Dominiea
365 3894 392 3944 et
408 3895 508 3945 nostra
533 3891 761 3958 resurreetione,
778 3895 805 3944 et
820 3891 888 3960 quia
904 3889 959 3942 du·
1013 3872 1062 3944 res
1071 3889 1226 3943 manifesta
1235 3892 1290 3943 est.
1303 3890 1426 3944 Tantum
1437 3889 1661 3961 enimgaudium
1672 3892 1845 3958 eoleurpore

128 3979 196 4050 plici
209 3979 367 4050 stolajusti
379 3980 545 4051 fulgebunt.
555 3979 728 4045 Quindecim
743 3983 839 4033 autem
854 3978 960 4032 dicbus
1013 3977 1205 4048 spiritualiter
1221 3978 1441 4048 praedicandum
1460 3981 1488 4033 et
1506 3978 1621 4032 caelitus
1642 3977 1847 4031 demonstrau-

127 4072 194 4122 ente
225 4067 339 4121 Pascha
367 4068 476 4139 legitur
505 4069 661 4138 ieremias,
692 4069 759 4139 quia
789 4068 960 4138 passionem
1014 4068 1082 4121 dum
1093 4069 1276 4138 agnoscitur.
1290 4067 1469 4122 l‘rimavero
1482 4067 1574 4121 missa
1585 4067 1614 4120 in
1628 4069 1714 4120 nocte
1732 4063 1846 4118 Natalis

128 4156 245 4210 Domini
261 4159 360 4226 aperte
376 4157 578 4228 presignavit.
590 4158 634 4211 hb
646 4158 759 4212 octavis
771 4157 906 4226 Paschae,
919 4157 961 4209 vi·
1016 4156 1131 4210 Domini
1139 4156 1690 4228 colalrrata,tcmpusantelegemltloysi
1700 4153 1850 4224 typicede·

127 4245 202 4318 giuti
213 4245 318 4300 diebus
331 4246 527 4316 Apoealypsis
537 4246 645 4318 legitur
656 4249 683 4300 et
695 4250 829 4300 coutetur
842 4249 962 4316 propter
1015 4244 1123 4316 signat.
1138 4243 1284 4312 Secunda,
1295 4262 1361 4316 quac
1371 4261 1458 4299 urora
1474 4248 1631 4315 apparente
1661 4243 1839 4308 celebratur,

126 4335 267 4405 mysteria
287 4329 441 4404 'passionis
457 4338 486 4389 et
502 4336 741 4405 resurrectionis,
762 4351 829 4406 quae
854 4334 961 4389 loanni
1015 4336 1132 4402 tompus
1148 4333 1268 4402 scriptae
1284 4334 1361 4405 legis
1373 4334 1618 4404 etprophctarum
1631 4331 1849 4386 admemoriam

126 4424 255 4479 revelata
283 4427 362 4490 sunt,
379 4427 407 4479 et
430 4425 556 4493 apostoli
585 4425 831 4494 praedicaverunt.
849 4424 960 4477 Deinde
1015 4420 1849 4493 revocatquioperlegemelprephelasluxdeCluisto

127 4513 269 4583 usquead
286 4512 501 4567 ascensionem
518 4513 642 4581 Domini,
656 4512 797 4582 Epistulae
809 4513 959 4566 canonicae
975 4505 1002 4566 D
1015 4510 1096 4564 velut
1111 4510 1169 4564 diei
1185 4511 1285 4564 naratio
1300 4510 1408 4565 mundo
1424 4511 1567 4581 ratpot-uit.
1580 4511 1676 4565 Tertia
1688 4525 1770 4577 vero,
1783 4525 1849 4579 quae

126 4601 267 4673 leguntur
280 4605 309 4655 et
324 4604 416 4656 hctus
432 4602 644 4671 apostolorum,
654 4605 824 4655 etcantatur
834 4599 959 4670 depsal-
1016 4599 1045 4652 in
1060 4599 1155 4652 media
1171 4599 1228 4652 diei
1246 4599 1376 4653 claritate
1392 4599 1530 4653 festivius
1543 4600 1717 4666 celebratur,
1730 4598 1766 4651 ad
1779 4602 1849 4651 tenr-

127 4690 184 4743 mis
201 4690 269 4761 quia
284 4692 312 4744 et
328 4689 420 4764 David
437 4690 621 4760 prophetavit
632 4689 667 4743 de
677 4689 817 4759 passione
828 4693 855 4743 et
867 4705 963 4743 resur-
1014 4703 1071 4758 pus
1087 4687 1215 4741 refertur
1230 4689 1343 4758 gratiae,
1360 4688 1390 4740 iu
1401 4704 1459 4759 qrro
1470 4688 1683 4743 deseenditlux
1695 4703 1802 4758 inagna
1813 4687 1848 4740 de

128 4778 260 4832 rectione
275 4782 303 4832 et
318 4778 506 4848 ascensione,
524 4782 551 4832 et
573 4778 698 4848 apostoli
727 4777 964 4848 praedicaverunt
1016 4779 1089 4833 carlo
1105 4795 1167 4850 qliae
1182 4777 1328 4832 illuminat
1344 4793 1456 4832 omrrem
1471 4765 1618 4833 homiuem
1636 4778 1803 4831 venientem
1819 4777 1849 4829 iu

129 4864 368 4936 quaeaDomino
383 4867 546 4922 didicerant
567 4882 663 4938 usque
692 4867 728 4921 ad
755 4867 963 4921 ascensionem
1016 4867 1354 4939 lrrruemunclruutdoen.
1379 4869 1409 4931 r).
1435 4867 1546 4922 Deinde
1568 4869 1598 4922 in
1618 4866 1747 4936 singulis
1764 4863 1849 4918 festis

130 4951 197 5024 ejus
214 4954 361 5023 corporali
377 4953 510 5009 fruentes
525 4956 694 5025 praeseutia.
708 4955 788 5009 luter
803 4955 964 5009 ascensio·
1016 4957 1118 5010 eadem
1133 4955 1169 5010 de
1181 4972 1270 5010 cause
1282 4956 1392 5028 legitur
1400 4960 1428 5011 et
1439 4957 1561 5011 canitur.
1575 4955 1620 5009 Ab
1629 4954 1742 5008 octavis
1754 4957 1850 5007 autem

131 5056 198 5096 nem
214 5045 241 5096 et
253 5042 448 5096 Pentecosten
460 5047 593 5098 cantatur
608 5045 644 5098 de
659 5044 736 5099 festo
747 5042 965 5115 quiadiseipuli
1017 5043 1188 5114 Epiphaniae
1217 5062 1313 5116 usque
1341 5046 1377 5099 ad
1394 5044 1657 5116 'Septuagesimam
1683 5042 1798 5097 canitur
1815 5042 1851 5096 de

131 5130 416 5199 sursumsublevoti,
425 5131 521 5185 Patris
533 5132 965 5204 promissaexspeclabantmu·
1017 5132 1152 5203 psalmis,
1160 5138 1189 5187 ct
1199 5135 1339 5206 leguntur
1348 5133 1489 5204 Epistolae
1499 5133 1591 5201 Pauli,
1602 5127 1670 5203 auia
1679 5136 1745 5202 post
1754 5132 1850 5201 legem

131 5234 213 5274 nera.
223 5218 295 5272 Post
304 5218 499 5273 Pentecosten
510 5236 606 5290 usque
622 5221 658 5274 ad
674 5221 822 5276 lialeudas
837 5221 966 5292 Augusti
1018 5221 1183 5292 prophetia,
1197 5227 1224 5276 ct
1238 5228 1306 5293 post
1322 5223 1516 5294 Evangelium
1527 5222 1677 5291 Scriptura
1690 5221 1852 5290 apostolica

131 5307 345 5379 legunturlibri
359 5308 520 5378 Regumel
532 5309 754 5364 cantaturfleus
764 5309 965 5380 arrrniumquia
1019 5311 1100 5366 adid
1115 5312 1194 5382 quod
1210 5312 1377 5367 audivimus
1392 5311 1551 5365 intonando
1568 5313 1743 5364 commovet.
1755 5310 1852 5363 ltema

132 5398 211 5453 sieut
224 5395 304 5465 Saul,
322 5394 450 5464 Samuel,
468 5395 570 5465 David,
587 5401 615 5450 et
631 5396 679 5450 alii
695 5414 748 5468 pro
763 5398 829 5470 lege
846 5398 899 5453 Dei
914 5414 966 5468 pu·
1019 5400 1400 5473 Septuagesima,usquead
1411 5400 1524 5454 Pascha
1535 5403 1728 5470 repraesentat
1737 5401 1853 5468 tempus

132 5489 308 5559 gnaverunt,
326 5485 371 5538 sie
394 5501 449 5539 nos
473 5487 630 5556 postquam
658 5487 827 5557 accepimus
857 5488 966 5542 donum
1018 5489 1163 5544 abhdam
1181 5491 1480 5561 usqueadllloyseg,
1498 5487 1851 5559 inquomorsreguuvil.

133 5576 261 5645 Spiritus
272 5574 366 5630 saneti
382 5573 412 5627 in
428 5573 603 5644 baptismate
618 5577 645 5628 et
660 5575 766 5628 virtute
777 5591 910 5647 pugnare
921 5577 967 5631 de·
1022 5579 1105 5634 Unde
1117 5580 1184 5650 quia
1201 5584 1271 5634 tunc
1287 5581 1371 5649 culpa
1383 5577 1662 5649 contrariajustitiae
1677 5591 1854 5631 commemo·

133 5663 239 5723 bemus
250 5667 352 5721 contra
362 5662 965 5736 daemoneS,formati,uati,nutriti,armati.
1022 5670 1113 5739 ratur,
1132 5668 1234 5724 Gloria
1249 5669 1280 5722 iu
1296 5668 1425 5725 excelsis
1440 5667 1502 5722 Deo
1512 5667 1594 5729 (Luc.
1608 5667 1638 5727 ul
1649 5665 1763 5733 siletur,
1775 5664 1853 5738 quod
