3796 6022
142 250 202 315 6Ιῦ

537 250 758 314 APPENDIX
772 248 830 313 AD
845 247 1038 314 HUGONIS
1053 248 1197 312 OPERA
1211 247 1475 314 nocrimen.
1572 240 1573 244 ’

1812 244 1875 310 eta

144 450 302 521 aspiciunt,
317 467 363 506 me
380 451 472 505 Deum
487 465 546 505 non
562 450 672 505 habere
687 450 864 505 insultantes
878 450 980 505 dicunt
992 432 1022 490 Α
1036 450 1074 504 ad
1088 450 1240 522 meipsum,
1256 449 1286 503 id
1297 452 1343 504 est
1350 448 1379 503 in
1387 448 1512 519 meipso,
1525 449 1592 519 quia
1601 447 1661 502 etsi
1670 446 1747 505 foris
1754 449 1873 502 contur-

182 539 583 612 llisigituqinsultationibus
593 538 704 594 fractus
720 539 976 610 taederecoeperat,

145 631 199 686 sed
215 644 284 683 mox
298 629 334 683 ad
349 628 542 697 semetipsum
549 643 702 698 reversus,
715 631 743 683 et
751 628 847 700 qualis
859 628 897 683 sit
904 644 979 698 proe-

144 717 238 773 sentis
257 716 326 770 vitae
342 716 469 771 conditio
487 717 692 786 considerans,
709 717 785 772 atali
802 733 835 770 se
850 732 977 771 moerore

144 805 279 878 castigat,
297 804 424 858 dicens:
448 804 518 858 Haec
541 805 718 859 recordatus
742 822 815 871 sarri,
842 805 976 878 qnoniam

144 893 279 950 transibo
291 909 350 964 per
366 893 587 948 tabernaculum
612 894 651 948 ad
678 895 802 962 domum,
819 894 847 947 id
863 897 909 948 est
923 909 978 965 per

142 983 274 1039 laborem
282 981 320 1035 ad
329 981 473 1051 requiem.
485 980 576 1046 Quasi
587 982 664 1036 dicat
672 998 677 1037 τ
685 981 759 1038 Cum
770 983 805 1036 de
816 983 975 1052 praesentis

141 1072 210 1126 vitae
222 1070 357 1126 molestia
369 1070 559 1125 contristatus
571 1086 648 1141 sum,
661 1071 803 1142 qualissit
816 1072 975 1141 praesentis

140 1162 209 1216 vitae
224 1159 353 1214 conditio
369 1158 542 1213 recordatus
556 1174 702 1214 nonaum.
720 1160 806 1214 Nunc
822 1164 919 1215 autem
929 1176 976 1214 re·

143 1251 282 1305 cordatus
297 1263 374 1316 sum,
391 1249 461 1318 quia
485 1264 572 1302 nemo
596 1251 694 1317 potest
707 1248 863 1318 pervenire
878 1249 915 1302 ad
929 1263 975 1302 re-

1033 539 1182 594 bationem
1197 553 1256 592 nou
1271 538 1402 593 inveniat
1417 538 1496 607 ipsa,
1520 552 1586 592 eam
1608 552 1673 592 suae
1691 535 1870 591 conditionis

1033 627 1355 698 corruptioconturbat,
1363 626 1444 681 idest
1451 627 1671 681 licetexteriora
1681 625 1870 680 incitamenta

1033 716 1146 786 peccati
1162 715 1312 785 desinant,
1329 715 1394 785 ipsa
1408 716 1505 769 tamen
1522 714 1592 768 vitia
1607 731 1645 768 ex
1659 714 1785 769 naturali
1806 727 1871 768 eor-

1033 804 1168 875 ruptione
1184 807 1248 858 orta
1262 819 1309 858 me
1324 803 1509 859 conturbant.
1526 802 1598 867 Quae
1614 818 1687 875 ergo
1701 802 1869 857 adhibenda

1033 896 1104 949 sunt
1116 893 1246 949 remedia
1267 897 1369 948 contra
1389 893 1552 948 recidivum
1572 893 1702 947 saccati?
1724 892 1870 962 Baptizari

1033 981 1139 1037 iterum
1151 997 1214 1059 'non
1230 996 1410 1052 possumus,
1436 984 1576 1036 ettamen
1595 983 1660 1035 vice
1682 980 1870 1051 baptismatis

1016 1073 1135 1125 'contra
1149 1070 1318 1141 quotidiana
1333 1073 1452 1140 peccata
1469 1070 1672 1140 quotidianum
1697 1069 1809 1124 fontem
1830 1069 1869 1123 la-

1033 1175 1200 1230 crymarum
1210 1158 1364 1228 babemus,
1382 1160 1411 1213 et
1421 1159 1446 1212 si
1457 1159 1568 1229 saepius
1579 1158 1719 1229 baptizari
1729 1156 1869 1228 prohibe·

1032 1263 1098 1301 mur
1111 1263 1165 1316 per
1178 1262 1294 1319 aquam,
1302 1247 1651 1318 nunquamprohibemur
1659 1263 1712 1317 per
1719 1245 1868 1316 poeniten-

140 1340 249 1411 quiem,
266 1336 318 1408 qui
328 1336 410 1405 prius
426 1335 553 1390 uoluerit
561 1336 766 1407 aequanimiter
776 1337 927 1392 sustinere
933 1336 975 1391 la·
1031 1336 1110 1390 tiam.
1127 1335 1267 1407 Sequitur
1280 1351 1353 1408 ergo
1364 1351 1420 1390 nos
1434 1337 1528 1408 gratia
1538 1337 1627 1407 primi
1641 1335 1829 1405 baptismatis
1838 1336 1868 1389 in

140 1428 254 1482 boram.
270 1425 343 1489 Quia
360 1423 495 1478 transibo
506 1440 564 1495 per
580 1424 801 1479 tabernaculum
812 1425 850 1504 ad
860 1426 974 1481 domum
1030 1424 1211 1494 poenitentia,
1228 1425 1558 1496 sicutpopulnmlsrael
1574 1425 1789 1495 perdesertnm
1798 1440 1867 1496 gra·

140 1513 576 1584 Tabernaculumbstpraesens
596 1512 976 1584 Ecclesia,domusestcoe·
1031 1513 1159 1567 dientem
1182 1529 1257 1584 aqua
1279 1513 1315 1568 de
1337 1517 1434 1586 petra,
1458 1518 1489 1568 ut
1512 1516 1629 1585 quotics
1644 1514 1674 1567 in
1690 1512 1783 1584 hujus
1798 1514 1866 1568 vitae

139 1605 226 1658 lestis
241 1603 344 1673 patria.
361 1600 393 1654 ln
417 1600 606 1656 tabernaculo
622 1601 706 1656 locus
722 1605 778 1671 est,
808 1602 877 1672 qnia
891 1606 973 1656 extra
1031 1603 1150 1657 deserto
1165 1618 1219 1673 per
1232 1607 1386 1674 peccatum
1401 1604 1581 1674 arescimus,
1597 1618 1650 1675 per
1664 1602 1866 1673 paenitentiam

140 1690 563 1746 fidemtutamansioessenon
576 1693 683 1760 potest.
696 1690 758 1744 Nec
773 1691 974 1745 solumtrans·
1031 1690 1209 1746 reficiamur.
1234 1692 1307 1757 Quia
1326 1693 1418 1764 igitur
1439 1692 1568 1765 quotidie
1590 1692 1686 1746 anima
1706 1694 1810 1745 nostra
1829 1691 1866 1745 ad

139 1780 354 1851 iboperlocum
365 1778 556 1849 tabernaculi,
569 1778 662 1832 sedin
679 1777 771 1832 locam
787 1779 974 1834 tabernaculi
989 1755 1014 1817 Β
1030 1780 1231 1851 nosmetipsos
1252 1780 1444 1835 conturbatur
1463 1797 1610 1836 memores
1636 1781 1687 1835 Dei
1706 1781 1804 1834 simus
1829 1779 1865 1834 de

137 1871 166 1944 id
181 1875 226 1924 est
237 1870 273 1924 dc
289 1868 459 1923 infidelitate
469 1868 506 1921 ad
517 1867 624 1937 ssdem3
640 1867 676 1920 de
693 1867 794 1922 fidead
811 1867 969 1921 beatitudi-
1030 1875 1113 1924 terra
1138 1869 1294 1939 dardania,
1318 1872 1349 1923 ut
1369 1870 1484 1924 scilicet
1501 1869 1581 1925 illam
1596 1869 1692 1923 adhuc
1708 1868 1864 1924 remissio-

138 1956 465 2026 nemldeoinloonm,
496 1961 526 2010 ut
553 1956 640 2011 fidem
661 1959 771 2009 rectam
801 1956 973 2011 uousolum
1028 1973 1275 2028 nemquaeramus
1287 1959 1508 2028 inpoenitentia,
1521 1956 1868 2029 quomolimaccepimus

137 2051 238 2105 tencre
250 2046 397 2117 incipiam,
414 2045 467 2100 sed
485 2060 580 2115 usque
596 2046 625 2098 iu
641 2045 730 2099 finem
759 2045 789 2098 in
804 2059 839 2098 eo
853 2060 972 2114 perma-
1027 2046 1055 2099 in
1072 2062 1165 2119 aqua,
1183 2050 1211 2101 et
1226 2049 1305 2101 tanto
1321 2046 1504 2116 fiducialius,
1532 2048 1641 2118 quanto
1661 2045 1795 2117 apertius
1809 2061 1867 2101 non

137 2153 234 2192 neom.
252 2136 442 2190 Necterrere
469 2133 556 2188 debet
584 2133 668 2187 labor
697 2132 877 2202 certaminis,
904 2134 973 2204 quia
1025 2135 1121 2206 ipsius
1134 2138 1318 2190 sacramento
1331 2135 1465 2206 signatos
1477 2151 1546 2190 esse
1558 2134 1782 2207 cognoscimus.
1792 2132 1867 2199 Quid

137 2224 271 2282 mirabile
286 2228 332 2279 est
347 2223 580 2292 tabernaculum,
598 2225 626 2277 et
641 2221 801 2294 multajam
816 2222 846 2275 in
862 2237 897 2277 eo
912 2222 972 2276 ful·
1025 2219 1597 2295 euimperlordanemrectiusaccipitur
1608 2239 1696 2295 quam
1704 2223 1867 2295 baptisma?

136 2318 208 2388 gent
222 2312 357 2383 exempla
367 2312 494 2379 uirtutis.
512 2311 547 2365 Et
562 2312 631 2381 quia
642 2327 696 2382 per
705 2311 928 2366 tabernaculum
935 2312 972 2366 ad
1026 2312 1061 2368 Et
1076 2314 1146 2385 quid
1161 2330 1214 2384 per
1229 2317 1338 2368 terram
1353 2314 1510 2385 iordanis,
1533 2314 1590 2369 nisi
1611 2313 1742 2368 humana
1763 2316 1867 2367 natura

139 2405 269 2472 domum,
284 2403 314 2456 id
330 2405 376 2456 est
390 2416 443 2471 per
458 2399 591 2455 laborem
606 2401 643 2454 ad
666 2400 800 2471 requiem
815 2401 973 2455 transitum
1027 2402 1125 2456 abluta
1141 2402 1220 2457 fonte
1237 2403 1442 2474 baptismatis?
1468 2403 1508 2458 lle
1533 2406 1612 2457 terra
1633 2418 1707 2475 ergo
1727 2402 1866 2458 iordanis

139 2508 208 2549 esse
224 2489 343 2563 agnovi,
355 2489 556 2544 ideoanimum
567 2504 663 2543 meam
673 2487 735 2559 jam
750 2489 878 2560 amplius
889 2493 973 2544 extra
1025 2507 1173 2546 memores
1190 2492 1243 2546 Dei
1259 2508 1379 2561 sumus,
1403 2493 1520 2563 quando
1537 2492 1670 2547 eamdem
1685 2490 1866 2546 ablutionem

137 2595 185 2636 me
200 2595 260 2635 non
271 2577 370 2648 effudi,
388 2578 442 2632 sed
456 2578 487 2631 iu
501 2575 654 2632 meelludi.
664 2577 746 2632 Siout
760 2578 972 2650 augustiaani-
1024 2582 1187 2652 queerimus
1202 2581 1232 2635 in
1248 2582 1434 2652 poenitentia,
1457 2597 1545 2654 quam
1564 2581 1627 2651 jam
1643 2581 1713 2635 olim
1729 2580 1866 2636 memini-

136 2685 215 2725 mum
230 2667 418 2739 constringit,
430 2666 580 2721 siclaetitia
591 2664 735 2722 diffundit.
743 2665 886 2738 Quisquis
898 2683 970 2739 ergo
1025 2685 1091 2723 mus
1107 2684 1163 2723 nos
1178 2669 1215 2723 ab
1231 2685 1266 2724 eo
1283 2670 1439 2741 accepisse
1455 2670 1485 2723 iu
1500 2685 1586 2741 aqua.

136 2761 166 2814 iu
181 2758 272 2814 rebus
281 2755 562 2811 transitoriislaetari
571 2757 690 2825 appetit,
707 2759 789 2810 extra
804 2755 972 2810 senuimam
1060 2758 1215 2829 Sequitur:
1232 2759 1440 2814 EtHernionii
1450 2775 1465 2813 a
1476 2764 1574 2814 monte
1585 2759 1707 2814 modico.
1720 2757 1864 2813 Subaudi·

136 2845 370 2915 suumeilundit.
394 2844 449 2910 Qui
465 2860 535 2899 vero
552 2848 669 2899 terrena
685 2845 783 2898 omnia
810 2860 885 2898 vana
900 2860 970 2899 esse
1024 2849 1191 2903 turmemor
1203 2847 1863 2920 enotuiilermouiumiuterpretatnranatbe·

137 2937 343 3005 considerans,
361 2936 500 2989 securius
514 2934 818 2989 inconscientiabona
827 2934 969 3005 gaudium
1026 2937 1186 2991 matinatio.
1199 2936 1232 2990 ln
1244 2937 1390 3007 baptismo
1405 2941 1502 2992 autem
1517 2936 1676 3007 diabolum,
1689 2952 1757 2991 cum
1769 2935 1862 2992 omui·

136 3028 251 3099 quaerit,
268 3026 315 3079 bie
330 3025 406 3079 intra
422 3040 455 3078 se
471 3024 598 3078 animam
612 3038 697 3078 suom
720 3020 851 3077 effundit.
873 3022 968 3093 Supra
1026 3026 1083 3081 bus
1101 3025 1242 3096 operibus
1253 3029 1281 3080 et
1291 3026 1407 3097 pompis
1419 3025 1486 3098 ejuc
1497 3024 1819 3095 anathematizavimus,
1836 3028 1863 3079 et

135 3133 168 3173 se
184 3120 281 3172 autem
291 3116 388 3169 anima
404 3112 572 3181 effunditur,
589 3112 771 3183 quandoper
786 3113 968 3182 contempla·
987 3092 1009 3152 C
1027 3115 1145 3170 Christo
1160 3115 1331 3169 conformes
1347 3115 1416 3169 facti
1432 3115 1602 3170 amembris
1614 3114 1724 3170 diaboli
1735 3113 1862 3186 separati

135 3207 224 3262 tionis
239 3205 381 3278 gaudium
395 3202 425 3256 in
445 3217 545 3256 amore
561 3201 724 3256 conditoris
747 3201 893 3255 dilatatur.
910 3202 968 3256 Sed
1027 3220 1142 3259 sumus.
1160 3205 1254 3259 Homo
1270 3205 1360 3276 igitur
1374 3221 1428 3274 per
1438 3205 1616 3275 baptismum
1628 3220 1644 3257 a
1654 3204 1863 3274 diabolosepa·

135 3296 309 3351 cumauima
324 3295 400 3347 intra
416 3307 449 3346 se
465 3290 634 3360 effunditur,
662 3291 761 3345 statim
789 3289 966 3361 animalitas,
1026 3297 1118 3360 ratus,
1136 3294 1167 3346 iit
1182 3293 1313 3347 Hermon
1328 3309 1414 3347 moos
1429 3309 1482 3364 per
1494 3294 1642 3362 virtutem,
1659 3292 1796 3347 modicus
1810 3307 1861 3363 per

130 3402 197 3458 quae
212 3384 390 3439 exteriorem
405 3380 628 3435 delectationem
643 3384 729 3450 amat,
748 3380 940 3434 contristatur
956 3396 962 3435 :
1026 3382 1229 3437 humilitatem.
1246 3381 1368 3447 Quando
1379 3382 1750 3453 itoqueperpoeuitentiam
1764 3398 1782 3436 a
1794 3383 1861 3450 Deo,

132 3489 220 3546 quam
235 3471 443 3542 unusquisque
464 3470 561 3523 fidelis
590 3470 662 3523 nutu
676 3468 800 3522 rationis
816 3469 969 3539 corrigere
1026 3472 1168 3525 virtutum
1183 3472 1260 3526 dona
1281 3487 1335 3542 per
1351 3475 1505 3542 peccatum
1528 3472 1640 3526 amissa
1664 3470 1861 3542 requirimus,

134 3562 232 3632 debet,
249 3561 352 3616 dicens
370 3575 376 3613 :
395 3559 492 3623 Quare
503 3556 602 3611 tristis
614 3573 655 3622 es,
674 3557 770 3610 anima
785 3559 971 3626 meatquare
1025 3561 1112 3631 quasi
1127 3561 1162 3615 de
1179 3561 1295 3615 modico
1311 3564 1409 3615 moute
1430 3560 1598 3630 Hermonii,
1625 3559 1692 3631 ejus
1716 3574 1862 3615 memores

134 3652 219 3707 doles
233 3654 262 3704 te
270 3650 395 3720 perdere
411 3647 489 3719 quod
504 3661 564 3700 uon
588 3648 685 3715 potest
701 3646 830 3699 retinere
844 3643 850 3698 Ι
870 3644 968 3710 Quare
1024 3664 1140 3719 sumus,
1157 3651 1226 3720 quia
1242 3649 1286 3703 sic
1302 3650 1371 3704 olim
1382 3665 1438 3704 nos
1454 3650 1599 3704 adinbolo
1610 3652 1765 3720 separatos
1777 3652 1862 3720 etper

135 3734 745 3808 conturbasme‘?quiatibipernaturalem
755 3733 971 3789 affectumcon·
1023 3740 1162 3793 virtutem
1191 3738 1320 3809 exaltes,
1344 3740 1372 3793 et
1401 3754 1455 3809 per
1482 3739 1619 3794 virtutem
1648 3737 1861 3794 conformitatis

137 3830 261 3904 junctus
276 3844 353 3897 sum,
366 3828 395 3881 in
411 3826 451 3881 tui
467 3824 633 3880 turbatione
647 3838 704 3895 ego
723 3823 889 3877 inturbatus
901 3839 970 3879 esse
1023 3827 1134 3882 Christi
1148 3831 1338 3898 temperatos,
1356 3828 1553 3883 meminimus.
1571 3828 1613 3884 De
1628 3831 1706 3883 terra
1722 3827 1861 3883 iordanis

135 3936 195 3976 non
206 3935 340 3991 possum.
351 3918 447 3989 Spera
457 3914 564 3980 intteo,
578 3914 646 3985 quia
657 3912 684 3966 si
693 3915 970 3982 nuueproptereum
1023 3916 1090 3988 ejus
1108 3932 1255 3971 memores
1271 3932 1386 3988 sumus,
1403 3917 1521 3988 qnando
1533 3917 1559 3971 ei
1571 3916 1704 3972 eamdem
1716 3919 1859 3986 naturam,

133 4008 319 4064 transitorias
331 4002 970 4073 delectationessponterespuis,permansu-
1023 4021 1110 4076 quam
1125 4007 1208 4076 prius
1224 4021 1278 4076 per
1292 4022 1398 4077 aquam
1414 4006 1553 4076 baptismi
1573 4022 1590 4059 a
1610 4009 1732 4077 peccato
1754 4005 1858 4077 abluit,

134 4091 815 4168 raspostmodumipsotribueutccousequeris:
826 4089 967 4155 Quoniam
1022 4110 1075 4165 per
1088 4095 1290 4165 poenitentiam
1301 4111 1379 4150 nunc
1390 4095 1566 4149 abluendam
1578 4093 1741 4150 offerimus.
1755 4094 1797 4150 De
1805 4109 1861 4149 mo·

134 4188 229 4242 adbuc
244 4182 468 4240 coniteborilli.
479 4181 552 4236 Cum
566 4179 780 4249 adeptusfuero
789 4181 868 4252 quod
878 4197 967 4252 spero
1023 4184 1090 4238 dico
1101 4187 1200 4239 monte
1213 4185 1365 4239 Hermonii
1375 4183 1443 4254 ejus
1452 4199 1600 4240 memores
1612 4199 1727 4253 sumus,
1744 4183 1859 4257 quando

133 4278 203 4332 tunc
222 4274 348 4329 laudubo
363 4272 455 4341 illum,
473 4274 501 4324 et
511 4268 674 4325 conitebor
693 4269 739 4323 illi
753 4269 789 4324 de
806 4286 864 4342 quo
879 4270 967 4325 dubi·
1022 4289 1179 4344 precamur
1193 4274 1269 4328 dona
1283 4273 1424 4328 virtutum
1439 4289 1506 4327 cum
1522 4273 1685 4328 bumilitate
1703 4272 1793 4328 nobis
1812 4287 1858 4328 re-

132 4365 254 4421 tandum
265 4379 323 4419 nou
338 4366 394 4431 est,
411 4360 479 4432 quia
495 4360 558 4430 ipse
573 4361 619 4413 est
634 4357 766 4413 salutare
785 4358 881 4413 vultus
896 4359 964 4430 moi,
980 4411 1007 4474 D
1024 4364 1123 4432 stitui;
1139 4378 1206 4433 quae
1221 4364 1375 4433 priusnos
1391 4364 1427 4418 ab
1440 4378 1474 4417 eo
1490 4363 1644 4434 accepisse
1660 4363 1858 4417 meminimus.

132 4457 163 4511 id
177 4458 224 4511 est
239 4452 441 4509 similitudinis
458 4465 541 4520 meae,
559 4449 649 4503 idest
665 4449 866 4517 hom0,etest
884 4448 966 4503 Dens
1016 4451 1107 4516 <Quod
1122 4455 1280 4521 utrumque
1295 4453 1437 4507 memoria
1454 4452 1570 4522 dicitnr,
1591 4452 1660 4523 quia
1680 4451 1738 4506 hoc
1757 4452 1858 4506 iterato

131 4561 225 4601 meus,
242 4544 361 4598 Nouest
369 4540 561 4595 dubitandum
570 4539 642 4609 quin
651 4536 824 4592 mortalibus
839 4538 965 4606 promis·
1023 4542 1150 4610 petimus
1166 4541 1246 4613 quod
1261 4543 1344 4611 prius
1360 4542 1516 4612 accepisse
1530 4557 1586 4596 nos
1601 4540 1805 4595 recordamur.
1826 4538 1859 4593 Et

133 4650 198 4689 gam
213 4633 405 4689 {eternitatem
420 4629 539 4698 tribuat,
564 4642 653 4697 quem
667 4641 720 4695 pro
736 4624 831 4679 salute
856 4629 967 4679 morta·
1023 4629 1719 4703 uecessocstpoenitere,quiaabyssusabyssum
1733 4630 1858 4700 invocat,

134 4724 206 4781 lium
217 4722 422 4792 assumpsisse
434 4717 568 4773 mortalia
582 4717 707 4785 constat,
718 4718 745 4768 et
756 4715 807 4785 qui
815 4730 868 4785 pro
879 4714 966 4770 nobis
1021 4718 1051 4772 id
1066 4722 1112 4773 est
1123 4718 1269 4790 judicium
1281 4719 1477 4774 damnationis
1487 4719 1522 4772 ad
1539 4718 1805 4774 conformationem
1813 4716 1858 4772 sui

132 4815 264 4866 nostram
279 4814 403 4865 mortem
417 4808 475 4878 pati
491 4805 593 4874 voluit,
612 4803 809 4874 multomagis
824 4803 912 4857 nobis
928 4803 968 4857 vi·
1021 4807 1140 4862 adducit
1160 4807 1306 4878 judicium
1330 4807 1525 4863 mortalitatis·
1549 4807 1580 4862 Si
1601 4807 1740 4862 videmus
1755 4821 1857 4863 verum

133 4905 192 4955 tam
207 4916 292 4955 suam
302 4898 431 4954 donabit.
444 4896 528 4962 Quod
552 4896 649 4966 potest
664 4893 772 4962 facere,
804 4893 873 4963 quia
888 4893 967 4947 lleus
1021 4897 1101 4967 quod
1115 4897 1210 4966 primo
1225 4897 1336 4951 homini
1351 4897 1485 4967 peccanti
1506 4896 1634 4951 minatus
1658 4911 1691 4951 es
1714 4899 1854 4964 mortem,

133 4991 190 5059 est,
207 4991 239 5042 ut
254 4988 353 5042 neoda
364 4987 513 5041 voluntate
528 4984 595 5054 ejus
612 4983 741 5052 dubites,
758 4983 808 5054 qui
819 4982 967 5052 pronubis
1022 4986 1177 5040 credamus
1194 4986 1394 5041 etiamverum
1404 5001 1474 5041 esse
1485 4986 1564 5058 quod
1575 4985 1769 5057 peccantibus
1781 4998 1857 5041 nunc

133 5079 222 5134 homo
239 5077 336 5131 faetus
352 5079 407 5144 est,
424 5089 479 5128 nec
495 5074 531 5129 de
546 5076 700 5142 potestate,
717 5072 786 5143 quia
801 5071 882 5126 Deus
893 5074 949 5126 est.
1021 5077 1049 5129 et
1060 5074 1089 5128 iu
1101 5066 1855 5146 peccatoperseverantibusmiuarisdamnationem.

167 5167 217 5223 Ad
229 5165 372 5237 meipsum
388 5164 485 5218 anima
508 5178 573 5217 moa
594 5159 768 5216 conturbata
799 5168 855 5217 est.
884 5160 968 5227 Quod
1019 5163 1160 5236 Alyssos
1169 5164 1270 5236 igitur,
1287 5165 1316 5219 id
1328 5163 1526 5236 estjudicium
1538 5164 1753 5235 damnationis3
1770 5163 1857 5237 abys-

132 5257 229 5315 auima
245 5269 310 5310 mea
331 5251 504 5307 conturbata
520 5256 576 5321 est,
593 5252 630 5305 ad
658 5266 705 5306 me
720 5250 817 5306 solum
833 5250 964 5307 referen·
1020 5268 1093 5324 snm,
1111 5253 1140 5307 id
1156 5256 1202 5308 est
1213 5252 1360 5325 judicium
1369 5253 1555 5309 mortalitatis
1571 5259 1699 5322 invocat,
1718 5252 1857 5326 quiahoc

133 5347 204 5405 dum
217 5348 273 5418 est,
285 5340 617 5417 quianisipriusmeum
630 5340 968 5411 peccatumprcecessis·
1019 5342 1092 5398 illud
1107 5343 1270 5398 confirmat.
1291 5342 1342 5398 Vel
1354 5341 1499 5414 judicium
1515 5342 1595 5415 iguis
1614 5343 1762 5415 futurum,
1782 5341 1858 5416 judi-

133 5442 190 5510 set,
207 5451 277 5494 caro
288 5433 363 5490 foris
374 5435 579 5504 corruptanon
591 5433 688 5500 esset3
702 5432 730 5486 et
744 5429 810 5487 ideo
827 5429 894 5503 ejus
907 5447 969 5487 cor·
1020 5433 1193 5504 ciumaquae
1208 5433 1403 5503 praeteritum,
1421 5432 1469 5488 vel
1484 5432 1600 5488 Novum
1616 5433 1855 5502 Testamentum,

133 5537 231 5607 ruptio
245 5534 281 5590 ad
296 5531 355 5589 mei
365 5523 710 5597 conturbationemJ'nste
721 5523 882 5593 reducitur,
898 5523 967 5596 quia
1019 5521 1099 5596 quod
1114 5522 1485 5595 poenitentiampraecep1t3
1500 5522 1537 5578 ad
1552 5523 1609 5578 hoc
1620 5522 1856 5580 confirmandum

133 5641 171 5689 ex
185 5639 250 5684 mea
265 5623 351 5698 eulpa
364 5619 492 5696 primum
503 5615 570 5695 ejus
586 5614 735 5689 corruptio
746 5613 905 5672 oriebatur.
914 5613 967 5670 Vet
984 5600 987 5607 ’
1019 5613 1112 5673 Vetus
1127 5613 1346 5672 Testamentum
1353 5611 1473 5671 adducit
1482 5612 1537 5672 Vel
1549 5612 1679 5689 abraam
1690 5612 1800 5672 brine
1808 5626 1856 5672 aa·
