3796 6022
79 326 161 399 iffi?
492 329 712 398 APPENDIX
726 329 783 396 AD
799 328 990 398 Hueonts
1006 328 1150 396 OPERA
1165 329 1364 395 MYSTIOA.

382 524 511 592 SERMO
525 527 603 591 LXI.
926 512 1028 588 Areae
1038 531 1202 601 videamus,
1224 534 1252 587 et
1266 547 1332 603 quae
1353 532 1463 587 nostru
1484 525 1681 587 aedificationi
1696 524 1720 603 p‘t

284 623 329 680 De
344 625 486 697 operibus
504 640 561 680 sex
581 625 706 680 dierum.
970 618 1720 694 diligenterinquiramus.inprincipiocreavitDet

101 711 284 786 Inpriaeipio
294 715 411 770 creavit
417 714 498 770 Deus
507 714 611 770 eoelam
621 721 649 770 et
660 711 868 784 terrarafficn.
881 712 912 780 1).
970 708 1029 764 lain
1046 717 1075 764 et
1091 716 1214 765 terram.
1231 709 1344 765 Caelum
1359 711 1493 780 spiritus,
1508 713 1590 764 terra
1618 724 1720 779 corpu

80 801 178 857 Prima
191 801 238 857 dia
254 800 428 859 lecitlueem
442 803 622 874 primariam,
643 802 774 857 secunda
798 801 845 856 die
860 801 912 856 ilr-
972 799 1078 854 caelum
1088 799 1166 853 enim
1178 799 1593 870 convenienterintelligimus
1605 798 1720 869 spiritu

81 895 269 959 momentum,
285 892 370 946 tertia
386 892 433 947 die
442 893 635 965 congregavit
646 907 738 963 aquas
757 890 915 968 inferiores
972 904 1090 942 manum
1099 889 1134 942 ad
1144 889 1302 961 imaginem
1310 888 1566 943 etsimilitudiaem
1578 887 1720 943 Deilorm

79 979 110 1035 in
125 979 223 1035 locum
237 996 338 1050 unum,
356 985 459 1053 quarta
474 982 520 1036 die
537 980 606 1036 iecit
621 981 786 1048 luminaria,
812 981 914 1052 quinta
972 977 1009 1031 ad
1024 977 1101 1032 bona
1117 978 1250 1033 eoelestia
1265 976 1485 1050 cognoscenda,
1498 976 1638 1044 amanda,
1653 990 1720 1048 qua

82 1068 129 1123 die
145 1069 283 1125 volucres
300 1073 328 1125 et
342 1070 453 1141 pisces
467 1073 552 1124 sexta
562 1070 686 1125 bestias.
709 1069 816 1125 blundo
827 1069 917 1141 igitur
973 1081 1008 1120 ac
1021 1067 1204 1138 possidenda
1221 1070 1362 1122 creatum.
1375 1067 1433 1122 Per
1445 1069 1551 1121 terram
1563 1066 1720 1138 accipimu

85 1161 193 1228 creato,
209 1158 355 1230 disposito
372 1162 400 1215 et
415 1161 527 1229 ornato,
544 1162 572 1214 et
586 1158 752 1230 omniquod
768 1161 849 1214 esset
864 1158 917 1212 hu·
973 1171 1030 1226 pus
1046 1154 1216 1222 humanum,
1233 1156 1311 1228 qued
1323 1160 1369 1211 est
1380 1159 1519 1224 terreum,
1531 1158 1558 1210 et
1565 1156 1597 1209 in
1604 1157 1720 1209 terram

85 1246 918 1320 manocorporineeesaerium,commodum,gratumpri-
974 1260 1175 1299 reversurum.
1197 1245 1278 1300 Sicut
1303 1245 1446 1316 seriptum
1468 1248 1536 1299 est:
1558 1244 1658 1299 Terre
1684 1258 1720 1299 aa

87 1352 167 1392 mum
180 1338 354 1408 praeparato,
371 1336 442 1392 iecit
457 1337 536 1392 Deus
553 1336 701 1392 hominem
716 1336 819 1392 eedem
834 1338 919 1391 sexta
976 1338 1088 1388 terram
1103 1335 1274 1389 reverteris
1289 1333 1366 1403 (Gen
1383 1335 1436 1397 rui.
1453 1334 1567 1389 Caelum
1590 1333 1720 1404 spiritua

87 1425 144 1495 die,
161 1424 310 1480 dominum
322 1425 462 1496 emnium,
475 1441 682 1496 possessorem
694 1426 918 1494 universorum,
976 1423 1050 1477 celat
1066 1425 1094 1476 et
1109 1422 1235 1478 occultat
1247 1423 1333 1478 nobis
1344 1423 1379 1477 ad
1391 1423 1504 1480 libitum
1516 1439 1616 1490 saum,
1627 1420 1718 1494 quael

87 1514 137 1584 qui
152 1512 287 1585 quamvis
303 1515 592 1586 posteriortempere
609 1517 754 1585 conditur,
772 1530 862 1569 eausa
878 1516 919 1567 ta·
976 1512 1045 1566 sunt
1065 1511 1141 1566 sicut
1156 1512 1298 1582 scriptum
1315 1515 1361 1567 est
1378 1529 1383 1567 :
1404 1512 1475 1577 Quis
1489 1513 1568 1566 enim
1589 1513 1650 1566 seit
1667 1510 1720 1566 Iret

87 1617 154 1657 men
163 1601 245 1673 prior
255 1602 396 1674 dignitate
406 1604 831 1675 superiorcaeterisinvenitur.
842 1601 919 1657 Ceu·
976 1617 1039 1673 qaae
1049 1600 1179 1659 Ironrinis
1195 1607 1273 1671 suat,
1291 1601 1352 1655 nisi
1361 1602 1487 1673 spiritus
1498 1600 1631 1655 bearinis
1642 1598 1697 1672 qui
1705 1597 1720 1654 i.

87 1706 120 1746 sa
131 1690 239 1762 quippe
249 1690 378 1747 hominis
390 1691 459 1748 lecit
470 1695 548 1749 Deus
564 1694 824 1749 huncsensibilem
837 1707 920 1746 mun·
977 1689 1046 1744 est?
1059 1689 1088 1757 <l
1101 1690 1169 1744 Cer.
1185 1692 1229 1761 ιι).
1246 1691 1337 1746 Terra
1352 1706 1472 1761 eorpus,
1496 1691 1566 1761 quia
1592 1686 1720 1760 quotidie

90 1779 159 1834 dum
169 1779 921 1854 utmundushumenocerpori,corpusspiritui,spi·
977 1780 1034 1848 tur,
1044 1779 1138 1833 donee
1155 1779 1306 1834 interram
1323 1782 1496 1834 revertatur.
1508 1777 1624 1836 Caelum
1636 1778 1720 1851 itaqu

89 1868 920 1944 ritussubjectusessettlreatoriNamquiahomoexdu-
935 1851 961 1912 Β
978 1867 1063 1937 rituS,
1080 1870 1158 1922 terra
1175 1885 1294 1939 serpae,
1311 1870 1380 1940 quia
1395 1869 1473 1924 sicut
1488 1868 1720 1923 eoelamterraa

89 1956 159 2029 plici
168 1961 271 2013 natura
282 1958 378 2016 tactus
393 1964 450 2031 est,
464 1962 522 2016 due
536 1961 576 2016 illi
587 1962 664 2017 bena
674 1961 769 2032 ipsius
782 1959 917 2015 conditor
980 1955 1099 2012 blimius
1111 1958 1341 2030 eiqueselidrus,
1360 1959 1404 2013 sic
1419 1962 1464 2013 est
1480 1957 1680 2012 excellentior
1692 1970 1720 2012 ct

89 2047 922 2134 praeparavit:Unumvisibile,alteruminvisibile;unum
980 2045 1113 2116 spiritus.
1131 2047 1258 2101 blundus
1275 2047 1304 2101 in
1319 2047 1413 2118 prima
1428 2046 1606 2103 confusione
1621 2048 1669 2100 est
1684 2043 1720 2101 bu

91 2136 255 2208 corporale,
271 2137 394 2193 alterum
410 2140 560 2210 spirituale
574 2156 581 2207 3
598 2157 688 2195 anam
706 2138 920 2206 transitorium,

90 2223 215 2280 alterum
228 2229 390 2298 eternum,
408 2234 562 2301 utrumque
577 2230 705 2300 plenum,
723 2233 751 2283 et
766 2231 921 2298 utrumque

91 2313 122 2368 in
144 2330 199 2370 suo
221 2330 332 2388 genere
352 2318 534 2387 perfeetum3
564 2334 653 2372 unum
683 2317 774 2386 carni,
799 2316 923 2370 alterum

92 2403 219 2473 spiritui,
236 2407 268 2459 ut
282 2404 311 2458 in
326 2421 384 2459 une
399 2421 509 2461 sensus
531 2407 629 2461 carnis
652 2408 687 2461 ad
707 2405 922 2477 jucunditatem

91 2489 251 2562 foveretur,
264 2493 293 2547 in
304 2493 395 2548 altere
411 2511 521 2549 sensns
531 2497 636 2551 mentis
646 2496 681 2549 ad
697 2495 865 2550 felicitatem
876 2509 922 2548 re-

92 2579 232 2649 pleretur.
244 2579 480 2653 Carnivisibilia,
503 2584 618 2653 spiritui
644 2583 822 2651 invisibilin;
839 2582 921 2636 carni

12 2686 23 2700 =
92 2666 286 2740 adsolatium,
298 2670 413 2740 spiritui
423 2672 615 2743 adgaudium.
629 2672 823 2727 Exhisbonis
833 2687 922 2725 unum

93 2756 182 2826 dedit,
199 2757 323 2813 alterum
337 2761 482 2829 promisit.
496 2761 592 2816 Unum
606 2764 637 2817 ut
647 2761 740 2834 gratis
751 2760 923 2833 possidere-

90 2847 148 2915 tur,
166 2845 288 2901 alterum
298 2863 351 2919 per
362 2849 494 2904 meritum
505 2854 697 2922 quaereretur.
707 2850 791 2916 Quod
804 2849 923 2907 visibile

92 2937 154 2989 erat
167 2935 276 2991 benum
288 2937 381 3009 gratis
392 2938 471 2993 dedit
484 2954 491 3009 3
507 2941 585 3011 quod
596 2942 692 2995 autem
701 2938 850 2994 invisibile
861 2941 924 2994 erat

92 3024 196 3080 merito
212 3027 403 3097 quaerendum
419 3029 582 3100 proposuit,
600 3033 631 3084 ut
646 3045 683 3084 ex
699 3030 776 3084 deno
796 3029 922 3101 gratuito

979 2134 1131 2206 iniquitate
1147 2152 1211 2190 sua.
1224 2135 1305 2191 Sicut
1316 2137 1393 2191 enim
1403 2135 1512 2189 mundo
1523 2132 1712 2205 primordiali

980 2223 1106 2278 conlase
1122 2240 1180 2280 non
1194 2228 1256 2279 erat
1269 2226 1321 2279 lux
1334 2229 1383 2280 aut
1398 2224 1516 2279 saturus
1532 2223 1617 2291 orde,
1641 2220 1720 2279 sich

980 2313 1124 2385 iniquitati
1141 2313 1278 2385 subjecto
1295 2330 1348 2369 nec
1371 2314 1423 2368 lux
1442 2313 1522 2368 lucet
1544 2328 1600 2383 per
1615 2308 1720 2384 coguit

981 2403 1266 2473 veritatis,necerdo
1275 2401 1645 2474 inestperdispositioncm
1658 2416 1720 2473 aequ

983 2491 1017 2546 Et
1028 2492 1108 2546 Deus
1119 2492 1204 2563 quasi
1216 2493 1245 2546 in
1254 2491 1637 2548 mediaconiusionelacem
1647 2489 1720 2561 priu

983 2584 1072 2651 creat,
1089 2582 1206 2652 quande
1221 2583 1406 2652 peecatorem
1422 2580 1550 2636 diversis
1562 2578 1720 2635 sceleribu

981 2668 1082 2724 fusum
1102 2670 1178 2725 lucis
1201 2671 1311 2726 intimae
1339 2671 1431 2725 radiis
1454 2671 1593 2739 illustrat,
1620 2672 1652 2723 ut
1674 2670 1720 2741 qui

982 2759 1053 2830 quid
1069 2775 1138 2815 esse
1153 2760 1258 2815 debeat
1273 2762 1426 2832 agnoscat,
1444 2763 1472 2814 et
1488 2758 1523 2812 nd
1533 2773 1670 2812 normam
1686 2772 1720 2813 nc

981 2848 1069 2903 vendi
1085 2849 1279 2919 semetipsum
1298 2849 1443 2920 disponat.
1469 2847 1625 2919 Signallcat
1654 2845 1720 2919 itaq

981 2939 1121 3009 primaria
1134 2938 1247 3010 peccati
1263 2939 1472 3011 cognitionem.
1494 2936 1720 2991 Firmamentuu

981 3044 1075 3100 aquas
1091 3028 1264 3099 superiores
1279 3031 1306 3082 et
1321 3043 1413 3099 aquas
1429 3025 1600 3091 interiores,
1618 3024 1720 3079 disere

90 3113 266 3184 probaretur
279 3119 308 3170 et
322 3117 496 3172 excellentia
507 3119 717 3189 promissionis
734 3120 761 3173 et
771 3118 844 3173 tides
856 3133 923 3188 pro·
981 3118 1058 3173 inter
1081 3118 1151 3171 vitia
1176 3120 1205 3172 et
1227 3118 1362 3171 virtutes
1388 3117 1481 3186 Aquas
1499 3129 1628 3186 namque
1659 3108 1720 3169 inlu

91 3203 242 3260 mittentis.
258 3204 419 3277 Postquam
434 3211 530 3262 autem
546 3209 643 3274 homo,
660 3208 773 3279 peceati
796 3207 922 3280 caligine
941 3174 1140 3279 cdesignant
1154 3205 1234 3274 vitia,
1250 3222 1335 3277 aquae
1351 3205 1522 3276 superiores
1533 3203 1674 3257 virtutes.

91 3293 273 3364 tenebratus,
285 3296 403 3350 oculum
415 3297 670 3368 contemplationis
681 3297 788 3366 emisit,
800 3312 861 3352 nen
871 3313 923 3352 so·
982 3296 1196 3350 firmamentum
1206 3295 1281 3349 inter
1292 3298 1432 3365 utrasque
1442 3307 1535 3364 aquas
1550 3292 1684 3362 ponitur,
1700 3304 1720 3365 q

91 3379 151 3435 lum
161 3381 203 3437 illi
217 3384 399 3440 universitas
423 3386 480 3441 ista
502 3402 600 3441 rerum
624 3386 786 3441 visibilium
810 3386 924 3457 praebet

91 3485 243 3542 corporeae
258 3472 432 3546 suffragium
448 3476 683 3534 sustentationis.
693 3478 818 3531 veumet
832 3474 924 3529 admi·

93 3558 222 3615 niculum
237 3563 437 3633 percipiendae
451 3564 559 3619 divinae
575 3565 764 3636 cognitionis.
777 3563 924 3635 Scriptum

92 3663 218 3721 namque
232 3653 292 3706 est:
302 3649 472 3706 Invisibilia
481 3652 576 3724 ipsias
591 3658 755 3706 narratura
764 3651 925 3722 mundiper

92 3752 125 3792 ea
135 3754 197 3812 qaae
207 3738 362 3795 factasunt
371 3739 524 3796 intellecta
543 3741 764 3814 conspiciantur
779 3740 873 3810 (liora.
889 3742 923 3811 1).

92 3826 159 3884 Tria
175 3832 244 3884 sunt
258 3830 419 3886 invisibilia
442 3830 494 3886 Dei
511 3847 516 3886 :
534 3831 672 3902 potentia,
698 3831 852 3902 sapientia,
868 3829 923 3884 be·

92 3918 231 3992 nignitas.
246 3920 290 3974 Ah
306 3920 352 3975 his
367 3920 464 3976 tribus
480 3920 641 3991 precedent
661 3920 769 3976 emnia.
792 3919 924 3975 Potentia

93 4013 182 4077 creat,
205 4010 349 4079 sapientia
373 4011 529 4082 gubernat,
557 4010 728 4082 benignitas
755 4010 924 4064 conservat.

5 4086 18 4097 ⁸
91 4095 163 4162 Quae
174 4101 270 4153 tamen
286 4098 340 4152 tria
356 4099 434 4153 sieut
444 4098 923 4166 inDeoinetlabiliterunumsunt,

91 4185 131 4240 ita
145 4185 176 4239 in
198 4186 367 4256 operatione
392 4189 525 4259 separari
549 4204 607 4242 non
629 4190 766 4259 possunt.
794 4186 925 4243 Potentia

90 4290 145 4346 per
157 4273 371 4347 benignitatem
385 4276 535 4348 sapienter
550 4280 640 4346 creat,
651 4277 795 4348 sapientia
809 4291 864 4348 per
876 4291 926 4346 pe·

90 4364 923 4440 tentiambcnigaegubernat‚beniguitaspersapientiam

981 3401 1035 3456 por
1048 3385 1186 3440 virtutem
1202 3384 1392 3440 discretionis
1403 3383 1553 3438 virtutasa
1570 3381 1664 3448 vitiis,
1682 3382 1720 3436 el*

980 3474 1139 3530 virtutibus
1154 3474 1340 3529 dirimuntur.
1352 3470 1720 3544 Deindeceagregatioaqt

981 3580 1047 3634 qaae
1071 3566 1154 3618 erant
1169 3564 1225 3618 sub
1242 3563 1435 3618 firmamento.
1456 3561 1659 3633 tleugregatio
1673 3572 1720 3632 aqt

981 3652 1191 3707 cohibitionem
1202 3653 1340 3723 exprimit
1349 3651 1499 3707 vitiorum.
1512 3649 1590 3704 Vitia
1599 3660 1720 3722 namque

980 3741 1098 3813 penitus
1113 3741 1143 3796 in
1159 3742 1214 3796 hec
1224 3742 1283 3796 vita
1295 3742 1331 3797 de
1342 3744 1454 3796 naturae
1466 3740 1603 3794 humanae
1615 3738 1720 3809 penetr

980 3832 1118 3886 evacuari
1133 3831 1179 3886 vel
1194 3830 1338 3886 eliminari
1353 3846 1412 3885 non
1427 3832 1554 3901 possunt
1578 3830 1720 3899 preptert

981 3920 1098 3976 fomites
1113 3921 1284 3975 naturaliter
1299 3920 1387 3974 nobis
1404 3920 1519 3983 insitos,
1537 3917 1658 3986 debeat,
1675 3930 1720 3989 qm

979 4025 1033 4080 per
1046 4009 1175 4065 divinam
1187 4009 1310 4082 gratiam
1322 4009 1466 4080 possibile
1486 4010 1542 4074 est,
1563 4004 1714 4073 cobiberi,

980 4099 1053 4153 clari
1067 4102 1095 4154 et
1110 4099 1140 4153 in
1156 4115 1246 4153 unam
1262 4099 1368 4170 redigi,
1386 4114 1422 4152 ne
1437 4114 1490 4167 per
1504 4099 1597 4150 totum
1621 4094 1720 4150 effluat

979 4191 1040 4242 tum
1057 4191 1210 4258 occupent,
1229 4191 1257 4242 et
1273 4191 1470 4257 corrumpant,
1483 4189 1512 4240 et
1523 4200 1635 4239 sensus
1648 4187 1718 4238 nest

979 4277 1171 4348 inquisitione
1186 4277 1329 4341 veritatis,
1346 4275 1470 4330 allectus
1487 4278 1609 4328 nostros
1624 4273 1664 4326 ab
1680 4288 1719 4327 ex

980 4367 1059 4421 tiene
1074 4366 1203 4434 virtutis,
1220 4365 1352 4419 membra
1367 4367 1468 4419 nostra
1492 4363 1529 4418 ab
1544 4360 1720 4417 exhibitioni

90 4456 226 4525 potenter
240 4457 407 4509 conservat.
421 4455 583 4511 Potentiam
595 4455 923 4511 manifestatoreotura-
937 4466 965 4528 1)
980 4455 1080 4526 operis
1097 4455 1265 4524 impedient.
1283 4454 1364 4508 Sient
1379 4454 1456 4508 enim
1473 4457 1549 4507 terra
1564 4451 1654 4522 aquis
1676 4466 1720 4506 oea

88 4558 154 4598 rum
168 4543 363 4613 immensitas,
376 4544 550 4616 sapientiam
566 4544 665 4613 decor,
687 4544 848 4599 benitatem
864 4542 923 4597 uti-

89 4630 166 4686 litas.
183 4630 322 4704 Magnum
338 4634 603 4705 estigiturdenum
622 4635 683 4702 Dei,
697 4636 725 4688 et
741 4633 850 4687 benum
867 4631 923 4685 lio-

88 4720 178 4775 minis
192 4734 291 4776 rerum
308 4722 470 4777 visibilium
486 4723 625 4792 conditio,
643 4722 712 4776 dum
727 4736 780 4793 par
794 4736 846 4777 aas
862 4736 925 4776 cer·

89 4824 146 4878 pus
162 4809 321 4865 humanum
337 4814 528 4876 sustentatur,
547 4815 575 4865 et
590 4827 674 4866 mens
685 4826 787 4866 earum
797 4812 924 4865 centem·

88 4897 216 4968 piatione
232 4898 392 4954 illuminata
407 4900 443 4954 ad
458 4900 619 4956 conditoris
640 4900 686 4956 sui
712 4898 922 4973 cognitionem,

89 4985 321 5057 admirationem,
339 4992 368 5042 et
381 5004 511 5043 amorem
535 4990 708 5045 mirabiliter
734 4989 921 5044 sublimetur.

90 5074 168 5130 Saue
183 5079 309 5148 quatuor
323 5077 419 5133 modis
431 5077 510 5133 Deus
520 5079 655 5134 eccultus
670 5078 706 5132 ad
719 5078 851 5133 notitiam
868 5077 924 5132 ho·

92 5165 203 5219 minum
217 5166 306 5235 venit,
323 5168 440 5223 duobus
455 5169 551 5223 modis
570 5169 660 5237 intus,
685 5167 802 5223 duobus
827 5165 924 5222 modis

93 5253 177 5310 soris.
195 5254 276 5310 Intus
293 5271 346 5326 per
359 5257 501 5313 rationem
517 5257 773 5329 etespiratieaem,
785 5255 859 5312 feris
873 5271 926 5327 per

93 5345 257 5399 creaturam
281 5348 310 5399 et
331 5345 504 5401 doctrinam.
530 5347 614 5401 Ratio
640 5350 668 5401 et
684 5348 817 5401 creatura
832 5345 925 5417 perti-

93 5434 212 5487 neatad
229 5436 372 5504 naturam,
398 5435 538 5506 aspiratio
563 5439 591 5490 et
619 5435 751 5491 doctrina
780 5434 927 5506 pertinent

95 5521 132 5575 ad
148 5523 282 5594 gratiam.

131 5609 187 5663 His
202 5611 299 5682 itaque
309 5612 492 5683 compositis,
509 5616 537 5667 et
547 5614 582 5668 de
594 5613 734 5684 operibus
744 5629 800 5668 sex
814 5613 928 5668 dierum

88 5697 410 5777 previterproseeatis,
422 5701 492 5792 quid
502 5703 533 5767 ia
544 5702 591 5768 liis
602 5702 744 5767 doctrinae
756 5701 877 5764 moralis
888 5702 929 5763 la·

980 4559 1039 4599 non
1054 4544 1148 4615 potuit
1163 4544 1342 4615 germinare,
1359 4543 1404 4597 sic
1425 4558 1481 4597 nos
1500 4541 1582 4595 vitiis
1605 4540 1720 4612 implica

981 4628 1720 4703 sensibusveritateminquirere,neeallectibusr:

980 4718 1718 4791 exercere,necmembrisoperabenavalemusex

980 4811 1075 4882 Aquis
1092 4810 1182 4883 igitur
1196 4810 1225 4864 in
1241 4826 1331 4865 unum
1348 4807 1549 4881 congregatis,
1566 4822 1619 4861 aer
1637 4806 1720 4863 clare

981 4900 1086 4969 catelli,
1113 4900 1141 4953 et
1168 4900 1247 4953 terra
1276 4899 1431 4969 germinat,
1461 4897 1539 4968 quia,
1567 4895 1652 4950 vitiis
1669 4896 1720 4952 eol

981 4988 1077 5042 anima
1092 4991 1193 5043 nostra
1216 4988 1294 5042 lueet
1316 5003 1370 5057 per
1394 4986 1604 5058 cognitionem,
1631 4987 1664 5039 et
1679 4985 1720 5039 col

981 5077 1180 5145 dilectionem,
1197 5079 1226 5131 et
1236 5076 1529 5145 earolruetitieatper
1539 5074 1649 5128 bonam
1662 5074 1720 5129 aeti

981 5166 1116 5222 Conditio
1131 5166 1318 5221 luminarium
1328 5165 1477 5238 significat
1487 5162 1663 5234 perlectam,
1676 5163 1720 5218 nel

983 5252 1720 5328 ignorantiaecaecitateseposita,veritatisinspecti

983 5344 1018 5399 Et
1035 5348 1132 5416 potest
1152 5345 1198 5399 sol
1216 5344 1387 5415 signiticare
1409 5342 1609 5414 cognitionem
1629 5357 1720 5397 eorur

983 5434 1171 5505 pertineniad
1181 5437 1312 5488 sanctam
1325 5432 1499 5499 Ecclesiam3
1512 5430 1608 5484 stellae
1617 5430 1720 5503 coguit

985 5540 1162 5596 eorumquae
1173 5523 1320 5594 pertinent
1330 5522 1365 5575 ad
1385 5534 1623 5591 unamquamque
1643 5522 1720 5575 creat

986 5612 1049 5667 sive
1060 5613 1339 5683 adunamquemque
1355 5611 1471 5665 ildelem
1486 5609 1624 5663 animam.
1636 5607 1720 5664 Pisce

984 5701 1120 5761 laborant
1143 5702 1173 5759 in
1193 5701 1263 5767 ime,
1290 5701 1320 5756 id
1343 5703 1389 5760 est
1413 5699 1443 5754 ia
1463 5698 1560 5771 aquis,
1588 5696 1720 5755 sollicita
