3796 6022
715 235 770 306 DE
793 233 907 307 FiLIA
928 233 1120 307 JEPHTHE

55 236 112 308 333
1721 249 1780 312 334

53 450 97 500 tur
111 448 212 499 tamen
228 444 299 499 mihi
316 445 359 498 sic
377 444 566 517 intelligenda
582 447 723 515 quantum
738 445 839 500 attinet
853 445 890 498 nd
904 428 934 490 Α
949 446 1024 500 Nam
1042 445 1129 516 cujus
1141 446 1262 500 alterius
1274 449 1375 517 typum
1386 446 1509 518 gerebat
1520 448 1606 501 etiam
1617 446 1666 501 illa
1677 448 1783 503 mulier

52 534 303 606 significationem
315 534 491 601 futurorum,
504 534 575 587 utin
593 534 636 588 eis
652 534 822 588 advertatur
836 534 890 588 do·
950 535 1070 604 cuipost
1079 538 1183 588 tactam
1196 535 1339 589 timbriam
1350 551 1433 589 suam
1444 539 1564 605 sanatae,
1573 537 1612 589 ait
1623 536 1781 592 Dominus:

53 624 146 678 ctrina
163 624 282 679 Christi.
297 624 505 677 Admonetuos
516 623 641 694 quemad
653 623 772 677 modum
783 624 821 676 sit
836 639 895 676 am·
948 623 1026 676 Filia
1043 623 1118 677 dites
1134 629 1181 677 tua
1197 625 1310 677 salvam
1327 631 1356 678 tc
1367 624 1453 688 sccii,
1477 625 1550 678 vade
1571 626 1601 678 in
1609 641 1684 696 paee
1699 626 1782 695 (Luc.

52 713 226 784 hulandum,
239 713 295 767 hoc
310 717 356 767 est
370 713 529 766 vivendum
548 713 624 767 inter
638 713 753 784 eosqui
768 728 827 766 non
843 728 893 766 sc·
947 713 1020 779 vui).
1037 711 1072 765 Et
1087 716 1166 765 certe
1183 712 1259 766 unde
1271 714 1369 767 nullus
1381 713 1514 783 ambigit,
1527 713 1691 783 discipulos
1708 731 1782 769 suos

54 803 180 857 candum
196 803 380 874 propositum
405 803 500 856 vocati
519 802 696 864 scintillam.
715 800 787 870 vm).
806 800 894 855 Novit
948 799 1011 869 ipsc
1021 801 1124 870 sponsi
1137 800 1213 854 idios
1225 801 1389 871 appellavit,
1401 818 1434 856 se
1443 802 1630 871 apertissime
1643 801 1784 874 judicans

53 891 131 945 enim
149 892 295 945 Dominus
310 892 442 963 quisunt
457 890 524 962 ejus
539 889 583 959 (ΙΙ
599 890 670 944 Tim.
690 892 731 957 u).
745 890 810 944 lam
821 905 893 943 vero
948 905 1102 959 sponsum.
1119 889 1186 944 Non
1198 896 1334 960 possunt,
1347 891 1450 961 inquit,
1462 890 1605 961 jejunare
1616 890 1673 945 lilii
1683 893 1785 963 sponsi

54 981 130 1052 quod
158 998 225 1034 rum
247 983 328 1034 esset
343 979 545 1035 debellaturus
561 979 708 1047 inimicae,
735 979 831 1032 iactus
848 981 894 1032 est
949 979 1077 1050 qrizrndiu
1088 995 1151 1032 curn
1168 977 1231 1031 illis
1246 985 1292 1032 est
1303 980 1559 1050 sponsussrllattlr.
1573 983 1623 1049 ixl.
1642 980 1786 1035 Holocau-

55 1085 145 1139 supcr
165 1086 234 1124 eum
253 1069 381 1138 Spiritus
402 1068 535 1137 Domini,
560 1068 746 1139 significatur
766 1066 893 1137 Spiritus
948 1071 1042 1120 stoma
1055 1083 1126 1138 ergo
1138 1066 1193 1120 erit
1210 1066 1354 1133 Ecclesia,
1367 1084 1455 1137 quam
1469 1068 1615 1139 virginem
1627 1072 1738 1123 castam
1750 1070 1783 1124 ll.

55 1163 178 1212 sanctus
203 1158 368 1227 impertitus
391 1156 532 1211 memhris
552 1156 672 1211 Christi.
693 1155 777 1220 Quod
797 1159 894 1209 autem
948 1155 1109 1226 Apostolus
1126 1154 1261 1224 appellat,
1279 1156 1396 1226 qnando
1421 1156 1449 1209 in
1470 1157 1688 1212 resurrectione
1704 1174 1784 1213 mor-

55 1246 345 1317 pertrnnsiitGaland
358 1249 385 1300 ct
396 1246 545 1314 llannssc,
558 1248 586 1300 et
595 1245 710 1299 transiit
722 1244 894 1315 speluncam
948 1247 1065 1298 tuorum
1081 1243 1130 1297 het
1141 1245 1171 1298 in
1186 1244 1327 1299 universa
1341 1245 1419 1322 quod
1434 1245 1576 1315 scriptum
1594 1251 1657 1302 est:
1674 1247 1786 1303 Absor·

55 1335 165 1391 Galaad
177 1335 213 1389 ad
230 1339 313 1389 trans
330 1335 407 1388 lilios
423 1337 558 1404 Ammon,
576 1334 761 1404 proficientia
776 1333 894 1405 signiti-
944 1338 996 1404 pta
1010 1339 1055 1386 est
1071 1349 1152 1386 mors
1164 1333 1195 1386 in
1210 1333 1335 1387 victoria
1346 1333 1375 1402 (I
1384 1333 1453 1387 Cor.
1466 1334 1613 1404 xv).'lunc
1629 1336 1722 1390 tradet
1736 1352 1786 1391 rc·

55 1427 161 1478 cantur
185 1423 317 1477 membra
340 1422 451 1477 Christi
475 1423 511 1476 ad
533 1423 687 1477 victoriam
710 1423 745 1477 de
766 1423 895 1476 inimicis
949 1438 1040 1492 gnum
1056 1421 1116 1475 Dea
1133 1425 1161 1475 et
1176 1421 1264 1475 Patri.
1276 1421 1359 1485 Quod
1372 1438 1498 1493 regnum
1508 1423 1572 1493 ipsa
1583 1423 1718 1478 Ecclesia
1729 1429 1785 1494 est,

56 1512 273 1582 reportandam.
283 1511 893 1583 Galaadquippeinterpretaturabjiciens,
950 1509 1039 1582 cnjus
1056 1511 1181 1583 figuram
1196 1527 1309 1565 vovens
1331 1510 1379 1565 illc
1399 1512 1545 1582 gestabat.
1570 1512 1628 1566 Sed
1649 1512 1788 1583 quoniam

55 1605 81 1655 et
97 1601 238 1654 blanasse
258 1600 434 1654 necessitas
448 1599 689 1654 Transcendendi
705 1603 774 1653 sunt
790 1615 895 1672 ergon
950 1603 1020 1653 tunc
1036 1599 1085 1654 tict
1106 1616 1172 1653 cum
1192 1599 1336 1669 completa
1358 1599 1446 1653 suerit
1471 1603 1554 1654 sexta
1576 1604 1649 1654 aetas
1672 1598 1787 1671 saeculi,

54 1687 559 1760 proficientibusabjicientes,idest
567 1690 896 1756 contemnentes,trans-
953 1688 1018 1742 ideo
1030 1687 1185 1760 sexaginta
1196 1687 1311 1742 dicrum
1321 1687 1358 1740 ad
1368 1687 1577 1757 deplorandam
1589 1688 1789 1760 virginitatem

55 1777 152 1831 cunda
165 1781 193 1831 et
205 1777 383 1846 necessitas,
396 1793 433 1830 ne
442 1776 517 1830 forte
528 1792 595 1830 cum
606 1776 756 1830 transierit
765 1776 813 1847 qui
823 1792 892 1845 pro·
912 1736 939 1801 B
954 1777 1053 1832 dilatio
1069 1777 1215 1847 postulata
1231 1779 1286 1831 est.
1305 1775 1350 1830 Ex
1366 1776 1504 1830 omnibns
1520 1777 1628 1848 quippe
1652 1777 1789 1832 aetatibns

58 1867 116 1920 licit
133 1866 221 1920 cedat
243 1865 433 1920 terrentibus.
456 1866 648 1920 Transeunda
671 1866 758 1920 etiam
774 1866 896 1936 specula

58 1955 187 2024 (inland,
204 1970 270 2026 qnae
285 1953 394 2009 Galaad
412 1955 499 2008 eliam
516 1954 663 2008 revelatio
678 1955 895 2024 interpretatur.

59 2045 109 2098 Est
121 2047 223 2098 autem
239 2043 360 2113 specula
375 2043 497 2097 altitudo
512 2043 547 2097 nd
560 2042 764 2113 aspiciendum
780 2043 826 2096 vel
845 2043 897 2096 de-

59 2133 264 2203 spiciendum,
288 2132 315 2185 id
331 2134 378 2186 est
393 2131 522 2201 desuper
540 2129 754 2200 aspiciendum.
773 2130 899 2201 Specula

60 2225 159 2293 itaque
170 2221 285 2276 Galaad·
297 2225 498 2292 congruenter
515 2220 585 2273 mihi
596 2219 713 2273 videtur
728 2219 899 2291 significare

60 2309 234 2382 superbiam
246 2309 445 2363 revelationis.
461 2309 543 2363 lsude
553 2308 622 2361 dicit
631 2308 784 2378 apostolus
798 2325 803 2362 :
817 2309 856 2361 Et
869 2309 899 2361 in

60 2398 268 2472 magnitudine
278 2398 494 2453 revelationum
507 2414 543 2452 ne
555 2397 684 2451 extollar
698 2396 741 2465 (ΙΙ
750 2397 817 2452 Cor.
835 2397 897 2467 xu).

61 2489 140 2561 Ergo
159 2492 188 2541 et
210 2488 275 2558 ipsa
297 2487 475 2541 transeunda
492 2489 548 2556 est,
567 2486 595 2539 id
619 2488 663 2539 est
686 2502 746 2540 non
761 2487 850 2540 estin
866 2501 900 2539 ea

60 2576 259 2645 manendum,
281 2579 401 2647 propter
416 2575 539 2630 cedendi
555 2573 729 2645 periculum.
752 2574 807 2628 llis
832 2590 900 2645 per-

61 2667 209 2736 transitiS,
228 2664 313 2719 facile
324 2667 503 2736 superantur
518 2664 645 2733 inirnici3
661 2663 740 2734 quod
751 2663 901 2735 significat

61 2755 189 2810 dicendo
201 2771 207 2809 :
218 2754 253 2808 Et
264 2754 300 2808 ab
315 2753 436 2823 specula
446 2752 555 2807 Galaad
567 2753 683 2806 transiit
693 2752 730 2806 ad
746 2752 823 2807 tilios
833 2753 901 2806 Am·

61 2843 250 2917 montdudic.
258 2844 321 2913 xu),
330 2842 481 2913 dequibus
492 2842 620 2895 inimicis
628 2840 688 2913 jum
698 2842 901 2911 supradictum

62 2938 105 2990 cst
121 2951 127 2990 :
146 2933 177 2988 E
180 2940 190 2987 t
216 2933 294 2987 vovit
311 2932 439 3003 dephtlre
459 2937 563 3000 votum,
583 2937 611 2985 et
627 2931 705 2985 dixit
722 2952 730 2984 :
746 2931 782 2986 Si
804 2931 901 2984 tradi-

65 3026 144 3079 tione
162 3021 330 3077 tradideris
339 3020 498 3074 minidlios
508 3020 632 3074 Ammon
642 3019 673 3073 in
682 3036 768 3073 aranu
776 3035 840 3073 mea
853 3036 858 3074 :
873 3024 902 3074 et

65 3113 123 3168 erit
135 3113 302 3186 quicunque
314 3109 426 3163 exierit
437 3108 691 3180 dejannisdemns
701 3124 774 3163 merc
785 3108 901 3163 obviam

65 3203 146 3268 milii,
157 3201 190 3254 iu
196 3216 232 3254 re
238 3199 432 3254 vertendemc
441 3216 456 3252 a
464 3198 538 3252 dliis
547 3199 671 3252 Arnrnon
677 3198 708 3251 in
713 3214 787 3269 pace
795 3204 823 3252 et
831 3199 900 3264 erit,

65 3291 264 3347 offerameum
273 3287 632 3357 riolocaustemaDornine(
636 3286 903 3358 dudir.x1).Qnem-

64 3382 133 3436 libet
146 3380 177 3433 in
193 3378 251 3432 hoe
267 3377 331 3431 loco
349 3377 523 3449 cogitaverit
534 3375 660 3446 lephthe
676 3377 842 3431 secundnm
853 3392 904 3430 co-

65 3468 239 3543 gitationem
265 3467 435 3535 humanam,
462 3482 520 3520 non
541 3466 656 3519 videtur
673 3465 791 3518 unicam
815 3465 905 3519 liliam

66 3559 230 3630 cogitasse.
244 3555 382 3626 Alioquin
397 3571 456 3609 non
472 3555 583 3608 diceret
599 3571 665 3608 euin
681 3554 760 3608 illum
772 3557 906 3609 cerneret

66 3646 240 3701 occurrisse
251 3661 257 3699 :
270 3644 336 3699 Heu
346 3643 406 3698 lilia
419 3644 468 3710 mi,
483 3643 636 3714 impedisti
647 3659 702 3711 mc,
711 3642 906 3698 inoll'cndicu-

65 3737 122 3791 lam
140 3736 222 3790 Ereta
243 3734 274 3787 in
290 3732 383 3787 oculis
398 3733 472 3788 ineis
487 3732 588 3802 (ibid.)
605 3731 759 3803 impedisti
773 3733 853 3786 enim
869 3734 907 3786 ita

67 3827 178 3879 dictum
194 3825 251 3890 est,
264 3826 402 3893 tanquam
414 3837 447 3876 se
457 3821 494 3874 ad
505 3821 561 3875 hoc.
573 3821 907 3893 impeditumjudicave-

66 3915 102 3969 rit
118 3930 156 3968 ne
169 3913 241 3967 illud
259 3912 337 3983 qnod
354 3912 497 3984 cogitarat
512 3911 655 3980 impleret.
677 3909 735 3964 Sed
748 3926 836 3981 quem
852 3926 907 3981 po-

67 4005 119 4059 tuit
134 4003 270 4075 cogitare
281 4001 416 4072 primitus
431 4003 630 4068 occurentem,
643 4000 692 4070 qui
708 4000 820 4054 liberos
831 4000 906 4054 alios

67 4110 126 4149 non
143 4091 277 4147 habebat
295 4091 309 4144 ⁶?
326 4094 371 4145 An
393 4088 553 4161 conjugem
562 4089 702 4160 cogitavit
725 4105 730 4144 :
752 4092 781 4144 et
799 4092 829 4142 nt
851 4090 907 4143 hoc

67 4184 151 4238 lieret
163 4181 245 4235 Deus
254 4178 357 4247 noluit,
371 4182 398 4233 et
413 4182 513 4233 utnon
528 4178 708 4248 relinqueret
720 4177 905 4248 impunitum,

67 4288 103 4326 ne
118 4271 190 4343 quis
202 4269 345 4338 deinceps
361 4268 390 4322 id
403 4269 533 4335 auderet,
551 4270 579 4322 et
595 4271 739 4338 utmagna
749 4267 907 4337 providen-

954 1865 1088 1920 Ecclesin
1104 1868 1313 1937 congregatur.
1331 1864 1462 1929 Quarum
1473 1866 1567 1935 prima
1583 1870 1629 1920 est
1643 1866 1680 1920 ab
1695 1867 1789 1920 hdnm

954 1954 1790 2026 nsqueaddilnvium,sccnndaadiluviousqueadhbrn·

954 2043 1032 2112 ham,
1049 2044 1133 2097 tertia
1154 2044 1190 2097 ab
1213 2042 1362 2096 Abraham
1385 2057 1480 2113 usquc
1505 2042 1541 2095 ad
1566 2043 1669 2112 David,
1687 2046 1790 2114 quarta

954 2131 1071 2185 aDavid
1083 2146 1178 2202 usqne
1189 2131 1225 2184 ad
1236 2131 1526 2202 transmigrationem
1542 2131 1571 2184 in
1587 2130 1789 2201 Babyloniam,

955 2221 1055 2292 quinta
1079 2220 1116 2273 ab
1140 2220 1194 2274 hac
1217 2220 1478 2290 transmigratione
1494 2220 1640 2291 usquead
1659 2218 1791 2291 Virginis

956 2314 1081 2380 partum,
1099 2312 1183 2363 sexta
1199 2308 1267 2362 iudo
1289 2325 1384 2379 nsque
1407 2309 1437 2363 in
1461 2308 1553 2380 hujus
1573 2309 1677 2364 saeculi
1691 2308 1791 2364 linem.

958 2399 1015 2452 Per
1032 2414 1106 2469 quas
1122 2413 1177 2452 sex
1193 2401 1295 2452 aetates
1320 2402 1457 2468 tanquam
1479 2413 1532 2467 per
1557 2398 1713 2469 sexaginta
1728 2398 1793 2451 dies

958 2487 1038 2541 llevit
1049 2490 1150 2540 sancta
1161 2487 1246 2559 virgo
1257 2485 1413 2558 virginalia
1425 2503 1489 2555 sna,
1503 2486 1571 2557 quia
1581 2487 1649 2540 licet
1659 2487 1794 2559 virgina-

958 2575 1005 2645 lia,
1030 2581 1126 2629 tamcn
1150 2575 1266 2630 luerunt
1290 2578 1410 2645 peccata
1431 2576 1574 2646 dellenda,
1593 2579 1713 2646 propter
1728 2591 1795 2646 quae

959 2666 1099 2719 universa
1115 2665 1180 2734 ipsa
1195 2665 1281 2737 virgo
1292 2667 1352 2718 toto
1367 2665 1438 2719 orbe
1450 2663 1556 2719 diffusa
1567 2665 1697 2736 quotidie
1708 2665 1794 2721 dicit:

959 2754 1084 2809 Dimitte
1097 2753 1291 2809 nohisdcbita
1302 2759 1404 2808 nostra
1415 2754 1534 2824 (Matth.
1545 2755 1597 2824 vi).
1611 2754 1738 2809 Eosdem
1749 2770 1798 2809 an·

960 2848 1018 2898 tem
1034 2844 1188 2914 sexaginta
1205 2842 1279 2912 dies,
1298 2843 1373 2896 duos
1384 2858 1504 2897 menses
1520 2845 1621 2898 maluit
1636 2844 1795 2914 appellare,

961 2937 1101 3004 quantum
1117 2932 1254 2986 existimo
1265 2935 1385 3001 propter
1396 2931 1471 2984 dnos
1483 2932 1629 3003 homines,
1643 2949 1732 2988 unum
1745 2949 1798 3003 per

962 3038 1048 3092 quem
1064 3018 1244 3075 resurrectio
1261 3025 1460 3075 mortuorum:
1479 3025 1598 3091 propter
1617 3037 1693 3091 quos
1710 3024 1797 3075 etiam

963 3111 1020 3164 duo
1035 3110 1224 3164 Testamenta
1240 3109 1385 3162 dicuntur.
1402 3107 1484 3173 Quod
1500 3125 1571 3163 vero
1587 3109 1752 3163 factumest
1768 3109 1798 3162 in

963 3203 1110 3271 praecepto
1122 3199 1152 3252 in
1163 3197 1255 3252 lsrael
1268 3213 1273 3252 :
1292 3197 1336 3250 Ex
1348 3197 1453 3251 diebus
1465 3199 1494 3252 in
1506 3199 1570 3252 dies
1583 3197 1799 3252 conveniebant

963 3288 1113 3343 lamentari
1127 3287 1215 3341 liliam
1227 3286 1331 3356 lepbte
1340 3286 1550 3341 Galaaditidem
1562 3291 1722 3359 quaternos
1733 3287 1799 3342 dies

963 3380 992 3433 in
1008 3394 1085 3433 anuo
1106 3376 1214 3449 (dedic.
1237 3376 1300 3446 xn),
1326 3392 1385 3448 non
1407 3381 1476 3445 puto
1499 3378 1670 3449 significare
1688 3376 1799 3448 aliquid

964 3473 1030 3539 post
1054 3467 1204 3537 impletum
1230 3466 1469 3535 holocaustoma,
1501 3467 1579 3537 quod
1610 3467 1665 3520 erit
1688 3466 1718 3520 in
1740 3465 1800 3520 vita

965 3562 1084 3627 aeterua,
1097 3557 1151 3610 sed
1166 3556 1314 3626 praeterita
1330 3558 1461 3625 tempora
1473 3555 1627 3625 Ecclesiae,
1644 3555 1799 3626 inquibus

964 3651 1047 3702 erant
1062 3646 1139 3700 beati
1155 3645 1302 3717 lugentes.
1324 3645 1485 3709 Quatriduo
1501 3649 1597 3699 autem
1613 3646 1738 3716 figurata
1754 3647 1800 3698 est

965 3737 1032 3808 ejus
1048 3735 1228 3790 universitas
1243 3739 1363 3806 propter
1381 3738 1506 3804 quatuor
1521 3738 1620 3804 partes
1637 3733 1729 3805 orbis,
1747 3748 1800 3803 per

965 3842 1039 3897 quas
1055 3824 1144 3897 longe
1160 3824 1275 3894 lateque
1291 3822 1397 3877 diffusa
1418 3826 1482 3878 est:
1507 3824 1551 3877 hd
1572 3822 1704 3878 historiae
1727 3838 1799 3877 vero

963 3903 1171 3986 proprietatem
1182 3930 1240 3968 non
1249 3913 1377 3967 arbitror
1385 3913 1441 3967 hoc
1453 3913 1626 3967 decrevisse
1635 3912 1798 3984 Israelitas,

964 4006 1022 4059 nisi
1038 4004 1105 4074 quia
1122 4003 1304 4074 intelligebat
1314 4001 1344 4055 in
1355 4017 1388 4056 ea
1400 4017 1432 4056 re
1440 4001 1586 4074 judicium
1596 4002 1649 4056 Dei
1658 4002 1754 4074 magis
1764 4001 1801 4056 ad

963 4092 1186 4163 percutiendum
1206 4094 1318 4161 patrem
1338 4090 1432 4145 luisse
1458 4091 1676 4162 depromptum,
1692 4107 1729 4145 ne
1744 4091 1801 4146 tale

964 4182 1144 4235 sacrificium
1153 4181 1293 4250 deinceps
1305 4178 1383 4233 ullus
1391 4181 1637 4235 vovereauderet.
1649 4181 1802 4250 Namque·

964 4287 996 4325 re
1012 4271 1109 4325 luctus
1125 4274 1154 4325 et
1168 4269 1335 4323 lamentatio
1345 4268 1564 4340 decerneretur,
1576 4271 1602 4324 si
1612 4272 1714 4325 votum
1729 4251 1802 4324 illud

68 4362 106 4415 tia
126 4361 240 4416 exlroc
259 4374 376 4430 quoque
394 4356 949 4433 ipsoquodaeciditsacramentan
966 4361 1075 4416 laetitiae
1099 4359 1178 4414 tuiti
1205 4359 1254 4413 Sic
1284 4360 1381 4410 autem
1409 4361 1437 4410 et
1466 4359 1535 4413 illud
1566 4360 1645 4430 quod
1673 4357 1801 4428 populus

70 4449 217 4506 Ecclesiae
233 4448 399 4520 figuraret?

103 4557 149 4612 Ex
165 4560 293 4626 utroque
309 4555 399 4626 igitur
412 4553 565 4624 prophetia
585 4555 718 4624 coaptata
741 4555 801 4623 est,
819 4569 855 4607 cx
872 4568 907 4608 eo

70 4647 273 4719 qnodvovens
283 4643 432 4716 cogitavit,
443 4646 471 4696 et
479 4643 642 4712 excoquod
654 4642 765 4696 uolenti
774 4642 907 4713 contigit.

70 4738 100 4793 Si
115 4736 198 4791 enim
214 4733 377 4805 conjugem
387 4731 536 4804 cogitavit,
554 4729 668 4801 conjux
681 4729 792 4784 Christi
804 4730 909 4785 Eccle-

71 4827 113 4882 sia
121 4829 171 4881 est
179 4840 185 4880 :
194 4823 362 4895 Propterea
373 4822 523 4893 relinquet
532 4821 617 4875 homo
622 4825 739 4891 patrem
747 4825 776 4874 et
785 4825 910 4874 nratrem

72 4923 99 4971 et
114 4912 287 4971 edliaercbit
304 4911 389 4967 uxori
404 4927 473 4978 snae,
487 4916 517 4965 et
533 4914 621 4963 erunt
637 4909 693 4963 dno
708 4908 739 4961 in
755 4924 845 4963 carne
857 4925 911 4963 nnn

72 5005 161 5073 (Gen.
170 5003 212 5073 u).
222 5001 446 5056 Sacramentum
455 5000 650 5069 lmcmapnum
662 5002 717 5063 est,
729 4997 822 5068 inquit
835 4999 912 5068 Apo-

69 5088 431 5163 tolus‚egoante1ndicoin
445 5087 566 5142 Christo
574 5087 637 5141 etin
649 5085 912 5159 Ecclesia(ldplres

72 5182 111 5251 v).
127 5179 189 5236 Sed
203 5178 273 5250 qnia
288 5174 379 5248 hujus
395 5176 522 5246 lephthe
538 5174 651 5247 conjux
665 5176 751 5248 virgo
768 5191 837 5230 esse
853 5192 912 5231 uon

72 5270 167 5344 potuit
182 5269 213 5323 in
231 5282 267 5323 eo
283 5267 361 5339 qnod
371 5266 540 5337 llliapotius
552 5265 691 5336 occurrit,
704 5268 733 5321 et
748 5265 839 5320 inulta
854 5280 913 5321 non

73 5358 229 5428 remansit,
239 5356 420 5430 prohibitum
432 5355 622 5424 sacrificium,
631 5354 768 5410 voventis
780 5354 912 5426 audacia,
927 5404 932 5417 ,

74 5455 101 5510 et
111 5449 274 5525 virginitas
286 5445 430 5504 Ecclesiae
450 5446 577 5520 figurata
592 5449 648 5502 est.
665 5444 728 5501 Nec
743 5444 883 5502 abhorret
898 5460 915 5500 a

73 5559 145 5605 veto
151 5540 235 5620 quod
250 5538 319 5603 illive
330 5535 448 5599 nomine
457 5536 756 5614 eademsignitleatur
766 5535 912 5597 Ecclesia.

941 4462 947 4474 ’
968 4451 1095 4521 Ephrem
1106 4453 1209 4520 postea
1218 4451 1254 4505 ab
1264 4453 1367 4507 eodem
1377 4452 1503 4525 lephthe
1515 4448 1679 4505 debellatus
1693 4450 1748 4516 cst,
1765 4445 1803 4500 ad

964 4540 1110 4614 judicium
1122 4540 1173 4594 Dei
1183 4541 1362 4611 quoderitin
1377 4543 1434 4596 ime
1450 4538 1638 4595 referendum
1653 4539 1708 4607 cst,
1725 4535 1804 4590 sicut

968 4631 1032 4701 ipse
1048 4629 1191 4684 Dominus
1203 4630 1288 4684 dicit:
1305 4631 1367 4685 Eos
1382 4631 1431 4702 qni
1444 4630 1600 4684 noluerunt
1611 4643 1657 4680 me
1671 4640 1804 4698 regnare

968 4720 1038 4789 sibi,
1050 4719 1188 4774 adducite
1196 4720 1252 4773 huc
1261 4727 1290 4773 ct
1299 4719 1463 4774 interficite
1473 4734 1571 4773 coram
1580 4715 1742 4786 me(dudic.
1751 4731 1802 4770 xn.

968 4810 1031 4864 Nec
1043 4809 1083 4863 ibi
1094 4809 1288 4880 qnadraginta
1299 4808 1357 4864 duo
1368 4808 1457 4863 millia
1468 4806 1583 4861 vacanti
1595 4820 1717 4860 numero
1730 4819 1805 4860 com·

969 4901 1121 4957 memorati
1136 4902 1214 4954 sunt.
1231 4900 1314 4954 Sicut
1328 4901 1405 4954 enim
1417 4901 1459 4953 illi
1475 4900 1532 4954 duo
1548 4912 1669 4952 menses
1685 4899 1805 4967 propter

969 4990 1124 5062 sexaginta
1134 4989 1359 5044 diessenarium
1368 5005 1522 5043 numerum
1530 4990 1710 5042 sexaetatum
1719 4982 1801 5057 signi

970 5082 1068 5149 hoaut,
1085 5079 1123 5132 ita
1139 5083 1166 5132 et
1177 5078 1218 5133 ibi
1230 5078 1331 5132 sexies
1342 5079 1530 5149 septenarius
1542 5078 1648 5132 ductus
1660 5075 1716 5129 hoc
1727 5073 1805 5128 idem

971 5173 1087 5244 ligur-nt,
1100 5172 1239 5240 quantum
1251 5168 1287 5222 ad
1300 5185 1355 5223 sex
1366 5172 1468 5224 aetates
1486 5167 1590 5223 saeculi
1601 5165 1736 5237 pertinet.
1754 5162 1806 5218 Se·

971 5262 1036 5316 xics
1053 5259 1160 5315 etenim
1169 5262 1292 5330 septem,
1305 5260 1501 5332 quadraginta
1511 5259 1569 5314 duo
1582 5254 1806 5313 suntNechu·

972 5356 1076 5407 straet
1096 5352 1160 5424 ipse
1184 5351 1309 5424 tephthe
1334 5370 1387 5409 sex
1407 5355 1493 5409 curiis
1508 5351 1649 5424 populum
1662 5341 1806 5424 judicavit

972 5443 1082 5517 (idida.
