3796 6022
41 246 136 312 ,1001
434 302 438 309 .
699 238 1131 309 SERMONESGENTUM.
1260 293 1263 298 .
1688 245 1784 314 stom

58 450 129 503 runt
139 446 332 517 iracundiam,
345 448 374 501 et
389 446 425 501 de
437 444 635 501 subversione
651 445 709 501 sibi
719 445 894 500 comminata
910 426 1018 516 Aista,
1036 462 1102 518 qum
1115 448 1160 502 est
1175 446 1233 501 vitu
1244 446 1410 518 spiritualis
1422 443 1549 502 othebet
1563 447 1784 521 gradussuosa

59 535 454 608 merueruntiadulgontiam
465 535 560 605 (dean.
578 537 631 605 ιιι).
952 538 1035 606 porta
1046 537 1187 607 usquead
1206 540 1393 607 portam,per
1409 534 1671 608 quosascenditur
1681 539 1721 594 ab
1736 540 1784 594 ia·

99 626 228 697 Septima
251 626 345 697 platea
368 628 480 680 sanctae
500 625 627 680 civitatis
648 627 694 679 cst
719 623 896 680 continentia
951 624 1153 679 terior-ibusad
1166 626 1784 701 superiora,utquiascendantpensingu·

60 716 126 770 sive
143 716 276 771 castitas,
294 715 366 770 Haec
383 731 420 770 ex
434 731 492 769 una
516 718 597 785 parte
621 714 709 769 hahet
725 715 898 769 munditiam
951 712 997 767 los
1014 714 1126 784 gradus
1143 731 1158 767 a
1173 717 1300 771 terrenis
1318 716 1503 788 elongentur,
1513 720 1544 771 ut
1555 717 1727 775 eoelcstibus
1736 735 1784 789 up-

62 805 177 875 cordis,
200 821 238 859 ex
257 804 348 860 altera
362 805 536 859 munditiam
552 804 697 874 corporis.
716 804 768 858 Vel
789 819 826 858 ex
841 817 899 857 una
950 803 1158 874 propinquent.
1184 803 1290 859 Sancte
1313 806 1392 860 enim
1413 806 1515 861 vivere
1534 806 1705 863 volentibus
1721 808 1784 878 pri-

61 898 144 964 parte
159 894 247 949 habet
258 895 430 949 munditiam
447 893 647 966 cogitationis,
661 893 898 948 exaltaremun-
950 908 1030 946 mum
1045 893 1212 947 intrandum
1228 897 1274 949 est
1291 910 1346 965 per
1365 895 1463 965 ssdcm,
1481 895 1586 950 deinde
1604 910 1663 967 per
1684 896 1784 953 incre-

64 984 165 1038 ditiam
181 985 318 1039 actionis.
334 983 430 1055 Cujus
450 984 569 1038 virtutis
585 986 713 1054 quantus
729 982 768 1037 sit
784 981 900 1037 tructus
951 985 1048 1035 menta
1060 980 1186 1052 justitiae
1201 984 1237 1037 ad
1249 984 1699 1054 contemplationemceelestium
1710 1001 1784 1041 con-

62 1076 152 1144 atque
167 1073 289 1144 bonum,
307 1074 338 1128 in
352 1073 452 1127 viduis
469 1075 497 1128 et
514 1071 682 1145 virginibus
700 1071 846 1139 enitescit,
863 1087 901 1126 ex
952 1071 1164 1125 scandendum.
1183 1071 1234 1126 Est
1256 1072 1354 1144 itaque
1374 1073 1488 1144 primus
1509 1074 1620 1146 gradus
1639 1073 1671 1131 in
1690 1077 1784 1147 prima

65 1162 177 1233 quibus
192 1163 290 1218 viduae
307 1162 540 1234 sexagesimum,
558 1160 692 1233 virgines
707 1160 901 1215 centesimum
952 1164 1046 1229 porta,
1057 1159 1105 1214 vel
1115 1159 1214 1229 potius
1230 1161 1294 1230 ipsa
1309 1165 1393 1232 porta
1409 1163 1578 1234 estprimus
1590 1163 1701 1236 medus
1717 1165 1784 1221 sire

63 1252 220 1321 possident
236 1252 374 1307 tructam.
393 1251 465 1320 ilas,
484 1250 664 1319 charissimi,
680 1249 806 1304 virtutes
821 1254 900 1305 recte
952 1248 1033 1302 scala
1055 1249 1254 1304 ascensionis
1272 1251 1297 1305 Α
1313 1252 1440 1306 terrenis
1463 1252 1541 1306 enim
1557 1252 1672 1323 elevati,
1688 1254 1784 1325 primo

64 1341 178 1409 plateas
190 1343 388 1411 nominamus,
403 1340 431 1395 id
449 1342 494 1395 est
509 1339 574 1394 vius
589 1340 663 1394 latas
680 1339 716 1393 ud
731 1339 900 1394 inhabitan-
952 1337 1019 1392 leco
1029 1338 1134 1408 pedem
1145 1354 1256 1409 ponere
1275 1339 1420 1394 dehemus
1436 1341 1464 1394 in
1479 1342 1602 1412 primam
1617 1342 1738 1414 scalam,
1754 1344 1785 1399 i'd

65 1429 145 1499 dum,
164 1431 356 1500 spiritualiter
379 1429 598 1497 ambulandum,
616 1432 645 1484 et
669 1429 847 1483 currendum
873 1432 901 1483 ot
953 1429 999 1481 cst
1014 1427 1112 1482 tidem.
1141 1428 1277 1483 Secundo
1294 1444 1332 1483 ex
1347 1429 1405 1484 side
1420 1429 1563 1485 debemus
1578 1431 1740 1488 ascendere
1753 1433 1785 1488 in

65 1517 103 1572 ad
119 1534 204 1573 omae
221 1519 374 1590 spirituale
390 1520 542 1591 negotium
572 1518 697 1588 habiles,
715 1518 784 1589 quia
804 1519 900 1572 omnis
953 1531 1047 1585 spem.
1058 1516 1156 1571 'lertio
1173 1518 1316 1574 debemus
1327 1518 1489 1574 ascendere
1505 1520 1650 1590 exspetn
1661 1520 1786 1578 eharita-

64 1608 125 1677 via,
139 1625 205 1679 quae
217 1609 341 1664 ducitad
355 1610 446 1664 vitam
456 1609 524 1664 lieet
534 1607 745 1664 inchoantibus
755 1608 802 1662 rel
813 1610 900 1661 etiam
953 1607 1021 1659 tem.
1032 1604 1508 1670 Quartoascenderedebemuscx
1520 1609 1662 1664 charitate
1677 1609 1786 1664 inalie-

64 1696 291 1767 proticientibus
303 1701 420 1753 arctaet
435 1699 526 1753 ardua
541 1697 685 1766 videatur,
696 1697 838 1767 protectis
854 1700 899 1750 ta·
954 1710 1019 1747 rum
1034 1694 1175 1750 virtutum
1191 1697 1442 1767 exercitationem,
1459 1698 1586 1752 maxime
1605 1698 1636 1752 in
1651 1701 1787 1775 septena·

68 1801 138 1840 men
149 1789 177 1840 et
192 1785 333 1856 perlectis
344 1787 401 1841 lata
414 1791 442 1841 et
456 1787 542 1857 plana
560 1801 629 1840 csse
644 1786 796 1856 probatur.
815 1786 899 1841 Unde
913 1762 941 1826 Β
955 1783 1031 1837 rium
1050 1785 1257 1855 principalium
1273 1787 1413 1841 virtutum
1426 1802 1493 1858 quae
1508 1787 1538 1840 in
1554 1786 1717 1860 Evangelio
1732 1788 1786 1844 de-

68 1874 241 1930 Psalmista:
264 1875 345 1930 Viam
360 1875 532 1931 mandorum
556 1880 670 1929 tuorum
691 1876 820 1945 cucurri,
837 1891 900 1929 cum
955 1872 1137 1943 scribuntur,
1168 1874 1219 1946 qui
1241 1875 1428 1945 septenarius
1453 1875 1565 1947 incipit,
1584 1876 1636 1931 ubi
1661 1877 1784 1935 dieitur:

70 1963 206 2020 dilatasti
220 1979 380 2020 cormeum
402 1964 496 2033 (Psal.
514 1966 625 2034 cxrru).
644 1964 679 2018 Et
693 1965 780 2019 itam:
799 1964 902 2019 Omnis
954 1960 1044 2015 Beati
1050 1963 1651 2036 paupercsspiritu,quoniamipsorumest
1658 1981 1785 2039 reanum

66 2054 328 2108 corisummatioais
351 2053 412 2108 vidi
424 2053 521 2123 ducar,
534 2053 623 2108 lartum
638 2054 806 2108 mandatum
824 2059 901 2109 tuam
956 2050 1094 2105 coelcrum
1104 2051 1224 2122 (Matth.
1241 2053 1280 2124 v).
1292 2051 1398 2119 Quinto
1414 2053 1557 2109 debemus
1571 2053 1735 2111 ascendere
1750 2070 1788 2111 ex

70 2141 282 2213 nirnisttbid.).
293 2140 368 2197 Nam
377 2143 566 2214 quincunque
576 2142 735 2214 perlectam
744 2143 903 2198 habetcha·
957 2139 1125 2210 septenario
1140 2142 1347 2212 principalium
1363 2142 1503 2197 virtutum
1522 2143 1551 2198 in
1569 2145 1720 2200 senarium
1734 2144 1791 2201 bo-

70 2231 196 2297 nitatem,
214 2248 281 2303 quae
294 2232 374 2288 toras
390 2233 475 2287 mittit
489 2233 624 2287 timerem
635 2232 662 2302 (I
671 2233 755 2287 dean.
770 2235 821 2304 ιν),
838 2233 904 2287 dut·
957 2245 1062 2284 norum
1078 2243 1211 2300 operum,
1223 2231 1274 2301 qut
1288 2231 1400 2303 incipit,
1412 2230 1596 2288 ubidicitur:
1613 2232 1791 2301 Esuriri,et

70 2336 106 2375 cc
123 2320 221 2390 habet,
239 2320 297 2376 imo
307 2322 572 2393 repetatquidquid
583 2321 642 2376 sibi
652 2322 844 2377 tentationum
858 2322 905 2378 vel
958 2317 1169 2373 dedistismihi
1174 2320 1354 2374 arunducare
1364 2321 1573 2393 (Matthxxv).
1584 2321 1674 2378 Sexto
1682 2337 1791 2379 ascen·

69 2410 283 2465 adversitatum
295 2412 468 2480 occurrerit,
479 2411 581 2466 dicens
592 2427 657 2466 eum
668 2411 810 2482 Apostulo
821 2427 827 2467 :
838 2412 905 2467 Non
958 2407 1029 2462 dere
1042 2407 1186 2463 debemus
1202 2423 1240 2462 ex
1255 2409 1374 2465 senario
1387 2409 1532 2466 bonorum
1541 2425 1663 2482 eperum
1672 2412 1702 2467 ia
1711 2427 1792 2482 prae-

68 2505 138 2554 sant
149 2499 302 2571 concipere
307 2500 465 2571 passiones
476 2500 563 2572 lnp'us
573 2501 716 2571 temporis
726 2501 764 2555 ad
773 2500 903 2555 suturam
960 2496 1146 2552 dicationem.
1164 2497 1282 2552 lustum
1299 2497 1377 2553 enlm
1393 2502 1422 2553 et
1442 2499 1580 2556 idoneum
1593 2500 1745 2572 probetur,
1760 2503 1795 2556 ut

69 2586 506 2660 pluriamquaererelabitarin
517 2590 702 2659 nobistltom.
712 2592 785 2661 vni).
795 2590 906 2644 Hinoin
959 2585 1013 2656 qui
1027 2585 1137 2640 bonum
1153 2588 1300 2656 operatur,
1314 2587 1379 2659 ipse
1395 2587 1452 2644 hoc
1467 2589 1534 2644 aliis
1550 2588 1697 2660 loquetur,
1707 2592 1740 2646 ut
1754 2591 1795 2646 sit

71 2675 203 2732 Canticis
215 2679 396 2733 canticorum
408 2679 443 2733 dc
452 2679 593 2733 charitate
605 2679 815 2749 scriptumest,
827 2680 907 2750 quod
960 2674 1266 2746 imitatorSalvatoris,
1276 2675 1312 2731 de
1321 2692 1379 2748 (1110
1389 2676 1532 2749 seriptum
1543 2681 1604 2735 θὸῐῑ
1624 2677 1693 2744 ertu
1707 2683 1794 2751 Oaeptt

73 2765 905 2840 sortisestutmorsdilectio,dureatintcrnuseamutatro.
960 2764 1049 2818 deses
1063 2764 1165 2819 tacere
1181 2771 1211 2819 et
1229 2766 1337 2820 decere
1352 2766 1431 2836 (Act.
1449 2766 1479 2838 ι).
1503 2768 1677 2824 Praedicatic
1693 2772 1793 2825 autem

72 2855 240 2927 Lampados
255 2856 320 2928 ejas
345 2856 497 2928 lampades
512 2857 592 2928 ipris
612 2863 699 2930 atquc
713 2857 905 2913 llannnarum.
960 2853 1242 2924 duobuseliquando
1254 2854 1351 2910 modis
1362 2855 1506 2926 expletur,
1523 2856 1625 2912 verbis
1635 2857 1751 2914 scilicet
1766 2859 1796 2913 et

71 2944 167 3016 Aquae
177 2943 276 2999 multa
291 2961 347 2999 nou
359 2951 500 3017 poterunt
512 2946 707 3017 exstinquere
717 2946 904 3015 charitatem,
959 2942 1121 2997 miraculis.
1141 2943 1224 2997 Unde
1239 2944 1275 2998 de
1290 2944 1394 3013 primis
1410 2947 1438 2999 ct
1452 2945 1578 3000 summis
1593 2946 1795 3017 praedicatori·

71 3049 167 3106 neque
182 3032 302 3088 tlumina
318 3034 444 3098 obruent
459 3034 550 3089 illam.
567 3034 603 3090 Si
617 3035 737 3090 dederit
751 3034 835 3089 horne
851 3050 906 3090 our
958 3031 1016 3085 bus
1026 3031 1169 3101 scriptum
1181 3034 1241 3086 est:
1255 3030 1407 3086 Itliautem
1412 3032 1544 3104 protecti
1549 3035 1794 3104 praedicaverunt

71 3138 139 3178 aem
155 3122 352 3178 substantiam
368 3124 550 3195 demessum,
564 3140 620 3196 pre
635 3123 804 3194 dilectione,
822 3122 907 3197 quasi
960 3119 1795 3193 ubiqueDominocooperantc,etsermonemcontiruraate

71 3211 152 3266 nihil
163 3211 309 3284 despiciet
324 3228 387 3268 eam
403 3213 504 3284 (Cant.
515 3215 587 3283 ιιιι).
604 3212 700 3267 Inhac
714 3213 831 3268 civitate
841 3213 905 3284 spi·
958 3209 1379 3282 sequentibussipnis(Marc.
1392 3210 1464 3282 xvi).
1477 3211 1608 3282 Septimo
1624 3212 1690 3269 loeo
1705 3212 1795 3269 dehe-

70 3300 167 3356 rituali
177 3302 268 3357 turris
278 3318 395 3374 quoque
410 3303 572 3365 fortissima
582 3307 637 3374 cst,
648 3304 684 3358 de
694 3320 752 3374 qua
763 3305 906 3374 scriptum
958 3314 1026 3353 mus
1035 3299 1792 3374 ascendereexpraedicationeincontemplationem.

41 3460 43 3464 Α
70 3391 140 3445 est:
167 3390 271 3445 Turris
289 3391 456 3447 fortissima
476 3408 580 3448 nornen
599 3393 719 3448 Domini
730 3413 739 3458 ;
759 3393 906 3466 adipsum
959 3389 1001 3443 De
1025 3388 1072 3443 his
1088 3388 1179 3445 scalis
1195 3389 1259 3444 sive
1281 3389 1426 3461 arcadibus
1445 3391 1634 3449 ascensionis
1650 3391 1795 3464 seriptum

71 3477 310 3551 contluetjustus
325 3486 354 3535 et
368 3481 538 3536 salvabitur
553 3482 657 3549 (Prov.
670 3483 764 3553 xviri).
960 3477 1312 3533 cstzlltucascendcrunt
1325 3479 1431 3545 tribus,
1452 3480 1550 3536 tribus
1560 3481 1688 3554 Domini,
1706 3483 1794 3538 testi·

109 3567 219 3637 Scitis,
243 3568 430 3639 charissimi,
452 3571 520 3642 quia
540 3569 711 3626 hominibus
726 3570 910 3643 quibuslibet
960 3566 1793 3639 rnoniumlsracl,adeandtendumnorniniDemini(Psal.

73 3672 161 3712 suam
169 3657 273 3712 urbem
283 3658 511 3714 defendentihus
522 3660 721 3732 uaninequis,
732 3661 832 3727 armiS,
842 3676 909 3731 por·
961 3657 1052 3724 cxxi).
1065 3654 1100 3709 Et
1108 3655 1193 3711 alibi:
1205 3655 1317 3711 Beatus
1329 3658 1376 3712 rir
1386 3658 1470 3730 eujus
1479 3659 1672 3715 estauxilium
1683 3659 1738 3715 ebs
1753 3666 1799 3728 tc,

71 3748 125 3815 tis,
140 3746 245 3816 muris,
261 3748 412 3802 autetiam
427 3749 542 3804 viribus
563 3749 716 3804 suistanta
732 3749 838 3804 tiducia
852 3752 908 3819 est,
961 3745 1154 3801 ascensiones
1170 3746 1201 3799 in
1218 3745 1308 3801 eorde
1326 3762 1378 3802 suo
1391 3747 1537 3819 disposuit
1552 3749 1584 3803 in
1602 3748 1678 3804 valle
1691 3749 1795 3823 tacry-

35 3844 37 3848 '
77 3838 188 3907 quanta
204 3835 233 3890 in
249 3838 322 3891 turri
343 3853 406 3892 suaa
427 3838 564 3893 civitatis¹
584 3838 706 3910 Fugatis
726 3839 804 3892 enim
820 3841 848 3893 et
861 3853 910 3893 rc·
961 3850 1075 3888 marum
1096 3835 1127 3888 iu
1152 3834 1216 3888 Ioco
1237 3850 1319 3906 quern
1343 3837 1440 3906 posuit
1463 3836 1557 3905 (Psal.
1581 3837 1714 3908 nnxxrn).
1730 3836 1796 3905 -Qui

76 3912 201 4003 troactis
216 3925 336 3980 unicum
355 3926 518 3998 retugium,
540 3927 695 3999 solumque
715 3931 845 3982 tutamen
866 3929 912 3982 est
962 3927 1059 3978 autem
1069 3938 1123 3993 per
1137 3923 1212 3978 istos
1223 3923 1334 3995 gradus
1345 3939 1442 3996 usque
1456 3925 1796 3998 inpartamoontemple·

76 4013 179 4068 turris.
190 4013 250 4083 Sic,
263 4014 307 4068 sic
319 4014 457 4069 fidelibus
468 4016 747 4086 contraspirituules
758 4017 862 4072 hostes
873 4017 913 4070 ‹ti-
962 4013 1063 4082 tionis,
1080 4029 1147 4083 quaa
1167 4013 1197 4066 in
1222 4028 1349 4084 summo,
1367 4016 1395 4068 et
1420 4014 1505 4085 quasi
1520 4016 1550 4070 in
1566 4015 1647 4072 exitu
1668 4016 1796 4073 civitatis
1830 4054 1835 4065 ι

75 4101 255 4158 micantibus
271 4104 358 4159 unica
374 4120 445 4174 spes
462 4109 517 4174 est,
534 4109 620 4176 atque
636 4106 728 4160 tutela
742 4122 801 4161 nen
815 4107 913 4160 solum
964 4101 1056 4173 hujus
1066 4103 1163 4172 posita
1172 4105 1227 4171 est,
1239 4104 1456 4175 conscenderit,
1467 4104 1531 4176 ipse
1538 4105 1730 4178 semetipsum
1737 4107 1798 4179 spi·

76 4191 107 4245 in
119 4190 257 4247 adversis
272 4208 377 4248 vorum
393 4196 422 4248 et
435 4194 465 4248 in
480 4195 645 4264 prosperis,
663 4195 809 4251 invocatio
821 4195 912 4250 divini
965 4191 1109 4247 ritualiter
1124 4191 1310 4264 egredictur,
1327 4194 1356 4247 et
1370 4195 1628 4267 supergredietur,
1649 4198 1681 4250 nt
1696 4196 1746 4251 tlet
1759 4209 1799 4252 ex

78 4279 219 4336 nominis.
231 4281 298 4337 Non
307 4283 385 4336 enim
395 4283 531 4354 ignorant
541 4283 620 4354 quod
633 4284 816 4356 quincunque
827 4285 912 4339 inve·
966 4280 1172 4351 taceblsreet,
1184 4297 1221 4337 ex
1233 4280 1285 4335 Lia
1293 4281 1415 4352 Rachel,
1426 4299 1463 4338 ex
1475 4283 1633 4340 Phenenne
1642 4285 1692 4340 tlet
1700 4285 1796 4355 huna,

79 4369 199 4452 caverit
208 4386 312 4426 nornen
321 4371 441 4425 Domini
450 4372 553 4427 salvus
564 4373 623 4427 crit
634 4371 721 4440 (decl.
733 4375 774 4444 n).
787 4373 856 4429 lade
867 4375 953 4451 estD
968 4374 996 4427 et
1016 4387 1053 4426 ex
1078 4371 1191 4426 Martha
1213 4371 1263 4425 tlat
1285 4371 1386 4426 hlariu.
1413 4372 1448 4426 Et
1470 4373 1521 4444 qui
1543 4373 1599 4428 luit
1611 4374 1683 4428 boni
1699 4373 1799 4443 operis

78 4457 166 4513 ctiam
178 4459 257 4530 quod
269 4464 370 4515 saneta
379 4460 558 4516 universalis
569 4461 704 4517 Ecclesia
714 4462 914 4518 insuishahet
970 4460 1127 4527 exhibitor,
1154 4461 1203 4515 siat
1224 4460 1386 4516 divinitatis
1409 4461 1631 4531 contemplator.
1652 4461 1729 4516 Hinc
1752 4463 1801 4517 cst

78 4548 316 4605 institutionibus
332 4550 459 4621 primum
475 4552 614 4606 invocare
629 4567 738 4607 nomen
754 4552 869 4608 Domini
884 4554 915 4607 in
968 4550 1049 4623 quod
1064 4550 1208 4605 ieremias
1219 4551 1271 4605 ait:
1284 4550 1397 4605 Bonum
1413 4554 1459 4604 cst
1476 4550 1541 4605 viro
1555 4566 1619 4605 cum
1631 4550 1803 4622 portaverit

78 4637 191 4693 divinis
203 4638 356 4710 obsequiis
367 4640 555 4710 inchoandis,
568 4640 730 4697 fideliteret
740 4642 917 4698 fiducialiter
963 4640 1067 4713 jupam
1083 4639 1121 4694 ab
1137 4638 1338 4695 adulescentia
1358 4654 1409 4695 sua
1424 4638 1549 4708 (Three.
1566 4637 1804 4709 rutsedebitso·

79 4726 304 4799 proclamando:
322 4729 412 4800 Deus,
433 4729 464 4783 iu
483 4729 662 4802 adjutorium
678 4747 774 4785 mcum
793 4732 917 4787 intende
969 4730 1095 4799 literius,
1112 4728 1181 4799 quia
1196 4726 1354 4782 levabitse
1369 4742 1519 4798 superse.
1536 4727 1613 4783 lliac
1628 4728 1658 4783 in
1672 4726 1803 4784 Gentieis

80 4815 177 4887 (Psal.
193 4820 284 4887 ιιιιιι).
305 4817 400 4873 Habet
413 4834 532 4890 quoque
548 4822 648 4890 portas
661 4816 735 4874 duas
751 4819 918 4875 Jerusalem
970 4817 1379 4886 Canticerumscriptumest:
1391 4816 1593 4889 Epredimr'ni,
1603 4815 1805 4889 dliteSIen,et

81 4904 140 4959 ista
155 4905 330 4976 spiritualis,
348 4923 472 4978 quarum
486 4909 580 4978 prima
600 4910 629 4963 et
642 4908 767 4963 interior
781 4912 827 4963 est
843 4910 918 4965 tides
974 4905 1806 4979 videterepemSaleurenernindiadematequecoronavit

81 4993 389 5052 CatholicaSecunda
406 5000 434 5052 et
443 4999 581 5068 superior
596 5001 641 5052 est
651 4999 858 5069 contemplatio
876 5000 919 5054 di·
972 5012 1037 5051 eura
1047 5003 1205 5050 materaria
1216 4994 1248 5048 in
1258 4993 1308 5049 die
1317 4994 1557 5066 desponsationis
1565 4997 1640 5070 ejus,
1648 4997 1716 5054 etin
1726 4997 1807 5054 laeti·

83 5083 165 5138 vine.
176 5083 217 5138 De
227 5084 275 5140 his
287 5085 403 5141 duabus
414 5087 509 5157 portis
526 5088 670 5157 scriptum
684 5092 747 5143 est:
763 5088 920 5161 tupi-edie-
975 5086 1013 5139 tia
1023 5085 1125 5140 cordis
1135 5082 1324 5153 illiusttlant.
1335 5087 1389 5154 ιιι).
1403 5084 1478 5140 ilinc
1487 5086 1803 5160 Psalmographusait:

52 5232 55 5237 ,
84 5177 135 5228 tur
149 5180 180 5228 et
198 5174 383 5246 epredictur,
402 5182 432 5230 et
443 5190 552 5247 pascua
568 5177 703 5232 inveniet
718 5175 814 5248 (dean.
829 5179 871 5247 ιι).
888 5178 921 5231 Ιιι
975 5173 1020 5228 lbi
1043 5173 1202 5247 Denjamin
1227 5173 1467 5229 adolescentulus
1491 5175 1522 5230 in
1546 5177 1657 5232 inentis
1682 5188 1809 5232 excessu

39 5294 40 5298 =
84 5261 180 5333 prima
190 5278 238 5332 por
246 5266 274 5317 ta
285 5264 416 5319 inveniet
426 5280 536 5336 pascua
547 5265 659 5338 gratiae,
670 5267 699 5322 in
712 5267 843 5322 secunda
854 5283 922 5337 pas·
975 5259 1376 5332 (l’salnxvn).Festinamus
1385 5262 1698 5336 sratres,postlabores
1708 5262 1808 5334 operis

84 5365 141 5406 cue
151 5350 266 5422 gloriae.
281 5351 318 5406 Ut
328 5356 425 5408 autem
435 5354 564 5410 diversis
581 5371 618 5410 ex
629 5353 884 5426 loeisScripturee,
895 5358 923 5411 et
974 5352 1012 5406 ad
1021 5351 1149 5422 quietem
1159 5354 1187 5406 et
1200 5351 1365 5407 libertatem
1379 5353 1637 5425 contemplationis
1651 5351 1766 5424 egredi,
1776 5351 1809 5406 ut

83 5456 124 5496 ex
138 5441 358 5496 assertionibus
379 5443 573 5514 quorumdam
593 5447 690 5514 potest
709 5443 845 5516 intelligi,
858 5444 924 5515 ipsa
976 5456 1032 5496 uus
1043 5456 1145 5513 regem
1161 5440 1192 5495 in
1207 5440 1314 5497 decore
1329 5458 1395 5514 suo,
1412 5445 1441 5499 et
1458 5446 1568 5499 terram
1588 5445 1720 5498 nostram
1739 5439 1811 5496 licat

84 5533 205 5587 terrena
229 5529 397 5608 Jerusalem
426 5532 593 5588 secundum
611 5533 764 5605 antiquam
784 5533 874 5590 situm
893 5534 925 5591 iu
977 5530 1074 5586 adhuc
1089 5529 1125 5588 de
1138 5530 1227 5605 longe
1250 5530 1402 5588 valeamus
1417 5532 1536 5589 intueri.
1558 5528 1765 5586 ascendemus
1779 5528 1811 5586 in

55 5686 58 5691 ,
86 5618 165 5679 clivo
180 5619 280 5696 posita
295 5620 360 5678 tuit.
377 5621 426 5678 Sic
446 5624 475 5678 et
493 5621 524 5678 iu
544 5621 621 5681 clivo
640 5623 737 5698 posita
756 5626 803 5683 est
819 5622 924 5686 ciritae
977 5619 1118 5681 virtatem
1131 5621 1168 5682 de
1182 5621 1291 5685 vinata
1305 5621 1384 5682 sicat
1399 5622 1483 5682 decet
1507 5636 1562 5699 pra
1576 5616 1683 5694 salute,
1697 5621 1823 5702 alpem

231 5728 362 5792 Peraea.
380 5727 552 5793 ccxxvtt.
1645 5724 1707 5801 hx
1742 5777 1747 5783 .
