3796 6022
49 248 131 317 1033
692 246 920 315 SERMONES
949 246 1137 315 CENTUM.
1698 248 1779 318 1034

53 448 248 506 tradiderunt.
261 448 320 506 Sed
334 464 401 520 nos,
416 451 497 506 tanto
511 448 647 520 exemplo
656 449 775 521 penitus
785 449 886 521 oblito,
902 431 932 494 Α
946 464 1068 519 operum
1082 449 1225 520 passibus
1240 448 1277 504 de
1292 448 1339 505 die
1358 448 1388 505 iu
1413 448 1489 505 diem
1504 448 1662 508 tendendo.
1678 449 1779 507 Simus

53 538 184 611 nonjam
198 537 399 608 tabernacula,
412 540 465 593 sed
474 554 529 593 nec
537 539 653 608 domos,
664 553 768 593 verum
783 539 889 609 palatia
944 553 1106 609 pauperes,
1131 537 1241 593 vietum
1265 541 1293 593 et
1309 539 1450 595 vestitum
1459 540 1660 596 tantummodo
1679 540 1779 612 possi·

53 630 84 683 et
97 628 182 685 aulas
206 628 306 700 regias
328 627 521 683 oedillcamus.
545 625 629 692 Quod
651 631 748 682 temen
770 631 891 699 propter
946 625 1052 681 dendo.
1069 625 1168 681 Simus
1184 626 1312 698 denique
1323 626 1409 699 justi,
1422 643 1520 682 coram
1537 627 1639 684 Decet
1650 628 1780 685 homini·

56 717 282 788 necessitatem,
308 716 475 782 utilitatem,
500 718 529 771 et
554 715 681 788 quietem
702 718 891 786 posterorum
945 714 1003 769 bus
1017 719 1097 770 recte
1119 715 1256 770 vivendo.
1273 715 1496 772 commoremur
1519 716 1549 771 iu
1567 716 1779 788 tabernuculis,

56 804 530 876 multisvideturessetolerabile,
541 805 568 860 si
578 807 805 876 tamenpropter
815 805 891 860 hanc
947 803 1000 857 sed
1014 818 1052 857 ex
1062 802 1201 858 virtutum
1211 804 1520 876 ethonorumoperum
1528 806 1660 862 ramisac
1670 805 1781 861 decen·

54 894 234 950 exteriorem
248 895 277 949 et
300 894 461 966 perituram
484 892 716 976 aedificationem¹
726 893 849 949 interior
864 895 893 948 et
946 895 992 946 ter
1004 892 1189 963 compositis.
1202 891 1295 947 Ponat
1312 895 1519 966 unusquisque
1530 896 1666 950 nostrum
1677 895 1781 951 insola

57 998 237 1054 permanens
248 982 820 1055 animarumstructuranonncgligatnr.
948 996 1015 1035 cum
1025 979 1145 1036 Christo
1155 981 1376 1037 tabernaculum
1394 997 1491 1052 suum,
1507 987 1539 1039 ut
1554 999 1696 1040 exeamus
1715 998 1782 1039 cum

91 1071 230 1127 Christus
241 1074 337 1126 autem
347 1069 526 1142 verejustus
537 1070 601 1126 fuit.
613 1070 698 1126 Unde
716 1070 795 1126 Deus
806 1071 895 1126 Pater
946 1067 1066 1124 Christo
1078 1072 1161 1124 extra
1173 1073 1305 1140 portam,
1330 1071 1540 1141 improperium
1555 1071 1623 1144 ejus
1638 1071 1782 1143 cumipse

56 1175 131 1216 voce
142 1159 241 1215 Esaiae
256 1160 292 1215 de
303 1159 369 1231 ipso
379 1159 433 1215 ait:
451 1159 486 1215 In
501 1159 628 1215 scientia
648 1175 700 1215 sua
711 1158 893 1234 justificabit
947 1159 1099 1229 portantes
1114 1156 1221 1229 (Hehr.
1243 1160 1317 1229 xm).
1335 1158 1389 1213 Vel
1405 1161 1530 1215 certain
1546 1161 1622 1232 sole,
1639 1163 1672 1217 ut
1686 1162 1782 1217 simus

56 1246 893 1322 ipsejustosservosmeosmultos,etiniquitatesecrum
946 1261 1000 1318 pro
1019 1261 1120 1301 amore
1148 1245 1217 1318 ejus
1247 1247 1326 1301 sicut
1351 1247 1515 1319 Apostolus
1544 1249 1580 1305 de
1605 1265 1640 1305 se
1659 1250 1717 1306 ait:
1748 1249 1783 1305 ln

56 1339 123 1411 ipse
130 1338 264 1411 portabit
281 1336 364 1408 (lsai.
380 1338 453 1408 mu).
470 1335 608 1392 Christus
624 1353 697 1410 ergo
712 1340 823 1409 pastor,
840 1352 893 1392 cu·
947 1335 1088 1391 lahoreet
1098 1350 1240 1406 aerumna,
1253 1335 1286 1390 in
1299 1335 1532 1409 vigiliismultis,
1549 1337 1707 1395 insameet
1717 1338 1781 1412 siti,

59 1431 135 1498 stos,
152 1427 335 1501 negociator,
352 1426 449 1496 miles,
469 1425 566 1496 exsul,
582 1426 771 1500 peregrinus,
788 1427 892 1498 viator,
948 1424 1231 1498 inJ'cJaniismaiiis,
1241 1423 1398 1498 infrigere
1407 1430 1437 1480 et
1452 1426 1587 1482 nuditate
1597 1426 1712 1499 (IlCor.
1728 1427 1782 1498 xi),

57 1532 179 1588 pauper.
199 1517 305 1572 duetus
327 1515 359 1570 in
383 1515 574 1570 tabernaculo
600 1517 718 1587 mansit,
738 1519 766 1571 ot
784 1516 894 1571 insola
949 1513 1103 1568 etoaeteris
1118 1512 1257 1568 omnibus
1268 1528 1335 1585 quae
1346 1528 1436 1585 supra
1451 1514 1499 1570 vel
1515 1514 1591 1570 inira
1607 1514 1782 1573 dinumerat.

58 1620 147 1661 suum
157 1604 381 1660 tabernaculum
391 1604 558 1660 collocavit.
569 1601 804 1659 ‘sabernaculum
814 1602 892 1675 ojus,
950 1601 1783 1675 Procedamusetnospromodulonostrovelutsponsus

58 1694 187 1750 humana
202 1693 390 1749 conversatio
410 1691 489 1766 ejus.
506 1693 548 1748 De
568 1692 625 1747 hoc
640 1692 849 1763 tabernaculo,
865 1692 936 1798 idB
950 1691 986 1746 de
1001 1690 1141 1758 thalamo,
1156 1693 1187 1745 ut
1202 1690 1298 1745 simus
1313 1691 1369 1745 etsi
1395 1706 1454 1746 non
1469 1692 1652 1766 virginitate,
1678 1693 1785 1749 saltem

60 1786 107 1838 est
122 1781 349 1838 conversatione
371 1780 440 1853 ejus
455 1781 572 1836 Baruch
594 1781 647 1836 ait:
673 1780 731 1836 Hic
747 1787 793 1837 est
814 1780 896 1836 Deus
951 1779 1084 1834 castitate
1093 1779 1220 1850 candidi,
1230 1779 1425 1850 passionevel
1434 1782 1730 1854 certecompassione
1739 1798 1786 1838 ru·

59 1877 175 1944 noster,
188 1888 245 1927 non
260 1871 462 1927 aestimabitur
476 1870 553 1925 alias
567 1870 716 1926 adversus
731 1868 823 1925 illum.
839 1869 897 1924 Hic
949 1868 1081 1923 bicundi.
1094 1868 1127 1922 lu
1138 1867 1186 1923 his
1198 1868 1347 1940 omnibus,
1365 1883 1431 1941 quae
1446 1868 1617 1941 dictasunt,
1634 1870 1785 1927 Christum

60 1961 218 2017 adinvenit
230 1976 343 2016 omnem
357 1960 434 2014 riam
444 1957 624 2030 disciplinae,
637 1963 667 2013 ct
679 1957 806 2014 tradidit
816 1957 896 2012 illam
950 1972 1004 2028 pro
1018 1955 1133 2011 viribus
1147 1955 1307 2028 imitemus,
1323 1959 1350 2013 si
1367 1973 1434 2013 cum
1449 1957 1515 2028 ipso
1523 1974 1651 2032 regnare
1662 1959 1784 2016 deside·

60 2049 154 2105 dacoh
164 2064 259 2123 puero
273 2047 492 2120 suo,et1srael
505 2045 615 2103 dilecto
629 2061 691 2102 ειιο.
703 2046 778 2102 Post
792 2047 856 2102 haec
866 2046 897 2101 in
951 2061 1063 2100 ramus.
1074 2044 1130 2111 Qui
1138 2044 1217 2100 enim
1227 2060 1261 2100 sc
1277 2045 1348 2100 dicit
1361 2045 1393 2100 iu
1405 2046 1525 2101 llhristo
1540 2060 1670 2118 manere,
1685 2046 1783 2120 debet,

61 2138 158 2193 terris
175 2139 258 2193 risus
273 2143 330 2205 est,
345 2144 375 2193 et
389 2135 632 2192 camhomim'bus
642 2141 840 2192 conversatus
851 2140 898 2191 est
953 2134 1031 2189 sieut
1041 2133 1090 2189 ille
1100 2132 1270 2201 ambulavit,
1288 2135 1316 2188 et
1331 2134 1396 2205 ipse
1412 2133 1697 2209 ambularessancte
1711 2151 1784 2209 ergo

59 2227 202 2296 (Barnclr.
220 2228 273 2296 ιιι).
289 2226 397 2282 Posuit
411 2228 508 2281 autem
525 2224 748 2280 tabernaculum
763 2240 846 2279 saum
865 2225 898 2278 in
952 2223 1081 2279 vivendo
1096 2222 1248 2279 Christum
1263 2237 1424 2295 sequamur
1438 2223 1468 2279 in
1483 2228 1625 2296 tempore,
1640 2229 1672 2281 ut
1687 2226 1785 2298 ipsum

60 2314 228 2387 sole(Psal.
240 2315 335 2386 κνιιι),
359 2315 427 2386 quia
445 2314 476 2368 in
499 2312 656 2368 manifesta
678 2313 831 2368 hominum
850 2328 899 2368 oo·
954 2327 1115 2383 sequamur
1130 2311 1160 2367 iu
1179 2311 1350 2367 eternitate.
1366 2309 1452 2376 Quod
1470 2313 1557 2368 nobis
1579 2316 1724 2385 praestare
1739 2314 1787 2370 di·

60 2403 205 2476 gnitione,
232 2403 395 2460 infervere
418 2402 639 2474 persecutionis
663 2404 692 2458 et
715 2402 896 2469 athictionis,
956 2399 1410 2474 gustaridemtosusthnistus,
1426 2403 1482 2457 etc.

61 2493 149 2549 lamis
158 2496 187 2548 et
197 2493 275 2563 sitis,
283 2492 477 2564 blasphemiae
487 2495 515 2546 et
525 2491 899 2562 percussionis,passionis
1244 2488 1373 2546 Sllllth
1393 2490 1501 2545 xcix.

62 2585 92 2637 et
107 2582 223 2638 mortis.
238 2582 280 2636 Et
299 2583 365 2654 ipse
381 2587 516 2654 tanquam
541 2596 668 2653 sponsus
677 2580 848 2652 procedens
863 2581 900 2637 de
1156 2577 1190 2633 In
1207 2578 1441 2635 Circumcisionc
1456 2579 1585 2636 Domini.

62 2670 191 2726 thalamo
204 2686 257 2726 suo
277 2670 389 2741 (ibid).
408 2669 545 2741 Sponsus
561 2672 608 2725 est
621 2668 770 2740 Christus,
786 2685 900 2741 sponsa
994 2668 1191 2724 Transeamus
1206 2684 1296 2741 usqae
1310 2667 1497 2740 Bethlehem,
1514 2676 1545 2725 et
1565 2671 1718 2728 rideamus
1731 2672 1788 2730 hoc

61 2762 109 2816 est
124 2759 270 2830 Ecclesia,
287 2775 343 2816 sex
358 2759 481 2831 hydriae,
500 2775 556 2815 sex
571 2762 684 2830 aetates,
700 2775 777 2831 aqua
792 2759 898 2829 littera,
958 2759 1080 2814 verhmn
1097 2759 1172 2831 quod
1189 2757 1300 2813 iactum
1322 2763 1385 2829 cst,
1412 2758 1487 2831 quod
1501 2758 1575 2815 iecit
1589 2760 1742 2835 Dominus,
1758 2767 1789 2819 et

61 2849 165 2904 viuum
178 2848 322 2920 spiritalis
339 2848 544 2921 intelligentia.
561 2847 721 2904 Citharoedi
735 2847 898 2919 prophetae,
956 2847 1087 2903 ostendit
1098 2847 1185 2902 nohis
1195 2847 1276 2917 (Lac.
1293 2848 1334 2917 ιι).
1347 2846 1477 2919 Fratres,
1492 2863 1547 2904 nos
1559 2852 1587 2904 et
1597 2852 1746 2922 pastores,
1759 2854 1789 2909 et

63 2937 900 3009 paranymphusloanuesBaptistavclordoapostolicus,
955 2937 1007 2991 hlii
1022 2939 1174 3006 pastorum
1190 2950 1259 2990 esse
1273 2935 1433 3006 debemus,
1457 2936 1509 2990 hlii
1532 2937 1648 2994 scilicet
1666 2940 1787 2997 Petrum

63 3026 117 3082 hlii
131 3026 299 3097 nuptiarum
318 3026 430 3099 singuli
451 3027 560 3098 quique
586 3025 731 3097 fidelium,
752 3026 900 3082 thalamus
957 3025 1154 3098 antiquorum,
1171 3023 1221 3095 qui
1236 3026 1373 3094 pastores
1388 3022 1523 3095 luerunt,
1539 3027 1569 3080 et
1581 3026 1670 3083 nobis
1683 3028 1715 3083 in
1729 3028 1788 3087 hdo

60 3115 180 3188 quidem
204 3116 371 3187 nuptiarum
400 3115 580 3187 incorruptae
603 3113 763 3172 Genitriois
796 3118 899 3172 uterus
958 3115 1062 3170 Patres
1072 3113 1259 3168 exstiterunt.
1275 3110 1329 3177 Qui
1346 3115 1375 3167 et
1388 3111 1444 3184 ipsi
1460 3114 1497 3168 ad
1510 3114 1671 3171 videndum
1685 3116 1789 3173 Domi·

63 3203 129 3273 tuit,
145 3205 176 3259 iu
189 3220 248 3276 quo
263 3204 343 3260 Deus
367 3204 504 3259 humanae
518 3207 630 3260 naturae
647 3203 827 3276 conjunctus
842 3209 898 3276 est,
958 3219 1028 3260 num
1039 3201 1229 3272 tmnsierunt,
1241 3201 1309 3273 quia
1324 3200 1355 3256 in
1365 3202 1477 3258 casulis
1491 3202 1651 3261 habitando
1666 3220 1725 3264 non
1740 3206 1789 3263 hic

63 3295 92 3348 et
107 3308 145 3348 ex
169 3292 282 3365 quoad
308 3292 482 3349 sociandam
504 3293 563 3348 sibi
580 3291 901 3367 Ecclesiamtonquam
958 3294 1123 3348 manentem
1154 3291 1319 3361 civitatem,
1348 3290 1403 3346 sed
1431 3290 1558 3348 futuram
1582 3294 1790 3368 coinquirere

65 3382 902 3454 sponsusprocessit.Primusnuptiarumlocusinludaea
957 3384 1208 3451 monstraverunt,
1220 3383 1248 3435 et
1263 3380 1351 3436 nobis
1361 3397 1427 3436 eom
1437 3382 1607 3454 inquirendi
1622 3383 1748 3441 formam
1762 3389 1792 3442 et

63 3471 186 3543 exstitit,
199 3471 229 3527 in
240 3471 403 3544 quallilius
420 3472 475 3527 Dei
488 3472 576 3528 homo
594 3472 669 3542 heri,
687 3475 716 3527 et
734 3471 901 3528 Ecclesiam
959 3470 1126 3542 exemplum
1140 3468 1333 3542 reliquerunt.
1350 3470 1500 3527 Debemus
1509 3488 1582 3546 ergo
1598 3474 1714 3546 nosipsi
1722 3490 1792 3546 pas·

64 3561 113 3615 sui
128 3560 264 3631 corporis
278 3561 502 3632 participatione
511 3576 699 3631 consecrare,
710 3561 758 3615 sui
772 3546 900 3632 Spiritus
958 3564 1038 3616 tores
1045 3575 1124 3627 esse,
1133 3573 1244 3632 greges
1251 3563 1371 3615 nostro
1380 3574 1505 3631 pascere
1517 3563 1793 3621 etcustodire.Sunt

61 3649 189 3719 pignore
214 3648 390 3704 confirmare
409 3650 548 3722 dignatus
572 3653 628 3705 est.
651 3649 711 3705 Sed
725 3650 842 3705 vocatis
863 3650 900 3706 ad
958 3653 1055 3705 autem
1085 3663 1197 3722 greges
1221 3649 1316 3704 nostri
1345 3649 1541 3721 cogitationes
1565 3654 1594 3705 et
1618 3649 1791 3708 affectiones

64 3737 153 3792 hdem
163 3738 410 3811 gentibususque
421 3738 458 3793 ad
469 3739 621 3795 hnesohis
632 3743 719 3794 terrm
730 3738 900 3795 earumdem
959 3742 1079 3807 uostrae,
1102 3753 1213 3793 sensus
1238 3740 1267 3792 et
1285 3737 1433 3809 appetitus
1454 3739 1559 3810 nostri,
1580 3739 1747 3796 locutiones
1763 3744 1793 3800 et

62 3827 232 3897 nuptiarum
259 3829 360 3884 votiva
381 3829 489 3901 gaudia
515 3831 723 3899 pervenerunt.
753 3827 899 3901 Tanquam
959 3825 1792 3903 actionesuostrse.llthabemusingregibusistisagnos

64 3930 192 3986 sponsas
209 3916 380 3989 procedens
403 3917 440 3973 de
470 3915 598 3972 thalamo
622 3933 683 3972 suo.
710 3916 900 3973 Consuetudo
959 3931 1012 3987 per
1025 3915 1208 3985 munditiam,
1225 3929 1360 3986 ovesper
1370 3914 1578 3988 innocentiam,
1589 3934 1745 3992 verveces,
1760 3918 1792 3976 id

65 4005 189 4076 sponsis
213 4008 269 4075 est,
294 4007 364 4062 dum
387 4006 514 4078 primum
539 4007 576 4062 de
590 4006 717 4062 thalamo
733 4007 901 4079 nuptiarum
959 4009 1005 4060 est
1018 4006 1164 4060 castratos
1186 4019 1240 4076 per
1255 4003 1475 4061 continentiam.
1492 4006 1644 4065 Habemus
1657 4008 1790 4081 arietem,

65 4098 186 4167 exeunt,
202 4094 339 4151 vestibus
355 4094 520 4150 candidatis
534 4099 564 4151 et
572 4096 662 4152 rubro
671 4096 717 4151 vel
728 4096 785 4151 alio
801 4095 900 4151 colore
959 4093 1090 4149 omnium
1109 4109 1236 4166 gregum
1256 4093 1381 4165 ducem,
1401 4094 1584 4152 intellectum
1601 4099 1790 4171 rationalem,

66 4183 208 4240 coloratis
222 4184 395 4255 procedere.
412 4183 551 4240 Christus
573 4187 670 4241 autem
694 4183 902 4241 candidusiuit
959 4183 1793 4245 habentemduocoruuosibidivinitusinsitaetemineu·

65 4274 94 4326 et
116 4271 313 4344 rubicundus,
329 4273 504 4330 candidatus
518 4274 697 4347 virginitate,
714 4273 900 4329 rubicundus
959 4274 1007 4344 tia,
1024 4273 1082 4328 duo
1107 4272 1224 4328 scilicet
1246 4272 1444 4329 Testamenta.
1465 4274 1543 4332 Istos
1566 4292 1677 4350 greges
1697 4277 1791 4334 debe·

65 4360 218 4431 passione.
237 4360 322 4416 Unde
336 4364 366 4418 et
380 4378 493 4433 sponsa
508 4361 576 4435 ejus
596 4365 699 4418 sancta
714 4361 850 4418 Ecclesia
870 4362 900 4417 in
958 4378 1025 4417 mus
1039 4377 1163 4433 pascere
1178 4361 1300 4432 pascuis
1317 4361 1425 4418 divinae
1441 4365 1574 4436 paginae,
1593 4367 1622 4420 et
1640 4367 1791 4425 custodire

65 4448 198 4505 Canticis
213 4451 398 4506 canticorum
413 4451 449 4506 do
467 4452 534 4522 ipso
554 4452 638 4507 dicit:
661 4451 798 4507 Dilectus
817 4467 901 4508 mens
916 4441 943 4504 D
957 4453 1017 4506 tota
1028 4454 1114 4506 nocte
1128 4450 1233 4506 sacculi
1247 4452 1407 4521 praesentis
1422 4452 1458 4507 ah
1475 4453 1593 4508 insidiis
1609 4452 1789 4511 fraudulenti

67 4537 901 4611 candidasctruhicundusfflant.v).Candidusvidelicet
958 4540 1044 4611 luris,
1069 4541 1106 4595 ab
1127 4541 1251 4596 incursu
1274 4541 1336 4612 lupi
1358 4541 1486 4612 rapacis.
1511 4542 1608 4611 hbsit,
1634 4541 1792 4615 iratres,a

65 4626 501 4700 permunditiamvirginitatis,
517 4627 901 4703 rubicundusperchusio·
958 4629 1070 4686 nostris
1099 4629 1243 4702 gregibus
1271 4645 1383 4699 porcus
1406 4629 1556 4687 sordentis
1584 4631 1788 4705 immunditie,

66 4730 135 4769 nem
151 4715 319 4788 sanguinis.
958 4718 1061 4774 hircus
1077 4717 1195 4773 fetentis
1209 4716 1358 4773 inlamiasl
1384 4718 1416 4774 Si
1431 4735 1503 4792 ergo
1527 4720 1579 4775 hlii
1594 4722 1747 4794 pastorum
1762 4726 1791 4780 et

101 4802 233 4875 Fratres,
244 4804 394 4862 imitemus
405 4806 544 4878 discipuli
553 4806 740 4880 magistrum,
756 4808 838 4864 scrvi
850 4808 901 4863 do·
957 4810 1094 4879 pastores
1104 4822 1219 4877 sumus,
1232 4807 1261 4862 et
1270 4807 1298 4862 si
1307 4807 1752 4884 Hebraeisumus,transeamus,
1762 4816 1792 4872 et

65 4892 189 4964 minum,
212 4893 321 4949 milites
340 4910 453 4968 regem.
473 4895 573 4952 Simus
594 4897 749 4968 pastores,
772 4899 902 4952 nosmet·
958 4897 1112 4971 videamus
1131 4894 1281 4952 Christum
1297 4911 1357 4951 non
1377 4896 1474 4952 solum
1488 4900 1599 4972 natum,
1615 4901 1670 4957 sed
1685 4905 1715 4959 et
1729 4902 1790 4960 cir·

65 4981 150 5053 ipsos
167 4985 196 5037 et
209 4982 284 5039 alios
299 4986 524 5055 pascuissacrae
536 4985 823 5042 doctriuaestudiose
833 5002 902 5058 pes·
959 4985 1136 5042 cumcisum:
1151 4987 1179 5041 et
1194 4985 1270 5041 forte
1290 4987 1321 5041 in
1332 4985 1379 5041 die
1390 4987 1551 5043 nativitatis
1561 4987 1631 5063 ejus
1641 4992 1788 5048 transivi·

66 5070 173 5126 cendo.
190 5070 290 5127 Simus
316 5074 468 5145 custodes,
484 5090 540 5130 nos
565 5076 594 5131 et
607 5074 694 5144 alios,
718 5074 748 5129 in
762 5078 904 5147 quantum
958 5091 1025 5131 mus
1040 5077 1068 5131 et
1082 5077 1183 5131 natum
1195 5075 1341 5146 vidimus3
1366 5076 1421 5131 sed
1436 5076 1532 5132 adhuc
1547 5081 1747 5153 transeamus,
1763 5083 1794 5139 et

64 5175 240 5232 possumus,
252 5161 411 5234 vigilanter
426 5162 633 5219 custodiendo.
650 5164 750 5220 Simus
766 5165 901 5237 negotia·
960 5164 1791 5244 circumcisumvideamus.Videamus,inquam,etdilign·

66 5252 899 5326 tores,terrenaprocoelestibussagacitercommutando.
958 5270 1035 5310 mus.
1054 5254 1213 5309 Videamus
1228 5254 1392 5326 veritatem,
1403 5259 1432 5310 et
1447 5257 1607 5330 diligamus
1618 5259 1789 5316 bonitatem.

66 5339 166 5419 Simus
184 5339 304 5410 milites,
321 5341 485 5412 spiritualia
499 5342 577 5399 bona
592 5346 694 5398 nostra
709 5343 835 5399 viriliter
848 5345 902 5400 de·
959 5344 1023 5400 Duo
1038 5346 1109 5399 sunt
1125 5344 1235 5399 veritas
1247 5346 1275 5400 et
1288 5344 1416 5416 bonitas,
1435 5363 1502 5418 quae
1518 5347 1544 5402 si
1559 5351 1682 5420 utruque
1698 5348 1792 5406 habe-

67 5427 227 5484 iendcndo.
244 5428 344 5485 Simus
359 5429 482 5486 exsules
497 5433 526 5487 et
536 5432 698 5505 peregrini,
711 5447 768 5488 nos
779 5434 902 5490 exsules
957 5448 1036 5505 mus,
1053 5433 1127 5488 nihil
1143 5433 1270 5504 amplius
1286 5450 1422 5507 querere
1442 5436 1630 5492 deberemus.
1648 5436 1791 5511 Quaerite,

68 5519 97 5574 et
117 5517 294 5592 peregrinos
313 5532 383 5576 esso
401 5521 549 5576 veraciter
568 5520 789 5594 cognoscendo.
801 5520 902 5579 Simus
958 5523 1062 5597 inquit,
1071 5523 1330 5599 primumregmrm
1338 5525 1791 5601 Dei,etJ'ustitramejosfflatth.

66 5606 209 5686 viatores,
219 5608 256 5668 ad
267 5623 427 5684 supernam
434 5608 559 5686 patriam
566 5609 707 5671 virtutum
718 5612 746 5673 et
755 5610 903 5677 bonorum
960 5613 1012 5697 ιι).
1025 5614 1163 5695 Regnum
1173 5613 1226 5677 Dei
1235 5614 1607 5695 estveritas,justitiaejus
1621 5616 1751 5680 bouitas.
1760 5617 1793 5685 Si

318 5717 447 5782 Parnon.
467 5716 639 5787 ccxxvii.
1606 5732 1657 5800 aa
