3796 6022
95 293 158 366 285
678 293 984 360 ntscnnnannA.
1000 328 1038 344 -
1054 295 1132 360 LIB.
1148 298 1188 358 V.
1768 293 1829 361 786

98 491 167 572 ejus
187 500 310 571 spiritus
328 503 357 555 et
367 500 428 554 Deo
439 499 570 554 adhaeret
584 503 612 554 ct
627 501 698 553 tunc
713 512 791 553 unus
808 495 932 567 spiritus
946 477 975 539 Α
990 512 1063 566 mco,
1081 496 1126 550 ibi
1139 514 1202 551 sum
1219 499 1251 551 in
1261 497 1358 552 medio
1376 496 1713 567 eornrnpltatttr.xv111).
1728 496 1826 556 Arbor

100 606 167 643 cum
179 605 214 644 eo
226 588 371 657 efficitur3
387 589 511 659 spiritus
520 588 667 659 siquidem
678 587 857 642 voluntatem
868 585 935 656 ejus
991 586 1057 655 ista,
1070 586 1098 639 id
1112 591 1158 640 est
1167 587 1313 651 Christus,
1328 586 1376 639 dat
1388 587 1531 654 umbram,
1548 586 1661 656 folium,
1672 585 1801 643 fructum
1817 604 1824 646 :

97 680 246 748 aspirutet
259 678 370 748 implet,
388 681 416 731 et
432 678 567 731 voluntas
584 677 629 730 sic
656 674 759 730 effecta
774 674 939 746 spiritualis
992 675 1685 745 Umbramprotectionisloliumpraeceptionis,
1697 675 1827 732 fructum

98 768 175 822 solat
199 767 258 821 dici
274 766 398 835 spiritus
423 781 428 819 :
446 770 474 819 et
490 766 554 819 hmo
571 769 617 818 θεῖ
640 768 798 835 paupertas
815 763 940 833 spiritui
992 768 1111 818 aeternae
1127 764 1341 818 retributionis.
1359 764 1413 817 Dat
1427 764 1561 818 umbram
1577 780 1633 819 nos
1650 765 1681 818 in
1700 765 1827 824 circuitu

97 845 127 909 id
144 851 200 925 ost,
217 855 367 910 voluntale
386 854 543 924 spirituali.
560 854 701 908 Similiter
721 856 765 907 est
783 851 940 923 possessio
992 853 1324 924 protegend03adorso,
1337 853 1616 923 peccatopraeterita
1627 854 1826 912 condonando

96 945 204 1014 triplex
218 960 223 998 :
237 945 294 997 alia
305 934 473 1014 perniciosa
485 943 514 996 in
523 943 633 1011 avaris,
650 944 706 997 alia
717 943 812 996 otiosa
823 942 853 994 in
865 957 939 995 con·
992 958 1007 995 a
1019 942 1105 1011 facie,
1115 941 1152 994 ab
1163 942 1383 996 imminentibus
1402 943 1487 996 malis
1499 942 1711 1012 custodiend03
1724 959 1741 996 a
1752 944 1827 1000 dex-

98 1033 198 1087 versis
212 1033 320 1103 tepide,
333 1033 390 1086 alia
402 1033 566 1086 onerosain
577 1027 704 1086 clevotis.
719 1031 760 1084 De
771 1031 939 1100 perniciosa
992 1031 1056 1099 tris,
1069 1031 1251 1102 protegendo
1266 1046 1303 1084 ne
1319 1047 1374 1085 nos
1390 1047 1534 1101 prospera
1545 1031 1703 1102 extollant3
1719 1048 1735 1086 a
1750 1032 1826 1089 sini-

98 1122 171 1175 dicit
180 1123 342 1190 Apostotus
351 1137 357 1175 :
367 1119 476 1174 Omnes
487 1121 536 1191 qni
551 1119 649 1173 rolant
659 1120 690 1173 di
696 1114 858 1182 ritesfieri,
868 1118 940 1171 inci·
992 1121 1074 1187 stris,
1085 1119 1446 1173 neadversaconturbent.
1458 1120 1530 1173 Post
1549 1120 1682 1174 umbram
1691 1122 1828 1193 sequitur

98 1211 173 1264 itant
183 1212 213 1263 in
232 1210 414 1264 tentationes
429 1208 541 1263 diaboti
549 1208 645 1278 (iTim.
664 1222 711 1278 vr).
723 1207 824 1263 Otiose
840 1206 939 1261 inillis
992 1207 1094 1263 lolium
1105 1208 1324 1277 praeceptionis,
1337 1208 1525 1278 quaretrahit
1535 1224 1552 1261 a
1563 1209 1639 1264 malo
1650 1212 1678 1264 et
1688 1209 1777 1265 trahit
1790 1211 1828 1266 ad

97 1300 148 1370 qui
162 1299 200 1352 nil
219 1297 708 1365 habentescxte1·iuS‚multassibi
726 1296 851 1351 interius
867 1310 938 1365 pro·
992 1297 1111 1351 honum.
1133 1295 1217 1360 Quod
1242 1298 1288 1349 θεῖ
1305 1312 1310 1350 :
1336 1295 1396 1350 Fac
1411 1297 1518 1350 bonnm
1540 1302 1568 1350 et
1583 1296 1699 1351 declina
1721 1298 1828 1355 amalo

96 1390 210 1456 ponunt
225 1388 450 1456 possessiones,
465 1390 601 1456 tanquam
612 1387 806 1440 somniantes.
818 1385 860 1439 De
870 1399 939 1439 one·
991 1385 1086 1456 (Psal.
1097 1387 1157 1454 cn).
1171 1384 1243 1438 Post
1253 1385 1388 1438 umbram
1400 1389 1427 1439 θῖ
1439 1383 1541 1438 folium
1554 1387 1600 1439 est
1611 1384 1729 1443 fructus
1743 1388 1828 1444 retri-

100 1492 190 1531 rosu:
209 1477 277 1531 Non
295 1476 424 1547 potestis
439 1475 501 1529 Deo
512 1476 635 1529 sarrire
651 1481 680 1529 et
695 1490 865 1529 mammonae
881 1475 937 1528 etc.
991 1475 1133 1543 butionis,
1145 1474 1175 1528 in
1186 1490 1244 1545 qua
1258 1473 1461 1528 satiabiturin
1476 1473 1565 1528 bonis
1577 1475 1761 1530 desiderium
1775 1493 1828 1534 no-

99 1564 222 1632 (ltatttr.
239 1564 292 1629 vr).
993 1562 1200 1629 strumlProv.
1214 1563 1287 1630 xm).
1301 1561 1389 1616 Sedet
1399 1561 1490 1633 igitur
1505 1578 1617 1632 sponsa
1629 1563 1685 1617 snb
1699 1564 1828 1620 Boium-

98 1652 144 1706 De
156 1652 255 1706 tribus
267 1653 408 1707 tristibus
416 1652 570 1724 sapientiis
578 1658 627 1706 aut
638 1652 812 1724 topandium
819 1667 872 1706 con
879 1667 941 1709 rer.
992 1653 1045 1706 bra
1060 1651 1168 1706 divinae
1180 1651 1383 1721 protectionis,
1396 1650 1501 1705 folium
1512 1650 1608 1721 ipsius
1618 1652 1829 1724 praeceptionis

463 1740 572 1796 lendis,
952 1786 979 1848 B
993 1757 1046 1811 per
1062 1739 1260 1795 obedientiam
1274 1739 1456 1808 recipiendo,
1479 1743 1508 1792 et
1531 1755 1584 1809 per
1600 1755 1685 1810 spem
1699 1740 1827 1798 fructum

132 1825 269 1887 Tristitia
280 1836 379 1884 restra
390 1828 939 1901 verteturinpendium'Joan.xvr).Tri-
995 1833 1112 1882 aeternae
1128 1828 1331 1882 retributionis
1347 1828 1556 1897 exspectando.
1570 1828 1658 1884 Sedet
1673 1832 1829 1888 autemsu·

96 1922 177 1974 stitin
188 1936 254 1990 quae
266 1920 389 1973 vertitur
399 1917 429 1972 in
440 1920 581 1990 gaudium
591 1919 698 1988 triplex
710 1921 765 1972 cst.
777 1917 851 1971 Nam
862 1934 937 1987 prac-
994 1933 1047 1987 per
1062 1917 1161 1971 senum
1178 1933 1245 1971 cum
1260 1917 1389 1987 quinque
1405 1916 1525 1971 milibus
1542 1917 1572 1972 in
1586 1917 1705 1974 deserto
1724 1934 1746 1995 ¹a
1771 1919 1829 1976 Do·

96 2011 182 2063 teriia
198 2011 319 2077 peccata
334 2008 462 2078 damnat,
478 2007 637 2078 praesentia
654 2006 811 2077 dijudicat,
830 2022 936 2061 occur·
993 2007 1072 2060 mino
1084 2006 1264 2075 saturandis,
1275 2006 1304 2060 id
1313 2007 1359 2059 est
1369 2019 1460 2074 super
1469 2006 1717 2076 quinquesensus
1726 2022 1829 2078 corpo-

96 2098 191 2152 rentia
205 2098 290 2166 vitat,
302 2096 419 2151 damnat
430 2113 483 2166 per
494 2095 703 2167 pmnilerrtiam,
726 2094 868 2166 dijudicat
884 2110 937 2164 per
991 2096 1044 2164 ris,
1061 2110 1189 2162 carnem,
1216 2110 1282 2165 quae
1298 2093 1366 2148 iano
1382 2094 1578 2165 significatur.
1605 2093 1761 2167 domando,
1778 2098 1829 2152 aut

99 2179 321 2250 discretionem,
331 2187 401 2239 vitat
410 2201 463 2254 per
473 2185 696 2255 providentiam.
712 2184 756 2237 Ex
767 2183 935 2253 paenitentia
990 2184 1075 2238 sedet
1085 2199 1176 2253 snper
1193 2183 1366 2252 scabellum,
1377 2199 1435 2254 qno
1449 2183 1577 2237 mundus
1588 2184 1715 2252 notatur,
1727 2184 1827 2254 ipsum

99 2277 136 2330 de
152 2276 310 2345 prmteritis
321 2272 493 2345 assequitur
504 2275 630 2339 veniam,
650 2288 688 2326 ex
704 2272 884 2326 discretione
899 2271 934 2326 de
990 2275 1017 2326 et
1039 2271 1107 2342 ejus
1123 2272 1271 2326 desideria
1291 2272 1524 2341 comprimendo;
1540 2275 1590 2325 aut
1614 2287 1680 2326 cum
1695 2272 1826 2329 Rachcle

98 2364 300 2435 presentibus
312 2364 440 2426 tutelam,
455 2379 492 2416 ex
504 2362 687 2431 providentia
699 2361 734 2414 de
747 2360 854 2415 suturis
866 2375 934 2414 cau·
989 2376 1081 2430 super
1089 2360 1166 2415 idola
1178 2360 1288 2429 Laban,
1299 2360 1408 2413 diaboli
1420 2360 1551 2414 fallacias
1564 2359 1762 2430 reprimendo.
1773 2361 1826 2418 lati

92 2455 194 2507 telam.
220 2453 373 2506 Praeterita
396 2452 534 2505 delentur
549 2450 753 2520 perveniam,
773 2450 858 2519 qnasi
874 2464 933 2502 non
989 2452 1058 2503 sunt
1073 2453 1134 2502 tres
1151 2448 1286 2503 homines
1301 2448 1435 2518 pessimi,
1452 2451 1537 2502 vetus
1553 2447 1731 2505 fermentum
1752 2449 1827 2507 illud

95 2541 223 2610 fuerint,
241 2540 399 2610 praesentia
413 2540 573 2594 vincuntur
588 2554 641 2608 per
655 2538 890 2608 displicentiam,
903 2538 934 2590 nt
987 2537 1106 2591 miserae
1122 2537 1227 2591 animae
1245 2537 1448 2590 conficientes
1475 2537 1501 2589 A
1516 2552 1575 2607 quo
1589 2552 1646 2591 nos
1662 2537 1825 2606 Apostolus

96 2630 252 2685 nilnooere
262 2629 389 2699 possint,
398 2628 495 2682 lutura
506 2628 704 2683 excluduntur
713 2642 767 2697 per
778 2626 931 2695 cautelam,
987 2625 1592 2697 praecipitexpurgari,dicensErpurqate
1603 2624 1826 2682 vetusternren·

94 2718 377 2789 utnnnquamsint.
989 2720 1057 2768 tnm.
1091 2715 1154 2768 Hoc
1182 2718 1268 2768 vetus
1298 2714 1474 2768 termentum
1505 2714 1824 2772 consistitintribus.

129 2807 192 2861 Trr.
209 2806 900 2862 LlX.Cnrterdictnm:«Pascoorosmeasm,
988 2804 1018 2856 in
1046 2804 1208 2873 voluptate.
1243 2819 1318 2855 vana
1353 2803 1462 2874 gloria,
1494 2802 1644 2872 superbia.
1680 2802 1824 2860 Diabolus

130 2895 496 2964 Pasceoresmeasffloan.
509 2896 581 2962 xxi).
592 2895 649 2948 Ter
660 2895 770 2948 dictum
780 2893 930 2963 est,quasi
989 2892 1158 2962 superbiam
1174 2893 1237 2960 dat,
1261 2892 1389 2946 mundus
1413 2891 1534 2962 apponit
1555 2906 1662 2945 vanam
1677 2892 1820 2965 gloriam,

91 2982 931 3054 dicatzpascesemos,pascemcrcenarios,pascesrlios.
989 2996 1058 3034 caro
1087 2982 1192 3034 miscet
1220 2980 1397 3049 voluptatem
1428 2984 1484 3034 :et
1514 2979 1603 3034 simul
1630 2980 1743 3037 faciunt
1769 2998 1824 3037 ve-

90 3071 1037 3156 Sorvoscorrigesvirgadircctionis3mercenarios,con·0tus
1067 3068 1256 3136 termentum,
1287 3068 1317 3121 id
1346 3072 1536 3123 estvetarem
1565 3069 1725 3124 hominem.
1755 3070 1823 3126 Pri-

90 3162 195 3216 solans
206 3160 488 3232 merccdejnstitiae3
501 3162 590 3226 tilios,
603 3161 742 3214 erudiens
757 3159 850 3231 gratia
862 3159 932 3212 obe·
989 3173 1035 3211 ma
1051 3173 1120 3227 pars
1136 3157 1226 3227 hnjus
1243 3157 1377 3211 fermenti
1398 3160 1444 3211 θεῖ
1467 3157 1557 3225 mala,
1575 3157 1706 3211 secunda
1720 3157 1821 3231 pejor,

90 3250 231 3304 dientiae:
252 3249 422 3320 adjungens
438 3250 557 3303 modum
573 3250 602 3302 in
619 3249 818 3316 correctione,
834 3248 930 3301 aliun·
988 3247 1072 3300 tertia
1087 3247 1227 3316 pessima.
1244 3246 1363 3315 Beatus,
1385 3246 1436 3317 qui
1458 3245 1559 3316 abjicit
1575 3246 1747 3317 superbiam
1760 3247 1823 3303 dia·

91 3339 220 3392 dentiam
230 3339 260 3392 in
270 3338 483 3404 consolatione,
497 3339 672 3392 suavitatem
682 3337 711 3389 in
722 3336 928 3405 persuasione.
986 3335 1064 3405 noli3
1080 3335 1247 3405 perfectior,
1264 3337 1315 3407 qui
1326 3350 1431 3389 vanam
1442 3335 1567 3408 gloriam
1577 3335 1823 3408 mund13pertee-

90 3427 166 3481 Tin..
180 3427 242 3480 lix.
255 3428 299 3481 Dc
311 3427 477 3481 retectione
493 3425 653 3497 spirituaii,
673 3432 702 3480 et
713 3425 750 3479 dc
761 3424 870 3478 arbore
878 3441 929 3495 pa·
986 3424 1132 3492 tissimus,
1142 3424 1192 3494 qui
1208 3424 1307 3478 carnis
1324 3424 1470 3478 domuerit
1485 3425 1677 3495 voluptatem.
1694 3423 1821 3482 Samson

287 3515 387 3569 radisi
402 3522 431 3568 et
452 3514 600 3568 tormento
618 3515 725 3567 reteri.
985 3513 1102 3567 leonem
1116 3513 1201 3580 vicit,
1218 3517 1246 3567 et
1262 3513 1465 3567 Phillistbaeos
1481 3513 1655 3584 debellavit,
1678 3514 1734 3571 sed
1754 3529 1822 3571 eum

122 3604 585 3675 la'rpnrpatevetustermeutnm,
599 3603 930 3673 ntsitisnoraconsper-
986 3602 1089 3655 uxoris
1099 3601 1210 3673 frangit
1224 3601 1374 3656 mollities.
1390 3603 1450 3657 Leo
1465 3605 1512 3657 θεῖ
1527 3603 1681 3674 diabolus,
1699 3603 1750 3676 qui
1765 3605 1822 3661 cir·

90 3694 148 3763 sio,
161 3695 238 3747 sicut
252 3694 329 3748 estis
345 3692 472 3765 azymitl
487 3692 554 3746 Cor.
569 3703 606 3762 v).
623 3693 669 3746 Ad
691 3692 793 3762 epulas
812 3692 928 3746 divinas
985 3692 1045 3745 cuit
1059 3695 1197 3761 tanquam
1213 3691 1259 3749 leo
1274 3691 1413 3762 rugiens,
1431 3707 1569 3762 quaerens
1585 3707 1674 3763 quam
1687 3691 1820 3749 devoret.

90 3787 121 3837 et
138 3782 174 3836 ad
191 3781 382 3836 reiectionem
397 3782 502 3835 animae
519 3797 573 3834 nos
585 3781 688 3834 invitat
703 3780 879 3850 Apostolus:
892 3780 928 3833 ad
984 3780 1148 3834 Philistbaei
1164 3783 1234 3834 sunt
1248 3780 1376 3834 mundus
1388 3782 1416 3834 θῖ
1424 3780 1579 3834 saecularis
1595 3780 1664 3834 vita.
1677 3779 1761 3836 Uxor
1775 3783 1822 3837 cst

87 3871 417 3942 quasinvitatasponsa
428 3870 491 3938 noi,
503 3868 929 3939 umbramquamdesiderave·
984 3884 1062 3922 caro.
1080 3869 1206 3923 Samson
1228 3869 1344 3923 leonem
1362 3869 1483 3937 occidit,
1500 3868 1569 3923 dum
1590 3868 1714 3940 quilibet
1729 3868 1820 3941 spiri·

89 3964 135 4013 rat
147 3975 180 4012 se
191 3959 346 4029 accepisse
358 3958 503 4030 gaudens,
515 3958 631 4011 dicabat
640 3973 647 4012 z
656 3957 718 4012 Sub
731 3957 833 4011 umbra
845 3957 928 4010 iltius
984 3957 1071 4011 tualis
1087 3957 1205 4011 diabolo
1225 3957 1420 4011 abrenuntiat.
1443 3957 1633 4012 Philisthaeos
1653 3957 1746 4012 vincit
1769 3958 1821 4030 qui

86 4063 172 4120 quem
184 4047 429 4101 desideraveram
441 4046 518 4110 sedi·
529 4046 680 4100 attractus
691 4045 929 4117 ejusdnloispnt·
982 4047 1159 4099 mundanam
1173 4047 1263 4100 vitam
1279 4045 1407 4116 respuit;
1431 4046 1485 4100 sed
1505 4047 1542 4101 ab
1565 4062 1658 4101 uxore
1675 4044 1820 4118 decipitur

86 4136 152 4189 turi
160 4152 225 4189 meo
234 4138 333 4203 (Cant.
345 4146 383 4203 m.
397 4134 450 4188 Est
460 4135 537 4188 enim
550 4135 579 4187 in
588 4134 685 4188 medio
699 4134 928 4205 paradisiarbor
982 4134 1051 4188 dum
1066 4150 1083 4188 a
1099 4150 1187 4189 carne
1203 4138 1369 4204 superatur.
1387 4135 1500 4189 Dormit
1514 4135 1544 4189 in
1563 4136 1678 4207 gremio
1697 4136 1818 4208 uxoris,

85 4225 167 4292 vitae,
180 4225 253 4279 dans
266 4224 409 4291 umbram,
422 4223 535 4291 lolium,
548 4223 686 4277 fructum.
699 4224 858 4278 Paradisus
870 4224 926 4277 iste
982 4224 1031 4293 qui
1043 4225 1141 4278 carnis
1154 4240 1254 4278 curam
1263 4224 1372 4277 lacitin
1383 4223 1551 4278 desideriis
1565 4225 1817 4298 Tuncinsurgunt

86 4317 252 4368 conventus
268 4315 315 4367 θεῖ
325 4312 545 4383 religiosorum,
559 4312 751 4383 congregatio
763 4312 925 4366 monacho·
982 4311 1147 4383 Allophyli,
1175 4313 1355 4383 veniuntque
1380 4313 1503 4382 spiritus
1528 4313 1668 4386 maligni,
1692 4313 1817 4386 capillos

87 4418 165 4455 rum.
181 4401 291 4455 Sumus
316 4404 344 4455 et
368 4417 433 4470 nos,
461 4400 486 4454 si
509 4404 605 4455 tamen
630 4401 803 4473 congregati
820 4416 924 4454 sumus
939 4425 966 4487 D
983 4400 1127 4466 incidunt,
1145 4401 1174 4455 id
1190 4404 1236 4456 est
1249 4401 1386 4456 viritutcs
1401 4402 1521 4471 tollunt,
1538 4402 1641 4456 oculos
1657 4406 1774 4473 eruunt,
1786 4403 1819 4459 id

88 4490 190 4553 corde,
204 4492 299 4544 etuon
311 4490 375 4543 solo
388 4504 522 4559 corpore,
537 4490 572 4543 ad
582 4489 808 4561 gloriticnndum
820 4488 922 4543 Deum.
983 4493 1029 4543 est
1042 4490 1141 4544 lumen
1156 4490 1265 4544 Christi
1285 4489 1439 4559 auserunt,
1456 4494 1484 4543 et
1505 4490 1541 4543 ad
1566 4491 1690 4560 molam,
1716 4490 1747 4546 id
1770 4495 1817 4547 est

84 4578 361 4633 Sienimdisseutio
373 4579 459 4633 estin
471 4579 629 4646 mentibus,
646 4578 718 4632 ninil
728 4578 850 4647 prodest
859 4593 924 4633 cor·
981 4577 1011 4630 in
1028 4578 1152 4632 circuitu
1168 4594 1268 4632 rerum
1289 4578 1449 4633 labentium
1473 4581 1599 4648 ponunt,
1623 4580 1654 4632 ut
1678 4578 1718 4635 sit
1738 4577 1817 4636 inter

85 4666 210 4737 poribus
227 4667 421 4738 congregari,
437 4682 506 4720 nam
521 4668 618 4736 potius
635 4667 786 4721 dissensio
807 4667 923 4721 dicendi
980 4667 1048 4720 illos
1063 4667 1099 4722 de
1115 4667 1223 4737 quibus
1240 4667 1369 4721 dicitur:
1396 4666 1426 4719 In
1451 4666 1579 4720 circuitu
1602 4667 1688 4738 impii
1709 4668 1814 4724 ambu-

85 4771 194 4810 sumus
207 4771 295 4825 quem
307 4755 510 4827 congregatio.
524 4755 607 4819 Quod
618 4755 645 4808 si
658 4755 756 4809 datum
768 4755 856 4809 fuerit
870 4756 923 4809 de·
979 4754 1042 4808 lant
1066 4756 1160 4821 (Psal.
1191 4757 1244 4822 xi).
1271 4756 1347 4809 Ecce
1370 4754 1449 4825 quod
1471 4755 1589 4809 deducit
1620 4755 1714 4826 prima
1743 4773 1814 4830 pars

85 4860 180 4913 super
194 4844 231 4897 ab
248 4843 343 4913 ecqui
356 4843 522 4897 tacituuins
532 4845 623 4898 moris
640 4843 772 4898 habitare
784 4844 814 4897 in
824 4844 921 4914 domo,
979 4844 1114 4898 fermenti
1123 4844 1258 4912 voluptas
1271 4843 1379 4898 caruis.
1391 4842 1551 4898 Videamus
1563 4860 1621 4915 quo
1630 4847 1659 4900 θῖ
1668 4846 1737 4902 aliae
1747 4847 1814 4904 duae

85 4932 159 4987 illud
180 4932 624 5003 donumporquamjncnndum,
637 4933 715 5002 quod
731 4936 776 4987 est
791 4932 923 4987 habitare
978 4932 1170 5000 iniectiones,
1196 4947 1271 4985 vana
1296 4932 1391 5003 gloria
1415 4937 1443 4987 et
1463 4932 1604 5003 superbia
1627 4935 1811 5006 pertrahunt.

85 5021 203 5074 scilicet
219 5020 326 5074 iratres
342 5021 372 5073 in
387 5037 487 5089 unum,
506 5023 535 5074 in
551 5021 717 5089 dilectione,
735 5021 875 5075 charitate
896 5024 924 5075 θῖ
979 5021 1046 5074 Istae
1062 5021 1139 5075 enim
1150 5021 1216 5074 dnae
1226 5023 1295 5074 sunt
1305 5019 1371 5075 dnae
1382 5020 1451 5076 filiae
1461 5022 1525 5091 Lot,
1538 5039 1604 5094 qnae
1616 5023 1724 5096 ipsum,
1734 5029 1814 5097 post·

84 5109 207 5172 unitate,
222 5111 291 5162 tunc
302 5124 372 5162 vore
388 5110 555 5178 paradisus
575 5109 602 5163 id
614 5114 660 5164 θεῖ
671 5110 774 5163 hortus
787 5110 922 5178 volupta—
977 5125 1065 5180 quam
1081 5109 1237 5163 Sodomam
1253 5109 1353 5177 exivit,
1371 5125 1495 5165 uxorem
1510 5112 1629 5184 reliquit
1652 5117 1681 5169 at
1699 5113 1810 5188 Sapor,

84 5197 122 5250 tis
136 5197 187 5251 Dei
199 5213 315 5263 sumuS,
328 5197 358 5250 in
368 5212 427 5266 quo
442 5198 521 5252 Deus
533 5198 699 5268 congaudet
710 5200 739 5251 et
750 5198 919 5264 delectatur,
977 5197 1114 5268 pusillam
1130 5197 1277 5252 civitatem
1292 5199 1321 5251 in
1336 5213 1393 5268 qua
1405 5199 1514 5253 salvari
1530 5205 1652 5273 poterat,
1670 5203 1706 5258 ad
1722 5219 1812 5260 cacu-

83 5289 213 5355 tuncque
229 5284 380 5338 habitatin
392 5286 488 5339 nobis.
502 5286 534 5339 ln
546 5286 641 5340 medio
653 5286 721 5339 talis
734 5286 865 5355 paradisi
877 5288 923 5340 θεῖ
977 5288 1054 5340 mina
1070 5286 1178 5340 montis
1202 5290 1382 5357 sequuntur,
1399 5291 1427 5341 θῖ
1449 5289 1548 5359 ipsum
1573 5291 1735 5360 inebriant3
1760 5292 1812 5364 qui

78 5373 173 5431 ‚arbor
187 5375 266 5440 vitae,
284 5373 313 5427 id
330 5377 376 5427 est
392 5372 530 5427 Christus
552 5375 625 5428 dans
641 5374 741 5427 vitam.
758 5373 842 5439 Quod
857 5374 921 5444 ipse
977 5375 1078 5430 ebrius
1095 5375 1172 5428 lilios
1189 5379 1319 5445 generat,
1337 5376 1387 5446 qui
1402 5392 1461 5430 non
1476 5377 1585 5433 intrant
1600 5380 1629 5432 in
1646 5378 1812 5434 Ecclesiam

82 5462 233 5532 promisit:
252 5463 333 5517 Eece
345 5478 400 5532 epo
420 5463 569 5517 vobiscum
585 5480 647 5516 snm
664 5463 800 5517 omnibns
816 5462 923 5517 diebus
977 5464 1040 5519 Dei.
1055 5465 1110 5518 Lot
1127 5463 1184 5517 iste
1199 5463 1375 5517 monachum
1390 5468 1488 5531 notat,
1507 5467 1556 5536 qni
1572 5465 1708 5521 Sodomae
1726 5467 1811 5524 ilam-

84 5566 175 5621 usqne
199 5551 237 5605 ad
259 5553 507 5605 consmnationem
532 5550 634 5605 seculi
662 5551 777 5607 (liattlr.
804 5552 921 5620 xxvrn).
976 5568 1050 5621 mus,
1067 5556 1095 5606 et
1110 5552 1223 5618 uxoris,
1240 5551 1269 5606 id
1294 5555 1339 5607 est
1355 5554 1463 5622 carnis,
1489 5570 1555 5625 quae
1570 5556 1759 5628 retrospexit,
1777 5574 1812 5614 ac

81 5637 222 5709 Quianbi
237 5639 293 5699 dno
312 5639 360 5698 rel
373 5645 437 5698 tres
448 5640 623 5714 conprcpati
638 5639 752 5699 tireriut
763 5640 794 5699 tn
805 5640 923 5701 nomine
977 5641 1064 5696 etiam
1083 5640 1194 5696 licitam
1209 5641 1398 5700 saecularium
1413 5642 1513 5716 vitam,
1536 5642 1566 5698 iu
1580 5660 1638 5717 qua
1658 5646 1807 5718 potuisset
