3796 6022
161 262 223 332 139

558 257 779 324 APPENDIX
799 255 857 321 An
879 254 1071 322 HUGONIS
1093 255 1237 323 OPERA
1258 256 1524 325 DOGMATICA.

1827 260 1889 372 iio

161 473 280 540 bonam,
296 469 375 523 terra
389 465 485 522 fluens
497 464 572 518 lacte
583 464 612 518 et
621 462 707 517 melle
719 451 883 532 (Luclvm),
901 479 912 508 ι
926 473 994 513 arca
1006 440 1037 501 Α
1051 458 1168 529 ductile,
1181 459 1288 514 hastile
1295 459 1362 531 ejus
1371 459 1509 530 ferreum,
1524 460 1664 516 vestitum
1673 461 1886 534 quinqueccle-

161 557 339 629 testamenti,
353 557 412 612 imo
420 558 449 611 et
457 553 589 623 loedoria,
601 550 686 607 stella
698 565 736 606 ex
745 547 838 604 lacob
848 549 911 601 orta
919 563 994 601 urna

161 649 277 706 hebens
291 661 408 716 manna,
423 644 550 699 thronus
560 638 737 707 Salomonis,
754 638 859 692 domus
875 635 991 706 salutis,

160 740 245 811 porte
269 736 381 806 clausa,
397 733 494 790 vellus
510 729 699 800 complutum,
715 726 861 780 thalamus
876 724 991 794 sponsi,

160 826 302 899 templum
323 822 500 891 Salomonis,
525 819 611 891 virga
632 818 741 885 Aaron,
765 815 865 870 tunica
884 813 993 868 summi

163 915 339 985 sacerdotis,
355 912 463 969 mulier
476 909 582 964 amicta
598 906 671 973 sele,
688 903 794 959 domus
809 906 924 973 septem
940 917 993 956 co-

160 1005 271 1061 lumnis
281 1003 392 1072 excisa,
408 1000 513 1056 hortus
525 995 696 1064 conclusuS,
709 993 778 1048 iens
789 992 935 1064 signatus,
945 990 994 1044 tri·

162 1094 283 1150 clinium
296 1090 457 1159 Trinitatis,
473 1102 541 1142 arca
552 1086 626 1155 Noe,
638 1082 761 1154 pulchra
773 1086 804 1136 ut
818 1080 886 1134 luna
898 1080 992 1134 electa
1015 1150 1019 1157 .

160 1187 193 1240 ut
206 1183 263 1251 sol,
279 1184 308 1237 et
323 1193 429 1235 aurora
445 1189 645 1247 consurgens.

195 1270 332 1341 Beryllus
348 1269 426 1322 lucet
443 1269 476 1321 ut
496 1279 573 1336 aqua
592 1263 656 1318 sole
678 1275 833 1331 percussa,
858 1256 994 1313 calefacit

160 1375 279 1415 manum
292 1357 432 1413 tenentis.

195 1449 256 1504 Bos
271 1447 329 1503 duo
344 1460 455 1502 cornua
468 1443 566 1513 habet,
581 1440 745 1496 ruminatct
755 1436 838 1492 findit
849 1435 989 1508 ungulam

156 1541 267 1594 terram
281 1537 352 1606 arat,
366 1534 442 1606 jugo
458 1532 609 1604 premitur,
626 1529 726 1600 paleas
741 1526 877 1595 comedit,
888 1526 990 1579 immo·

157 1624 244 1698 latur,
261 1625 380 1682 stimulo
395 1623 521 1695 cogitur,
539 1619 624 1676 tortis
640 1622 696 1674 est.

192 1715 277 1771 Bnbo
293 1715 380 1770 sonat
391 1726 467 1768 voce
481 1711 560 1765 sicut
573 1708 648 1777 avis,
661 1706 773 1775 ferulis,
791 1707 911 1761 onerata
926 1703 991 1773 pln-

156 1804 226 1875 mis,
241 1801 326 1876 gravi
341 1800 460 1874 pigritia
471 1799 626 1867 detinetur,
643 1795 673 1850 in
684 1793 853 1866 sepulchris
862 1793 909 1847 die
920 1806 990 1846 noc·

156 1896 247 1965 tuque
254 1893 401 1959 versatur,
411 1891 528 1944 noctem
536 1889 622 1956 amat,
636 1885 753 1941 caeteris
767 1882 874 1937 avibus
883 1895 986 1950 exosa,

157 1997 277 2053 semper
290 1981 321 2034 in
336 1977 473 2034 cavernis
487 1978 627 2031 moretur.

191 2069 322 2125 Buccina
342 2069 374 2122 in
389 2067 448 2122 imo
463 2066 575 2135 stricta,
591 2064 622 2119 in
638 2075 755 2117 summo
774 2060 841 2128 late,
859 2058 988 2113 audaces

155 2159 274 2228 animat,
280 2156 399 2212 timidos
409 2157 510 2224 terret,
518 2154 674 2223 dispersos
685 2151 857 2222 congreget,
869 2147 990 2202 horren·

155 2248 336 2407 flagrum
342 2331 438 2402 dulce,
449 2329 617 2398 candidum,
633 2328 754 2399 pingue,
768 2324 826 2382 cito
836 2324 986 2396 liquescit,

153 2439 193 2481 ex
206 2424 281 2479 lacte
296 2421 451 2493 coagulato
467 2418 507 2487 iit,
521 2417 710 2473 raucedinem
725 2413 808 2468 tollit.

189 2512 293 2567 Buxus
308 2511 391 2580 dura,
404 2508 493 2563 arbor
507 2508 554 2561 θεῖ
568 2504 700 2573 humilis,
712 2502 835 2572 rupibus
851 2501 985 2568 inhaeret,

153 2600 266 2658 sterilis
281 2602 336 2671 est,
354 2597 384 2652 in
399 2596 496 2651 hieme
506 2595 592 2662 viret,
610 2606 723 2647 comem
739 2606 797 2645 non
813 2590 942 2660 deponit.

217 2725 288 2780 Car.
303 2722 354 2778 111.
369 2721 414 2777 Dc
425 2720 474 2775 his
489 2718 594 2792 quibus
607 2717 630 2771 G
645 2722 691 2771 est
704 2715 801 2787 prima
812 2713 916 2769 littera

186 2847 328 2918 Cadaver,
343 2845 502 2918 putridum,
515 2841 646 2910 fetidum,
664 2841 749 2895 cibus
765 2841 811 2894 cst
824 2839 980 2894 vermium.

186 2937 275 3009 Caspe
285 2937 432 3007 lacrymas
442 2934 593 3006 provocat,
603 2930 733 2985 diversis
746 2927 895 2998 opereulis
906 2928 984 2999 tegi-

149 3030 209 3097 tur,
226 3026 285 3083 cito
304 3024 457 3096 putrescit.

185 3114 341 3171 Caladrius
362 3127 416 3168 seu
439 3109 613 3168 charadrius
629 3108 704 3178 avla,
720 3122 788 3178 qum
806 3107 903 3177 posita
919 3108 986 3161 ante

1051 548 1108 602 mis
1124 549 1243 618 aureis;
1261 549 1290 603 in
1306 549 1454 619 capitibus
1469 549 1650 605 calamorum
1657 551 1763 622 scyphi
1778 553 1809 608 in
1823 569 1885 610 mo-

1051 637 1121 690 dum
1136 637 1233 704 nucis,
1248 637 1308 691 lilia
1329 637 1365 693 de
1381 638 1472 694 fundo
1488 638 1668 710 scyphorum
1683 642 1885 711 procedebant

1051 725 1218 794 spherulas
1229 726 1495 797 desuperscyphos
1507 727 1689 783 sexbrachia
1697 730 1882 802 cumbastili,

1051 812 1157 884 ferree,
1174 815 1280 869 vestita
1296 815 1417 869 calamis
1440 816 1540 871 aureis
1560 818 1758 889 septuaginta.
1779 819 1883 876 Partes

1051 901 1153 957 habuit
1167 903 1197 958 in
1213 917 1339 974 summo,
1356 904 1485 974 stipitem
1499 904 1635 975 inferius,
1652 922 1710 977 quo
1723 908 1881 980 nitebatur,

1051 993 1165 1060 septem
1179 991 1328 1061 lucernas,
1344 997 1458 1063 septem
1472 993 1628 1064 infusiora,
1639 996 1754 1064 septem
1764 1011 1884 1053 emunc-

1049 1080 1135 1135 toria.

1085 1168 1174 1224 Canis
1184 1170 1290 1224 latroni
1301 1171 1347 1225 est
1355 1169 1493 1240 iniectus,
1506 1185 1606 1225 caecus
1617 1173 1759 1243 nescitur,
1768 1174 1884 1231 nullum

1050 1259 1206 1330 cognoscit
1214 1259 1272 1313 nisi
1287 1274 1339 1313 eos
1351 1259 1511 1329 intorques
1523 1259 1644 1328 habitat,
1653 1260 1784 1333 linguam
1794 1263 1882 1320 habet

1049 1347 1269 1416 medicinalem,
1289 1348 1481 1419 sagacitatem
1504 1348 1688 1418 mirabilem,
1714 1350 1883 1407 fidelitatem

1049 1436 1322 1505 commendabilem,
1334 1435 1421 1506 lupos
1430 1438 1459 1490 et
1469 1435 1552 1491 iures
1567 1440 1657 1503 arcet,
1668 1438 1792 1494 odoratu
1802 1440 1883 1513 viget

1048 1525 1152 1580 dentes
1168 1524 1257 1580 habet
1266 1525 1467 1595 acutissimos,
1478 1526 1757 1599 sanguinemlingit,
1769 1528 1882 1598 rapidae

1049 1614 1137 1668 famis
1153 1617 1208 1683 est,
1226 1613 1263 1668 nd
1277 1614 1420 1668 vomitum
1433 1614 1518 1684 redit,
1535 1629 1607 1669 ossa
1620 1614 1708 1670 rodit.

1084 1701 1305 1775 Cuntuspigros
1314 1703 1432 1772 excitat,
1443 1702 1685 1774 devotesincitet,
1694 1706 1883 1761 concordiam

1049 1792 1165 1846 retinet.

1084 1879 1188 1950 Capilli
1196 1882 1305 1935 teretes
1317 1883 1396 1950 sunt,
1414 1879 1554 1951 graciles,
1566 1883 1654 1952 ceput
1664 1885 1778 1954 ornant,
1791 1882 1885 1939 drun-

1048 1971 1093 2024 ter
1106 1969 1286 2023 radicantur.

1082 2055 1176 2127 Capra
1204 2057 1347 2125 ruminat,
1380 2056 1486 2126 pedem
1517 2056 1617 2128 findit,
1643 2057 1733 2114 ietida
1760 2061 1823 2130 est,
1853 2060 1885 2116 in

1048 2145 1199 2215 pascendo
1219 2145 1294 2201 duos
1310 2145 1403 2216 pedes
1419 2161 1540 2200 sursum
1555 2147 1653 2218 erigit,
1674 2147 1710 2202 de
1730 2146 1797 2219 ejus
1815 2149 1884 2220 pilis

1047 2234 1080 2289 ilt
1107 2233 1246 2304 cilicium,
1277 2234 1393 2289 hirsuta
1413 2236 1468 2303 est,
1495 2235 1672 2306 immolatur,
1698 2236 1729 2292 in
1758 2239 1883 2294 summis

1050 2322 1192 2392 pascitur.

1082 2409 1194 2480 Caprea
1214 2410 1323 2466 munda
1337 2413 1393 2482 est,
1417 2410 1486 2466 visu
1500 2414 1595 2481 θθιιῖθ,
1617 2412 1721 2482 pedem
1743 2413 1837 2491 llndit,
1853 2418 1883 2473 et

1046 2500 1183 2569 ruminat,
1200 2515 1312 2570 gressu
1327 2499 1532 2569 velocissima,
1550 2499 1580 2554 in
1597 2501 1722 2556 summis
1737 2503 1880 2571 pascitur.

1082 2587 1174 2658 Caput
1184 2588 1451 2643 eminentissimum
1465 2589 1630 2644 membrum
1644 2593 1699 2659 est,
1717 2594 1745 2646 et
1762 2594 1881 2649 caeteris

1045 2676 1250 2747 principalius,
1267 2677 1397 2748 quinque
1414 2693 1525 2732 sensus
1541 2679 1680 2750 eontinet,
1698 2680 1813 2751 capillis
1833 2698 1880 2738 or·

1045 2769 1142 2835 natur,
1154 2764 1230 2820 collo
1246 2766 1466 2835 superponitur.

1080 2853 1175 2909 Carbo
1192 2854 1353 2909 demortuo
1369 2855 1530 2925 reviviscit,
1547 2854 1583 2910 de
1594 2854 1681 2928 nigro
1696 2857 1726 2912 in
1737 2859 1881 2916 ruborem

1045 2943 1179 3012 vertitur,
1191 2942 1307 2998 iavillas
1318 2947 1450 3015 generat,
1461 2947 1490 2998 et
1498 2945 1741 3018 dumresolvitur,
1750 2947 1878 3006 cineres.

1006 3031 1251 3122 cCarbunculus
1279 3032 1397 3102 lapillus
1426 3032 1630 3088 lucidissimus
1660 3038 1715 3106 θεῖ,
1739 3037 1878 3094 tenebras

1045 3122 1141 3178 noetis
1162 3121 1255 3193 lugat,
1271 3121 1395 3175 interra
1411 3121 1526 3177 Evilath
1542 3122 1699 3178 invenitur.

150 3206 306 3279 ffibffltumr
319 3203 346 3258 ⁸5
361 3200 484 3272 r⁰⁸Pi⁰it
498 3215 576 3269 eum,
589 3200 681 3253 mmm
696 3197 788 3252 ebibit
802 3196 948 3265 morbum,
959 3208 991 3261 θῖ
1080 3210 1188 3267 Carcor
1211 3210 1388 3265 tenebrosus
1404 3213 1459 3279 est,
1481 3209 1600 3282 ietidus,
1626 3211 1789 3285 horribilis,
1806 3231 1877 3287 pro·

150 3292 334 3351 convalescit
344 3293 476 3364 aegrotus
487 3305 494 3358 3
506 3289 533 3344 si
541 3304 601 3344 non
612 3287 682 3343 velit
693 3287 854 3356 respicere,
867 3285 987 3357 signum

148 3385 196 3441 cst
210 3383 326 3439 mertia.

186 3471 324 3528 Calamus
341 3470 387 3525 est
400 3481 561 3536 concavus,
581 3463 707 3537 fragilis,
723 3462 814 3534 levis,
831 3462 984 3518 scribendi

149 3559 249 3618 cilicio
264 3563 361 3631 aptus.

183 3648 388 3705 Calceamenta
398 3645 490 3717 pedes
497 3644 602 3716 tegunt
609 3646 639 3697 et
648 3643 791 3710 muniunt,
799 3643 912 3696 laxiora
923 3657 982 3696 non

43 3748 45 3755 '
148 3740 325 3810 congruunt,
342 3735 490 3789 strictiora
505 3733 625 3802 laedunt,
643 3731 711 3802 pedi
726 3731 978 3802 circumligantur.

182 3825 379 3882 Caleedonins
395 3838 450 3877 seu
467 3821 683 3876 carchedonius
700 3820 829 3875 colorem
844 3819 980 3889 pallentis

145 3915 277 3970 lucemus
301 3913 399 3981 habet,
415 3911 472 3965 snb
489 3910 535 3964 die
551 3909 653 3980 iulget,
670 3909 700 3962 in
724 3909 811 3963 domo
831 3908 979 3963 obscurus

146 4005 203 4073 est,
220 4002 414 4073 scalpentium
441 3999 554 4053 artibus
576 3997 699 4066 resistit,
723 3997 805 4052 radio
828 3997 912 4066 solis,
931 3997 979 4052 vel

145 4089 300 4147 fricatione
315 4090 474 4161 digitorum
485 4086 665 4156 excandens,
675 4086 775 4156 paleas
791 4085 827 4139 ad
842 4102 875 4141 se
890 4087 979 4141 trahit

181 4179 320 4234 Calculus
343 4177 417 4248 lapis
442 4177 535 4231 durus
557 4179 613 4244 θεῖ,
626 4175 776 4244 volubilis,
793 4175 910 4246 planus,
926 4193 977 4233 ro-

143 4267 265 4338 lundus,
281 4267 312 4322 in
327 4265 499 4321 fluminibus
514 4264 672 4333 invenitur,
688 4262 719 4316 in
738 4278 814 4334 aqua
829 4279 889 4318 non
903 4266 976 4320 mol-

143 4355 243 4415 lescit.

179 4452 421 4523 Calordissclvit,
437 4449 541 4522 aperit,
557 4449 647 4521 cogit,
664 4448 751 4515 levet,
766 4448 916 4521 nigrorem
931 4449 974 4506 in·

143 4543 234 4615 ducit,
251 4547 280 4600 et
293 4544 403 4598 nimius
417 4542 484 4607 urit,
497 4541 526 4596 et
540 4541 681 4595 exsiccat.

176 4634 314 4689 Camelns
329 4633 437 4705 ingens
450 4645 583 4701 corpore,
597 4628 693 4684 onifer
702 4631 757 4700 est,
770 4629 929 4701 gibbosus,
939 4633 974 4686 .et

141 4719 296 4791 deformis,
313 4722 391 4777 seed
408 4718 590 4775 onerandum
605 4717 734 4772 inclinat.

175 4809 322 4881 Campana
330 4808 533 4865 somnolentos
549 4807 665 4876 excitat,
678 4806 768 4861 horas
779 4806 926 4879 designat,
943 4806 973 4861 in

137 4897 198 4953 imo
214 4898 281 4969 lata,
297 4899 327 4953 in
342 4914 458 4954 summo
474 4898 587 4966 stricta,
604 4896 632 4950 si
646 4896 802 4967 argentum
812 4895 973 4950 admiscea-

137 4988 186 5042 tur
200 4987 317 5042 dulcius
333 4990 429 5043 sonat.

171 5073 299 5147 Campus
320 5079 366 5131 est
389 5075 474 5131 loeus
503 5089 610 5144 capax,
641 5071 785 5141 incultus,
816 5071 969 5141 spatiosus

134 5163 259 5220 floribus
274 5168 302 5220 et
316 5165 437 5235 pascuis
452 5163 616 5218 uberimus.

169 5252 297 5309 Candcla
313 5270 411 5309 ceram
425 5251 514 5307 habet
538 5253 567 5305 ct
587 5252 714 5319 stupam,
732 5248 830 5303 lumen
843 5249 966 5321 praebet,

132 5341 266 5414 seipsam
288 5341 445 5410 consumit,
469 5340 581 5395 directa
599 5340 655 5405 est,
675 5337 771 5407 plana,
792 5337 892 5411 longa,
915 5354 969 5394 sn-

129 5431 233 5504 perius
244 5435 335 5503 arcta,
351 5429 477 5486 interius
492 5428 559 5498 lata,
574 5426 682 5482 subtus
696 5416 844 5498 perforata
859 5431 971 5487 steen.

130 5534 380 5668 ca{tdrrdelebrum
394 5603 549 5680 intemplo
568 5586 624 5664 fuit
637 5619 676 5663 ex
695 5619 767 5662 acro
786 5605 968 5681 purissim03

1045 3301 1165 3370 fundus,
1182 3299 1317 3370 paenulis,
1334 3298 1496 3354 solitarius.

1078 3389 1153 3445 Caro
1165 3388 1281 3460 fragilis
1297 3391 1352 3457 est,
1370 3388 1475 3443 suadet
1490 3390 1519 3443 et
1534 3388 1720 3460 concupiscit
1729 3390 1876 3449 adversus

1041 3479 1188 3549 spiritum,
1205 3494 1314 3548 pravos
1330 3480 1427 3531 motus
1443 3477 1548 3548 gignit,
1567 3479 1681 3534 infirma
1693 3483 1749 3535 est.

1075 3566 1161 3621 Casia
1173 3567 1265 3620 herba
1276 3581 1342 3636 qnae
1359 3567 1387 3620 et
1402 3565 1499 3620 fistula
1511 3567 1541 3621 in
1556 3567 1642 3638 aquis
1654 3570 1796 3641 nescitur,
1808 3584 1876 3626 eon⁴

1039 3671 1110 3710 cava
1126 3658 1181 3724 est,
1197 3656 1227 3709 in
1243 3655 1421 3709 immensum
1437 3657 1555 3710 crescit.

1072 3743 1208 3800 Castrum
1227 3743 1333 3797 intuto
1349 3744 1471 3811 locatur,
1496 3744 1590 3798 fossis
1611 3747 1749 3815 munitur,
1776 3747 1871 3802 muris

1037 3833 1245 3900 circumdatur,
1267 3829 1500 3903 propugnaculis
1520 3833 1657 3904 ambitur,
1685 3832 1714 3888 in
1743 3850 1777 3890 eo
1803 3839 1872 3891 sunt

1035 3921 1222 3990 defensores,
1239 3937 1329 3990 arma,
1346 3921 1494 3990 victualia,
1512 3922 1726 3991 speculatores.

1070 4011 1178 4065 Catone
1200 4010 1368 4080 ponderosa
1384 4013 1440 4078 θεῖ,
1466 4010 1572 4079 ierren,
1591 4011 1673 4081 dura,
1692 4013 1871 4083 constringit

1034 4099 1147 4154 moveri
1162 4115 1221 4154 non
1236 4100 1317 4168 sinit,
1335 4099 1365 4152 in
1388 4113 1421 4152 ea
1437 4098 1564 4153 annulus
1585 4099 1788 4171 complectitur
1811 4117 1865 4156 an·

1034 4188 1147 4243 nulum.

1069 4276 1214 4332 Cathedre
1241 4276 1395 4331 doctorum
1417 4277 1463 4330 θεῖ
1485 4275 1585 4347 sedes,
1609 4279 1736 4347 quatuor
1760 4277 1869 4349 quibus

991 4368 1227 4434 Dsustentntur,
1243 4365 1336 4435 pedes
1351 4364 1449 4419 habet.

1068 4454 1182 4510 Cedrns
1198 4455 1227 4508 in
1243 4454 1354 4507 Libano
1371 4453 1511 4523 nescitur,
1522 4453 1579 4508 alta
1594 4455 1649 4524 est,
1660 4454 1783 4526 sterilis,
1796 4454 1866 4510 odo·

1032 4543 1131 4613 risere,
1148 4543 1216 4614 ejus
1232 4543 1332 4597 resina
1350 4542 1432 4595 litum
1453 4558 1512 4596 non
1527 4544 1681 4612 putrescit,
1698 4558 1793 4615 neque
1818 4559 1868 4599 ve·

1031 4634 1139 4688 tustete
1155 4632 1362 4702 corrumpitur,
1380 4635 1521 4701 quantum
1537 4632 1567 4684 in
1587 4647 1675 4686 auras
1691 4647 1725 4686 se
1740 4632 1864 4701 extollit,

1030 4724 1143 4776 tantum
1157 4721 1305 4776 redicatur
1319 4719 1349 4773 in
1365 4722 1452 4789 terra,
1475 4720 1598 4774 tirmiter
1612 4719 1714 4788 haeret,
1731 4720 1866 4790 imputri-

1029 4809 1100 4864 bilis
1115 4811 1170 4878 est,
1187 4807 1254 4879 ejus
1271 4808 1344 4862 odor
1359 4811 1514 4878 serpentes
1526 4807 1617 4879 fugat,
1634 4808 1683 4863 vel
1698 4808 1814 4864 occidit.

1064 4897 1139 4952 Cera
1158 4898 1239 4952 sicca
1259 4899 1314 4964 est,
1337 4896 1367 4949 in
1387 4894 1454 4950 lavo
1471 4895 1549 4963 latet,
1573 4911 1647 4966 pura
1663 4899 1718 4966 θεῖ,
1736 4896 1865 4969 fragilis,

1028 4985 1067 5040 ud
1089 4985 1189 5058 ignem
1211 4984 1343 5054 molleirt,
1363 4988 1452 5039 tenax
1469 4987 1497 5038 et
1516 4983 1614 5039 mollis
1630 4984 1755 5040 sormam
1771 4986 1866 5058 sigilli

1029 5074 1142 5144 recipit,
1157 5077 1305 5129 tumorem
1319 5073 1461 5144 reprimit,
1478 5072 1626 5128 odorifera
1642 5076 1689 5129 est
1702 5076 1731 5129 et
1744 5072 1863 5144 pallida.

1063 5161 1224 5218 Cerebrum
1239 5163 1270 5216 in
1286 5163 1380 5233 cupite
1396 5165 1452 5232 est,
1465 5161 1538 5216 citra
1552 5161 1864 5218 mortemimmelabile

1028 5249 1062 5326 [i.
1079 5249 1269 5324 inviolabile],
1281 5251 1370 5306 sedes
1387 5253 1433 5306 est
1443 5252 1603 5322 memoriae,
1620 5250 1786 5306 intellectus
1801 5250 1861 5324 vis,

1028 5341 1058 5398 et
1072 5341 1207 5396 rationis.

1014 5472 1029 5493 .
1063 5429 1195 5486 Cervical
1211 5429 1395 5501 quadratum,
1410 5427 1513 5500 breve,
1528 5426 1622 5501 bysso
1642 5430 1780 5500 insuitur,
1796 5426 1862 5502 ple-

1027 5534 1098 5577 num
1112 5517 1275 5575 levissimis
1288 5518 1409 5589 plumis,
1426 5517 1515 5590 capiti
1530 5517 1717 5590 supponitur.

1063 5606 1149 5665 Cervi
1164 5622 1181 5664 a
1199 5606 1294 5680 patria
1307 5607 1374 5679 ipso
1386 5606 1518 5681 tempore
1532 5608 1644 5667 amoris
1659 5605 1860 5682 discedentes,
