3796 6022
10 242 12 249 Ι
71 286 108 351 17
440 276 496 341 DE
518 275 680 338 BESTIIS
702 275 755 339 ET
777 273 888 337 ALIIS
911 271 1051 336 REBUS
1074 269 1203 334 LIBER
1224 270 1399 335 PRIMUS.
1753 272 1793 336 18

70 441 243 510 betooulos,
253 440 389 495 dextrum
398 440 426 492 et
435 437 598 503 sinistrum,
609 429 902 489 memoriamscilicet
915 407 944 479 Α
958 425 1040 495 fiunt,
1054 425 1162 496 quibus
1177 425 1324 496 imagines
1336 440 1441 496 regum
1457 424 1673 494 imprimuntur.
1686 424 1719 482 ln
1733 443 1793 481 mo·

70 538 94 585 ct
109 532 303 585 intellectum.
313 529 346 582 ln
361 528 418 582 hoe
430 527 526 581 lutura
538 525 689 596 praevidet,
708 525 737 577 in
748 522 903 577 illotrans-

69 624 131 674 urla
144 621 242 674 dehet.
254 620 317 673 Hos
326 617 431 672 oculos
441 617 610 670 clauserunt
620 615 649 668 in
661 613 793 683 AEgppto
804 614 904 687 patres

69 711 174 773 nostri,
202 709 339 780 quoniam
360 724 419 761 non
433 705 642 760 intellexerunt
661 717 749 772 opera
768 701 832 768 Dei,
851 715 905 754 nee

69 798 186 851 luerunt
210 813 357 851 memores
377 795 572 849 multitudinis
589 791 804 846 misericordiae
825 787 902 859 ejus.

69 887 148 940 [tuas
164 903 236 940 vero
253 887 315 939 alas
327 886 425 954 habet,
442 899 571 938 amorem
588 882 715 952 proximi
731 883 758 934 et
774 893 904 932 amorem

67 976 130 1029 liei.
151 976 216 1029 Una
231 975 401 1029 extenditur
419 989 472 1043 per
487 972 727 1042 compassionem
751 969 786 1023 ad
801 967 904 1038 proxi-

67 1081 157 1132 mum,
170 1065 261 1118 altem
271 1064 457 1134 erigiturper
467 1061 743 1130 contemplationem
752 1058 787 1112 ad
799 1058 902 1111 Deum.

67 1153 109 1207 Ex
121 1153 236 1207 bisalis
248 1153 411 1223 procedunt
425 1167 540 1221 pennae,
552 1150 582 1204 id
593 1153 638 1203 est
649 1151 773 1202 virtutes
785 1147 901 1200 animae.

67 1244 119 1296 Hae
135 1258 243 1311 pennae
260 1244 399 1313 argentea
415 1240 545 1294 claritate
566 1237 766 1308 resplendent,
784 1235 902 1306 quando

65 1349 117 1401 per
126 1332 235 1384 lamnrn
245 1331 330 1384 bonae
341 1330 489 1400 opinionis
498 1328 686 1382 irradiantibus
696 1327 811 1397 argenti
822 1340 902 1378 more

65 1417 901 1489 dulcemtinnitumpraebent.Clerosrerotiraecc,sortes

65 1510 191 1562 dicimus
213 1510 325 1563 Latine.
347 1508 477 1573 Quatuor
492 1511 588 1561 autem
604 1509 673 1560 sunt
689 1508 797 1571 sortes
814 1503 902 1556 timor

65 1605 90 1652 et
105 1616 189 1668 spes,
207 1616 291 1653 umor
305 1602 332 1652 et
345 1598 535 1652 desiderium.
556 1596 657 1650 Sortes
675 1598 753 1663 sunt,
771 1592 838 1663 quia
854 1608 902 1661 pa·

67 1695 156 1741 lernae
169 1688 352 1742 haereditatis
364 1689 461 1741 loeum
470 1686 659 1740 distribuunt.
678 1685 813 1737 Timoret
825 1681 900 1735 desi-

68 1778 180 1831 dorium
196 1781 295 1831 sortes
309 1779 378 1830 sunl
395 1781 544 1844 extremm,
561 1791 631 1844 spes
648 1777 675 1828 et
686 1789 768 1827 amor
783 1772 896 1827 mediae.

68 1868 167 1920 Timor
177 1868 309 1920 animum
321 1866 484 1933 conturbat,
498 1865 678 1918 desiderium
690 1865 815 1917 mentem
837 1878 900 1915 cru·

65 1960 131 2024 rial,
148 1960 175 2010 et
193 1957 250 2010 nisi
268 1955 377 2026 aliquid
394 1955 521 2008 medium
536 1953 736 2019 intervenerit,
754 1950 899 2006 animusu

64 2048 161 2117 quiete
185 2045 306 2098 recedit.
326 2044 447 2114 Oportet
467 2045 557 2115 igitur
572 2047 602 2097 ut
616 2043 694 2097 inter
717 2042 898 2096 desiderium

63 2142 88 2186 et
101 2137 249 2204 timorem,
266 2150 350 2204 spem
362 2151 506 2204 ponamus
523 2137 550 2187 ct
560 2149 699 2187 amorem.
716 2132 791 2201 Spes
806 2131 898 2201 igitur

63 2225 198 2277 timorem
214 2229 338 2292 reorent,
354 2240 437 2278 arnor
452 2223 632 2277 desiderium
649 2224 800 2290 temperat.
818 2221 897 2273 luter

62 2328 144 2381 spem
163 2314 256 2383 igitur
269 2316 297 2368 et
312 2329 452 2380 amorem,
473 2314 558 2383 quasi
579 2312 655 2366 iuter
670 2310 782 2364 medias
797 2313 895 2363 sortes

62 2403 180 2470 ‹prietus
197 2403 314 2471 dormit,
332 2402 382 2474 qui
403 2404 478 2456 iuter
493 2407 650 2467 extremae,
673 2401 787 2454 scilicet
808 2400 896 2453 timo-

63 2508 121 2544 rem
137 2497 165 2546 et
179 2493 372 2562 desiderium,
390 2493 493 2563 vigilat
507 2495 535 2546 et
547 2491 740 2560 obstupescit.
759 2489 789 2543 si
805 2490 897 2560 igitur

63 2596 93 2634 es
110 2583 259 2651 columba,
276 2583 323 2636 vel
341 2582 485 2637 columbae
500 2597 605 2652 penna,
623 2581 787 2634 ‹luurtimes
799 2584 827 2632 et
842 2577 895 2633 de·

63 2671 189 2736 sideras,
207 2673 284 2726 iuter
295 2676 443 2726 extremas
459 2675 556 2725 sortes
567 2671 686 2741 vigilas.
704 2669 779 2723 llum
790 2684 894 2739 speras

62 2764 87 2813 et
103 2760 218 2831 nitigis,
236 2762 312 2815 inter
328 2761 440 2815 medias
456 2761 574 2830 quietus
585 2761 706 2815 dormis

95 2852 130 2905 lit
146 2853 313 2922 posteriora
329 2853 412 2907 dorsi
424 2852 489 2923 ejus
506 2852 536 2906 in
547 2853 657 2921 pallore
674 2852 747 2906 euri.
760 2852 792 2905 ln
804 2851 894 2904 dorso

61 2942 156 2996 solent
186 2957 276 2996 onera
302 2943 422 3012 portari.
453 2941 488 2995 Et
515 2958 569 3011 per
597 2941 661 2995 hme
691 2941 793 2994 eadem
822 2955 893 3009 pos·

61 3034 127 3085 sunt
142 3047 267 3101 operum
276 3031 395 3086 labores
407 3032 568 3103 designari.
582 3031 811 3101 Perposteriora
821 3045 892 3083 vero

61 3121 141 3175 dorsi
156 3122 315 3176 denotatur
329 3123 512 3192 exspectatio
535 3123 659 3191 praemii.
678 3121 749 3175 Post
763 3120 892 3175 toleran-

60 3211 128 3264 tiam
142 3211 294 3281 siquidem
307 3212 499 3281 praesentium
513 3211 658 3278 laborum,
675 3211 705 3263 in
717 3210 814 3265 futuro
827 3210 895 3263 sub-

60 3301 144 3370 sequi
166 3301 316 3355 credimus
329 3299 422 3372 justis
444 3301 616 3356 meritorum
631 3301 762 3370 praemia.
781 3300 895 3355 Reddet

60 3391 136 3442 enim
153 3389 236 3444 Deus
252 3390 363 3444 sanctis
380 3391 546 3445 mercedem
566 3390 700 3444 laborum
717 3406 848 3458 suorum,
866 3393 895 3446 et

60 3478 184 3532 deducet
199 3495 253 3532 eos
269 3479 299 3532 in
314 3480 361 3532 via
376 3480 513 3534 mirabili.
528 3479 562 3533 Et
580 3480 638 3534 hoe
657 3480 686 3532 iu
702 3479 813 3549 pallore
829 3479 893 3533 auri

59 3568 895 3639 essecredimuS,quiapretiosacstineonspectuDomini

60 3673 139 3709 mors
163 3662 331 3711 sanctorum
349 3657 414 3728 ejus
428 3656 523 3725 (Psal.
541 3658 619 3727 cxv).
638 3658 669 3710 ln
682 3657 788 3727 pennis
803 3658 893 3727 igitur

62 3749 223 3815 argeutum,
241 3747 309 3816 quia
323 3746 353 3799 in
364 3746 475 3818 linguis
492 3746 660 3816 eloquium;
677 3747 706 3800 in
722 3746 893 3816 posteriori·

61 3833 118 3887 bus
134 3850 202 3889 vero
218 3851 333 3904 aurum,
345 3837 433 3891 idest
446 3840 514 3906 post
529 3836 648 3891 labores
663 3837 829 3907 praemium.

89 3940 167 3995 Car..
178 3942 227 3995 lV.
243 3942 287 3997 De
298 3943 439 3998 eolrunbee
448 3943 486 3998 ad
493 3944 650 4014 praelatum
661 3943 888 4014 commeratione.

89 4031 289 4086 Sidormiatis
299 4033 381 4087 inter
391 4033 505 4087 medios
516 4031 621 4093 eleros,
632 4049 739 4103 penum
750 4031 890 4087 columba

56 4119 260 4189 deargentate
268 4127 298 4175 et
304 4122 475 4192 posteriora
491 4121 576 4175 dorsi
587 4121 651 4193 ejus
661 4122 692 4175 in
700 4120 890 4191 palloreauri

56 4207 149 4272 {Psal
167 4214 268 4278 nxvn).
281 4209 423 4265 Columba
434 4211 623 4282 deargentata
639 4215 684 4264 est
692 4210 806 4281 absque
818 4210 886 4265 felle

56 4297 319 4368 malitiaequaelibet
328 4299 425 4354 adhue
435 4301 541 4356 vivens
550 4300 883 4371 praelatorumpersona,

958 519 1024 569 neta
1035 517 1152 569 notatur
1162 514 1282 568 imitatio
1299 513 1412 583 formae,
1426 515 1455 568 in
1467 530 1575 569 corona
1591 514 1711 585 signum
1725 516 1790 569 vic-

955 605 1049 658 toriae.
1067 603 1183 658 Moneta
1197 603 1344 674 siquidem
1359 602 1450 657 divini
1467 604 1577 675 eloquii
1593 604 1679 659 docet
1693 605 1790 659 imita-

955 694 1064 748 tionem
1080 694 1148 746 vit-ae
1165 692 1285 761 Christi,
1304 708 1495 746 coronavero
1511 694 1654 747 rictoriae.
1671 693 1744 748 Post
1753 694 1792 748 la·

955 783 1044 836 bores
1055 783 1213 852 praesentis
1225 782 1328 835 saeculi
1337 783 1409 835 liunt
1418 798 1537 852 pugnae.
1551 782 1595 835 lbi
1603 782 1695 854 igit-ur
1705 783 1791 854 quasi

955 871 985 925 in
997 873 1214 941 posterioribus
1228 870 1439 938 aurum,l1icin
1451 872 1556 941 pennis
1569 872 1790 940 praedicationis
1825 925 1829 933 ,

955 965 1120 1033 argentum,
1137 962 1283 1032 quiscum
1299 961 1335 1013 ad
1352 960 1400 1013 illa
1413 961 1487 1014 dona
1501 959 1636 1014 columba
1647 958 1790 1030 pervarie·

954 1051 1001 1119 rit,
1016 1049 1077 1121 jam
1089 1051 1310 1120 praedicationis
1326 1050 1444 1120 eloquio
1456 1065 1514 1104 non
1526 1048 1680 1120 indigebit,
1694 1051 1791 1105 sedin

954 1155 988 1192 eo
1001 1139 1079 1209 quod
1090 1155 1143 1209 pro
1158 1140 1352 1194 retributione
1368 1139 1520 1210 percipiet,
1534 1139 1564 1193 in
1578 1138 1702 1209 puritate
1718 1154 1788 1209 per-

953 1228 1090 1281 fectionis
1107 1229 1172 1281 sine
1184 1228 1241 1282 llne
1258 1230 1347 1282 vivet.

988 1316 1057 1370 Cae.
1076 1317 1109 1370 V.
1128 1318 1171 1370 lie
1187 1318 1327 1371 columber
1351 1316 1492 1370 habentis
1512 1316 1606 1387 podes
1621 1314 1731 1370 rubros
1751 1316 1790 1371 ad

1162 1389 1329 1442 Ecclesiam
1346 1387 1574 1458 conrparatione.

989 1479 1030 1531 De
1046 1495 1102 1549 qua
1114 1478 1250 1532 columba
1266 1477 1314 1530 hie
1331 1467 1559 1548 agitur,'rubros
1575 1474 1667 1544 pedes
1679 1475 1788 1529 nabere

952 1568 1134 1637 perhibetur.
1152 1568 1222 1621 Haec
1240 1566 1375 1620 columba
1391 1569 1436 1619 est
1452 1564 1597 1633 Ecclesia,
1614 1580 1681 1635 quoe
1696 1565 1788 1635 pedes

953 1657 1064 1725 habuit,
1081 1658 1190 1727 quibus
1207 1658 1296 1711 totius
1313 1655 1413 1710 mundi
1429 1655 1556 1724 spatium
1576 1653 1789 1723 perambulavit

913 1746 939 1809 Β
954 1746 1049 1801 Pedes
1058 1751 1289 1817 suntmartyres,
1302 1746 1352 1816 qui
1361 1747 1402 1798 tot
1411 1744 1552 1814 passibus
1565 1747 1789 1813 terramperam·

952 1832 1787 1907 buluntquotbouorumoperumexemplisriamjustitioe

952 1925 1146 1997 sequentibus
1163 1942 1196 1979 se
1209 1926 1421 1979 demonstrant.
1435 1924 1557 1977 Terram
1568 1924 1702 1994 tangunt,
1720 1938 1788 1976 cum

950 2015 1050 2088 dignis
1066 2015 1319 2084 increpationibus
1335 2015 1419 2067 actus
1436 2016 1464 2065 et
1473 2011 1640 2067 voluntates
1652 2015 1787 2066 terrenas

949 2104 1179 2173 reprehendunt.
1192 2103 1259 2171 Sed,
1278 2103 1347 2156 dum
1363 2107 1440 2156 terra
1458 2102 1610 2171 premitur,
1627 2101 1787 2170 asperitate

948 2196 1046 2261 terrae,
1065 2193 1093 2245 id
1110 2196 1155 2246 est
1170 2196 1355 2246 terrenorum
1372 2191 1555 2258 erudelitate,
1571 2189 1663 2260 pedes
1678 2189 1786 2244 vulne-

947 2286 1057 2351 rantur,
1072 2285 1100 2337 et
1116 2282 1160 2335 sic
1175 2281 1267 2351 pedes
1279 2281 1422 2336 Ecclesiae
1440 2280 1523 2335 rubri
1537 2279 1607 2334 lacti
1622 2281 1701 2348 sunt,
1716 2278 1787 2349 quia

948 2371 1126 2443 sanguinein
1154 2387 1241 2425 suum
1271 2386 1325 2441 pro
1354 2369 1465 2425 Christi
1489 2369 1609 2425 nomine
1638 2371 1785 2439 martyres

948 2459 1122 2515 effuderunt.
1138 2460 1241 2515 Rubor
1250 2460 1783 2533 igiturpedumestcruormartyrum.

965 2549 1034 2604 Car.
1053 2549 1100 2603 Vl.
1114 2550 1158 2604 De
1166 2550 1276 2621 pennis
1286 2549 1494 2620 deargentatis
1504 2547 1645 2603 columbae
1659 2547 1784 2619 adprae-

1216 2621 1367 2674 dicatorcs
1383 2618 1509 2674 collatis

982 2710 1052 2775 Quae
1061 2709 1294 2780 eolumbapedes
1306 2710 1414 2763 rubros
1423 2709 1532 2763 habere
1540 2707 1656 2777 dicitur,
1667 2692 1782 2778 pennas

947 2800 1153 2871 deargentatas
1169 2798 1312 2853 habuisse
1331 2798 1432 2852 verbis
1452 2797 1636 2868 propheticis
1656 2795 1782 2852 demon-

946 2892 1064 2943 stratur.
1077 2888 1199 2958 Pennas,
1215 2887 1418 2959 inquitliarid,
1427 2886 1567 2942 colombae
1578 2886 1783 2959 deargentatae

947 2977 1042 3044 (Psal.
1058 2978 1160 3048 astur).
1187 2979 1295 3033 Pennas
1322 2978 1467 3032 columbae
1488 2977 1686 3050 deargentatae
1712 2983 1782 3033 suut
1846 2995 1849 3000 ·

909 3068 1148 3137 cpredieatores
1164 3067 1318 3122 Ecclesiae.
1336 3067 1391 3123 Est
1403 3070 1500 3123 autem
1520 3071 1685 3140 argentum,
1703 3067 1780 3122 divi-

946 3174 1016 3211 num
1040 3157 1207 3230 eloquium;
1233 3157 1357 3212 tinnitus
1381 3159 1507 3228 argenti,
1528 3158 1653 3213 dulcedo
1672 3160 1779 3230 verbi,

946 3247 1035 3315 calor,
1063 3247 1182 3301 candor.
1209 3246 1373 3302 candorem
1393 3262 1463 3301 vero
1482 3250 1637 3318 argentum
1660 3248 1777 3318 retinet,

945 3335 1014 3389 dum
1029 3335 1152 3407 quilibet
1167 3336 1270 3390 doctor
1285 3335 1456 3390 munditiam
1470 3336 1572 3390 verbis
1582 3335 1733 3407 praedicat,
1751 3339 1780 3392 et

945 3410 1116 3479 munditiam
1131 3425 1160 3478 in
1176 3442 1209 3480 se
1225 3426 1323 3496 habet,
1341 3426 1409 3480 dum
1425 3425 1504 3497 quod
1528 3426 1614 3481 docet
1628 3425 1733 3499 diligit,
1751 3431 1780 3482 et

944 3515 1023 3585 quod
1040 3515 1119 3569 intus
1135 3517 1222 3584 amat,
1239 3514 1312 3569 soris
1323 3517 1464 3586 operibus
1475 3515 1612 3571 estendit.
1626 3515 1697 3571 Haec
1709 3519 1779 3572 sunt

944 3604 1067 3677 eloquia
1075 3603 1192 3658 Domini
1207 3608 1297 3673 casta,
1316 3607 1472 3676 argentum
1486 3605 1554 3676 igne
1567 3605 1776 3661 examinatum.

943 3692 1067 3765 Eloquia
1083 3693 1200 3747 Domini
1216 3697 1305 3760 casta,
1322 3694 1390 3764 quia
1406 3693 1485 3748 nulla
1505 3696 1574 3748 sunt
1590 3694 1777 3750 simulatione

944 3785 1091 3852 corrupta,
1104 3783 1183 3837 nullo
1195 3784 1264 3836 sunt
1272 3782 1385 3837 semine
1396 3782 1562 3852 cupiditatis
1571 3783 1774 3856 impraegnata.

943 3871 1107 3942 Argentum
1122 3872 1319 3926 examinatum
1334 3871 1412 3943 igue,
1431 3871 1589 3926 solidatum
1599 3873 1629 3926 in
1645 3873 1777 3944 qualibet

942 3960 1171 4029 perturbatione.
1189 3960 1305 4016 Candor
1319 3960 1410 4032 igitur
1430 3964 1590 4032 argenteus
1615 3963 1645 4016 in
1667 3962 1775 4034 pennis

941 4052 987 4102 est
1010 4049 1040 4103 in
1055 4050 1166 4122 linguis
1191 4049 1359 4105 docentium
1379 4050 1445 4105 lene
1460 4050 1692 4106 blandimentum
1712 4067 1775 4106 ser·

941 4154 1049 4192 morus.

941 4224 1000 4280 Car
1016 4226 1078 4281 Vll.
1095 4227 1139 4282 De
1154 4229 1328 4299 sapphirino
1344 4229 1442 4284 colore
1457 4229 1570 4287 alarum
1586 4229 1727 4286 columbae
1737 4230 1777 4287 ad

1174 4299 1363 4372 contemplati
1366 4317 1417 4355 ros
1428 4300 1542 4357 collato.

57 4401 120 4454 quae
136 4387 336 4443 intermedias
348 4390 445 4444 cleros
461 4390 578 4445 dormit.
589 4389 692 4444 Claros
704 4389 817 4459 Graeoe,
831 4389 885 4442 la·
900 4358 928 4420 D
978 4387 1098 4441 Alarum
1113 4388 1243 4444 colorem
1258 4406 1316 4444 non
1332 4390 1429 4460 reperi
1446 4391 1598 4461 scriptum,
1615 4391 1669 4446 sed
1684 4407 1724 4446 ex
1738 4391 1776 4446 ei·

57 4475 113 4527 tine
126 4491 205 4530 sors.
217 4475 300 4531 Unde
309 4481 337 4532 et
348 4478 652 4549 cleronomiaproprie
661 4482 785 4533 vocatur
795 4479 887 4533 haere·

60 4562 135 4617 ditas
149 4581 215 4634 qrrae
228 4566 360 4620 defertur
370 4582 407 4621 ex
418 4570 602 4622 testamento.
620 4568 690 4623 lnde
702 4569 845 4638 contingit
856 4570 887 4622 ut

59 4652 111 4704 filii
122 4653 199 4722 Levi,
215 4656 293 4709 inter
308 4654 385 4710 filios
402 4655 493 4710 lsrael
504 4672 562 4711 nou
572 4657 714 4711 haberent
725 4661 845 4726 sortem,
859 4656 887 4710 id

58 4745 102 4794 est
119 4742 299 4797 haereditatis
314 4747 436 4814 partem,
463 4745 515 4798 sed
537 4760 574 4799 ex
597 4745 722 4799 decimis
742 4747 885 4801 viverent.

57 4830 127 4884 Duae
136 4837 234 4886 autern
245 4836 314 4887 sunt
323 4833 521 4902 haereditates
530 4838 647 4888 terrena
658 4835 775 4889 Veteris
786 4835 888 4889 Testa·

56 4921 155 4984 menti,
173 4925 201 4974 et
215 4926 326 4975 aeterna
337 4922 423 4977 Novi.
436 4922 467 4976 ln
478 4924 574 4977 medio
586 4924 809 4994 igituristarurn
825 4925 890 4978 dor-

56 5009 169 5079 mit,qui
181 5011 211 5063 iu
222 5013 392 5081 cont-emptu
402 5016 596 5079 terrenorum,
610 5016 638 5067 et
649 5014 713 5084 ipse
722 5014 887 5069 coelestium

53 5098 142 5151 rilem
159 5100 232 5164 linit,
251 5100 322 5153 dum
335 5116 391 5154 nec
414 5101 502 5154 nimis
528 5101 665 5156 ardenter
688 5103 887 5172 praesentibus

53 5187 154 5254 inhiat,
173 5190 201 5241 et
219 5187 317 5241 sutura
332 5190 477 5258 patienter
492 5193 654 5259 exspect-at.
672 5190 707 5243 Et
722 5193 887 5261 posteriora

53 5276 135 5329 dorsi
149 5274 217 5345 ejus
226 5277 254 5329 in
266 5277 377 5347 pallore
386 5279 459 5332 auri.
470 5278 553 5332 Oculi
566 5278 801 5350 enimjustorum
810 5281 889 5336 vide-

52 5365 124 5418 bunt
145 5379 248 5435 regem
269 5366 298 5419 in
320 5366 428 5422 decore
443 5383 508 5421 suo.
533 5369 616 5421 Tunc
635 5370 712 5422 enim
734 5386 838 5424 aurum
858 5372 888 5426 in

53 5453 271 5521 posterioribus
283 5454 419 5525 habebiS,
432 5472 499 5510 curn
510 5458 714 5528 apparueritis
723 5457 819 5513 tuturo
829 5461 890 5531 glo-

53 5544 94 5596 ria
111 5543 222 5597 divinae
237 5544 412 5617 majestatis,
429 5545 554 5602 Coronae
569 5547 717 5618 siquidem
733 5564 837 5621 regum
853 5565 890 5604 ex

52 5648 122 5686 auro
133 5633 297 5705 purissimo
308 5634 501 5705 fabricantur,
508 5640 753 5710 exurgentovero
762 5643 888 5698 monaste

941 4476 1106 4531 militudine
1122 4479 1282 4532 materialis
1298 4479 1442 4534 eolumbae
1453 4483 1552 4550 potest
1565 4478 1726 4552 assignari,
1742 4483 1775 4534 ut

941 4566 1776 4637 sicolumbampictemrespicias,color-emmaterialisco·

940 4655 1048 4710 lumbae
1065 4671 1129 4709 earn
1144 4656 1253 4711 hahere
1268 4672 1327 4711 non
1347 4658 1542 4711 contradicas.
1559 4657 1680 4711 Alarum
1695 4657 1774 4713 enim

940 4745 1116 4813 superficies
1142 4745 1314 4815 sapphirino
1330 4747 1429 4800 colore
1445 4746 1679 4817 superfunditur,
1705 4748 1774 4820 quia

941 4833 1006 4887 caeli
1029 4833 1160 4902 speciem
1184 4834 1299 4887 animus
1315 4835 1539 4904 contemplantis
1558 4837 1698 4892 imitatur.
1715 4837 1775 4893 Sed

911 4912 924 4931 '
941 4921 1023 4975 color
1047 4922 1239 4991 sapphirinus
1255 4923 1388 4976 candidis
1411 4924 1498 4979 lineis
1521 4926 1724 4998 distinguitur,
1743 4932 1774 4981 ut

941 5010 1112 5080 sapphirino
1129 5011 1227 5064 colore
1245 5012 1528 5070 niveusmisceatur.
1541 5015 1716 5071 Colorenim
1727 5017 1773 5071 ni-

939 5114 1014 5153 veus
1031 5099 1203 5168 sapphirino
1215 5101 1322 5155 mistus
1334 5102 1472 5174 designat
1486 5106 1659 5161 munditiam
1674 5108 1774 5162 earnis

940 5192 1112 5242 clamorem
1128 5190 1392 5260 contemplationis

941 5276 1010 5331 Cur.
1025 5277 1100 5331 Vlll.
1119 5277 1162 5330 lle
1174 5279 1323 5334 colorilrus·
1334 5281 1475 5337 columbae
1486 5284 1524 5338 ad
1533 5301 1631 5338 moros
1647 5286 1773 5343 collatis

940 5366 1117 5420 Posteriora
1125 5367 1209 5422 dorsi
1216 5369 1355 5423 columbae
1366 5370 1571 5444 deargentate
1578 5375 1673 5442 (Psal.
1682 5376 1773 5447 uxrn)

976 5455 1122 5524 Propheta
1136 5463 1354 5528 commemorat,
1369 5463 1396 5513 et
1406 5465 1508 5530 postea
1518 5464 1606 5518 finem
1620 5464 1688 5516 vitae
1698 5481 1774 5533 prae·

942 5544 1035 5599 sentis
1051 5545 1080 5598 in
1097 5547 1228 5616 quolibet
1242 5547 1361 5604 homine
1374 5552 1523 5606 moraliter
1537 5553 1728 5609 demonstrat.
1741 5552 1775 5608 In

941 5650 1013 5690 auro
1024 5634 1179 5707 puritatem
1190 5638 1306 5714 mentis,
1319 5638 1471 5713 inpellere
1482 5657 1552 5701 vero
1563 5641 1627 5700 auri
1637 5640 1777 5718 designat
