3796 6022
69 298 151 365 moa
511 303 658 369 annuo
680 306 737 369 aa
757 305 1061 376 assuurrroae
1084 311 1121 374 a.
1148 313 1346 378 mnarum.
1711 291 1792 393 aare

69 499 899 579 fuerimus,erimussimuletconsolationumtliom.vm).
959 510 1791 584 libellamipsumbacaermoaeconsummandumconsa·

68 587 153 656 Quod
164 592 900 668 sponsadiligentorattenalenS,dicit:Fasciculus,
960 616 1037 655 raus
1063 601 1239 659 Studeamus
1265 606 1372 678 itaque,
1390 625 1456 679 quae
1472 610 1502 664 in
1518 610 1574 665 boc
1590 627 1727 669 sermone
1742 615 1790 670 uel

66 679 201 750 myrrhae
212 679 533 737 dilectasnreusmilrit
549 683 808 739 iuteruboramea
822 702 901 740 aorn-
961 688 1060 745 libello
1076 693 1186 762 scripta
1201 697 1279 764 suat,
1306 697 1464 769 credendo,
1491 700 1649 768 sperando,
1664 703 1788 760 amando

65 767 337 838 merebiturffiant.
349 769 381 839 ι).
394 768 612 827 Contendamus
623 773 715 845 igitur
729 789 901 846 perangus-
961 793 1177 852 consummare,
1194 786 1225 837 ut
1245 786 1281 838 ad
1297 802 1457 855 supernam
1481 787 1605 859 gloriam
1624 805 1791 848 mereamur

67 857 128 909 tam
152 859 266 926 portam
287 859 407 930 intrare,
423 875 477 930 per
496 865 607 916 arctam
628 865 656 917 et
678 863 800 918 arduam
824 863 902 919 viam
960 868 1126 938 pervenire.
1150 870 1232 935 Quod
1262 875 1349 928 rolris
1374 880 1516 946 praestare
1538 878 1677 949 dignetur
1699 879 1791 936 lesus

68 945 282 1016 conscendere,
295 948 364 1018 quia
377 964 436 1002 non
451 953 497 1004 est
507 950 684 1006 alibiaditus
699 951 900 1025 adjustitiam,
961 956 1097 1014 Christus
1111 959 1253 1018 Dominus
1269 969 1379 1035 nostor,
1397 966 1447 1039 qui
1462 969 1508 1022 ast
1518 967 1598 1023 Deus
1612 967 1787 1026 benedictus

67 1048 317 1091 neccenscensus
328 1037 902 1112 adgloriam.Hocjamcontesimomba·
960 1046 990 1100 iu
1005 1048 1184 1104 saeculorum
1196 1054 1316 1109 saecula.
1330 1056 1434 1114 Amen.

67 1122 289 1194 nissimi,nobis
297 1140 435 1182 sermone
450 1127 481 1182 in
496 1127 553 1183 hoc
568 1128 670 1185 libello
685 1134 900 1202 consummato,

331 1571 422 1684 llll
460 1571 953 1689 assonatione
993 1570 1243 1696 Balad
1281 1571 1518 1685 MdeAE

833 1812 1029 1920 saeuo
1464 1804 1467 1808 ⁵

134 2043 173 2112 ln
200 2063 272 2135 quo
299 2043 372 2114 fere
394 2051 622 2138 exponuntur
641 2066 730 2153 quae
748 2067 792 2115 ex
811 2045 912 2116 Carrt'
891 2045 971 2115 trois
994 2045 1217 2116 canticorum
1241 2043 1498 2148 depromptas
1490 2066 1528 2113 rn
1551 2042 1714 2135 ejusdem

543 2136 730 2226 Assumpt
722 2136 816 2206 ionis
839 2136 965 2206 decant
953 2136 1020 2205 tari
1045 2136 1159 2206 solent
1183 2135 1313 2204 officie.

769 2352 1085 2459 PROLOGUS

100 2729 222 2799 Accipe,
239 2728 524 2801 charissimetrater,
541 2731 751 2786 munusculum
762 2731 937 2803 sponsionis
948 2749 1032 2802 mea),
1046 2737 1074 2788 et
1084 2733 1114 2788 ia
1125 2749 1160 2790 eo
1169 2734 1312 2806 quidquid
1322 2736 1519 2806 praeterquam
1528 2731 1784 2805 decetiaveaeris,

70 2822 154 2873 tuum
168 2822 247 2889 puta,
265 2818 313 2890 qui
329 2835 376 2873 me
391 2820 527 2891 coegisti.
544 2820 618 2875 lllud
630 2821 797 2893 eulogium:
817 2843 828 2871 a
846 2821 919 2876 Tota
932 2822 1055 2892 pulchra
1067 2838 1110 2891 es,
1128 2824 1222 2877 amica
1237 2840 1301 2878 mea
1317 2822 1414 2893 (Cant.
1431 2823 1482 2891 ru),
1501 2845 1512 2871 ι
1531 2822 1609 2893 quod
1620 2821 1650 2876 in
1666 2821 1783 2877 laudem

68 2909 173 2962 matris
189 2911 217 2964 et
227 2907 354 2981 virginis
365 2908 400 2963 de
420 2907 549 2964 Cantiais
562 2910 744 2964 canticorum
762 2914 912 2981 sumptum
923 2910 1001 2966 canit
1017 2911 1162 2986 Ecclesia,
1180 2911 1451 2982 compendiosatibi
1460 2911 1646 2981 expositione
1656 2911 1785 2966 reserari

68 2998 227 3070 flagitasti:
240 2997 344 3054 illavel
356 2999 492 3068 maxime,
505 3002 537 3053 ut
546 2999 644 3069 tuipsa
660 2999 730 3054 mihi
741 2999 902 3054 confessus
913 3016 957 3068 es,
970 3016 1060 3055 causa
1072 3001 1226 3069 adductus,
1241 3000 1319 3072 quod
1329 2999 1540 3055 monasterium
1550 3001 1633 3053 tuum
1647 2999 1678 3053 in
1688 2997 1784 3054 hono·

63 3087 623 3160 remeiusdemvirginisconsecratum
633 3090 694 3156 est3
704 3090 732 3141 et
744 3087 855 3142 idcirco
867 3089 986 3143 omnino
1002 3089 1112 3143 decens
1128 3092 1174 3143 cst
1185 3103 1238 3143 eos
1255 3087 1304 3158 qui
1320 3086 1441 3158 speciali
1454 3086 1536 3141 titulo
1552 3085 1632 3140 illius
1647 3085 1785 3159 insignes

66 3180 145 3242 sunt,
163 3175 308 3248 singulari
319 3191 437 3247 quoque
449 3175 605 3232 devotione
617 3175 812 3230 charissimos
824 3177 961 3231 inveniri.
976 3177 1030 3231 His
1039 3177 1157 3247 quidem
1168 3176 1270 3230 verbis
1280 3190 1337 3246 ego
1346 3175 1544 3246 acquiescens
1555 3174 1783 3247 expositionem,

62 3266 176 3321 idcirco
190 3281 248 3320 noa
263 3265 414 3337 indignam
430 3268 509 3336 puto,
527 3265 607 3336 quod
622 3264 758 3335 exposita
773 3265 854 3337 (licet
868 3281 903 3320 eo
920 3266 1017 3334 modo,
1035 3282 1092 3338 qua
1109 3265 1219 3335 scripta
1236 3264 1423 3319 continentur
1437 3264 1553 3318 inserte
1568 3262 1647 3331 libri,
1663 3266 1782 3334 sumpta

61 3371 124 3410 non
139 3355 209 3426 sint)
218 3371 234 3409 a
243 3355 367 3427 pristina
379 3358 474 3410 tamen
486 3355 658 3409 auctoritate
668 3370 727 3409 noa
738 3356 877 3410 recedant
891 3358 937 3425 3et
946 3355 1074 3409 charitas
1085 3355 1189 3426 ejusin
1200 3353 1289 3426 cujus
1304 3355 1421 3410 laudem
1435 3353 1582 3423 dicuntur,
1593 3368 1649 3408 nos
1667 3354 1783 3426 urgeat,

60 3445 223 3499 maximum
234 3459 304 3500 esse
320 3444 429 3499 debere
449 3443 592 3515 quidquid
610 3446 639 3498 et
657 3443 746 3498 tuerit
763 3449 925 3514 acceptum.
937 3444 973 3498 Et
988 3444 1044 3499 hoc
1055 3444 1153 3513 ipsum
1162 3446 1273 3515 priuea
1290 3460 1335 3499 me
1358 3444 1465 3498 iactum
1479 3446 1525 3498 est
1539 3443 1569 3497 in
1584 3442 1641 3498 alio
1657 3442 1785 3515 quodem

61 3534 190 3602 cantico,
207 3534 286 3605 quod
303 3533 439 3589 similiter
456 3534 629 3603 compulsus
645 3549 713 3588 sum
728 3549 745 3587 a
760 3535 888 3604 quodam
903 3533 992 3588 tratre
1008 3534 1172 3588 secundum
1188 3533 1324 3589 cumdem
1338 3534 1457 3589 modum
1474 3533 1661 3603 compilatum
1679 3533 1783 3603 expla-

61 3638 144 3679 nare.
162 3623 195 3678 ln
210 3639 268 3695 quo
284 3623 401 3677 tametsi
415 3625 517 3678 nostra
533 3622 680 3694 expositio
691 3622 783 3677 verba
797 3622 900 3692 primae
915 3622 1097 3677 auctoritatis
1110 3625 1138 3677 ot
1153 3623 1287 3678 ordinem
1302 3623 1461 3678 verborum
1476 3620 1633 3693 aliquoties
1648 3624 1787 3677 mutave·

59 3713 110 3781 rit,
127 3727 252 3767 asensu
267 3714 364 3766 tamen
380 3711 563 3767 auctoritatis
579 3712 682 3781 primae
698 3726 757 3766 non
772 3712 909 3766 recessit.
926 3711 959 3766 ln
969 3711 1118 3783 ejusmodi
1132 3714 1230 3766 autem
1253 3711 1502 3783 expositionibus,
1528 3711 1668 3766 iraternae
1683 3692 1784 3765 clidri·

61 3801 116 3856 tati
130 3798 257 3856 libenter
272 3800 491 3872 obtemperans,
508 3800 577 3855 licet
592 3800 667 3858 torte
683 3800 782 3855 minus
798 3800 952 3873 gravitatis
976 3800 1087 3856 habere
1102 3801 1268 3870 videantur,
1285 3815 1474 3871 nequaquam
1488 3801 1585 3854 tamea
1601 3796 1786 3872 arguendum

60 3906 110 3945 me
127 3893 209 3961 puto,
227 3905 294 3946 cum
309 3906 368 3945 non
383 3891 506 3946 multum
518 3890 664 3946 interesse
682 3889 850 3946 existimem
865 3905 1042 3962 quacunque
1058 3889 1227 3960 occasione,
1244 3888 1327 3944 salva
1343 3889 1484 3945 duntaxat
1497 3887 1629 3959 varitate,
1647 3887 1786 3944 fraternae

59 3978 249 4034 aedificationi
264 3979 428 4035 consulem.

327 4308 527 4414 SllRMO
564 4306 637 4412 llll
677 4304 1100 4413 ASSUMPTIONll
1139 4305 1188 4411 B.
1231 4303 1518 4412 vinoritia

808 4525 1050 4540 w

98 4720 167 4775 Tota
179 4719 305 4792 pulcbra
317 4735 358 4786 ee,
373 4719 466 4774 ararica
481 4735 555 4789 mea,
569 4723 599 4773 et
611 4718 723 4774 macula
738 4724 851 4776 nonest
863 4718 894 4772 in
909 4665 939 4726 Α
952 4721 1062 4790 quanto
1078 4734 1145 4773 eum
1159 4717 1189 4772 in
1203 4716 1289 4772 laude
1306 4714 1484 4787 cujusquam
1506 4714 1569 4770 falli
1584 4715 1683 4772 minue
1697 4730 1786 4789 quam

56 4809 195 4880 te(Cant.
207 4810 261 4879 ιν).
275 4809 448 4878 Verbaista,
463 4807 643 4877 charissimi,
653 4807 740 4862 nobis
751 4807 891 4862 omnibus
951 4807 1097 4878 possibile
1112 4809 1167 4861 est.
1185 4806 1295 4860 Auctor
1310 4804 1550 4876 pulchritudiuis,
1565 4803 1697 4878 etjudex
1704 4804 1788 4861 verl-

52 4903 123 4956 nota
137 4899 216 4968 suat,
236 4901 265 4953 et
281 4914 387 4970 magna
396 4914 463 4953 cum
472 4897 627 4952 dulcedine
638 4895 776 4951 omnibus
787 4896 887 4950 notill-
950 4897 1030 4965 tatis,
1048 4896 1113 4966 ipse
1129 4895 1260 4966 speciem
1275 4894 1460 4950 commendat
1482 4897 1511 4948 et
1524 4894 1668 4966 approbet
1685 4892 1786 4951 cbari-

55 4991 121 5043 cata
137 4989 223 5042 sunt:
240 5003 306 5059 quae
328 4989 356 5041 et
371 4987 520 5057 propriam
542 4985 652 5040 habent
675 4999 732 5057 qua
747 4984 895 5039 delectant
951 4987 1048 5039 tatem.
1060 4984 1127 5054 lpse
1138 4998 1278 5039 neumare
1294 4982 1410 5053 fatetur,
1429 4999 1517 5055 quam
1533 4982 1603 5039 fecit
1617 4983 1785 5056 amabilem,

54 5076 253 5146 dulcedinem,
263 5079 291 5130 ot
302 5091 340 5130 cx
350 5074 418 5147 ejus
430 5074 477 5128 cui
491 5075 647 5128 cantantur
662 5072 818 5128 dulcedine
828 5088 893 5126 am·
950 5076 979 5128 et
992 5073 1084 5127 amari
1099 5089 1133 5127 se
1148 5063 1292 5145 gloriatur
1307 5072 1343 5127 ab
1360 5087 1394 5127 ea
1415 5072 1462 5127 cui
1481 5072 1562 5128 dedit
1583 5072 1784 5130 dilectionem.

52 5164 179 5237 pliorem
196 5165 315 5235 cupiunt
339 5164 524 5218 suavitatem.
541 5162 608 5233 lpsa
624 5162 702 5217 enim
718 5164 779 5216 tota
795 5158 892 5216 dulcis
949 5161 1036 5217 Ores
1053 5160 1140 5216 miral
1158 5162 1224 5233 lpse
1241 5161 1320 5216 filius
1339 5161 1478 5217 matriset
1493 5177 1625 5233 sponsus
1639 5160 1779 5234 virginis,

57 5256 106 5308 est
128 5257 156 5307 et
179 5257 239 5308 tota
261 5253 374 5321 suavis,
399 5251 486 5307 unice
502 5250 626 5321 pulchra
649 5253 678 5305 et
702 5249 894 5322 singulariter
949 5251 1127 5322 integritatis
1142 5254 1288 5306 auctorat
1303 5249 1417 5306 tructus
1432 5249 1631 5325 fecunditatis.
1647 5246 1778 5319 lpsedi·

57 5342 342 5413 speciosa.Propter
357 5342 480 5396 hoctam
490 5340 893 5412 speciosrevirginispraeco-
949 5340 1054 5395 lectam
1069 5340 1176 5408 laudat,
1194 5340 1361 5409 speciosam
1375 5337 1719 5407 commcndat,·amicam
1732 5334 1780 5390 in-

59 5431 141 5487 nium
157 5431 314 5502 pulchrum
339 5446 408 5485 esse
425 5444 551 5484 necesse
567 5431 621 5498 est,
640 5429 670 5482 ia
687 5444 744 5500 quo
759 5429 894 5484 laudatur
948 5428 1029 5482 vitat.
1063 5426 1132 5483 Tota
1143 5426 1268 5499 pulabra
1284 5444 1326 5498 es,
1347 5428 1440 5483 amica
1458 5443 1534 5483 mea.
1554 5424 1578 5480 Ο
1596 5421 1781 5478 admirabilis

53 5520 172 5575 dilectae
193 5519 395 5589 pulchritudo,
418 5521 446 5573 et
471 5517 695 5572 commendatur
708 5517 893 5587 pulchraedi-
949 5516 1079 5572 amatori
1097 5532 1114 5572 o
1130 5517 1292 5589 singularis
1308 5515 1428 5573 doctori
1444 5515 1521 5581 Quid
1535 5509 1631 5569 dieisl
1652 5512 1720 5583 lpse
1734 5513 1782 5567 est
1807 5524 1812 5532 ·

55 5608 157 5664 lectio.
178 5608 246 5679 lpse
263 5623 396 5679 sponsus
411 5607 551 5683 virginis.
574 5607 638 5677 ipse
654 5606 836 5676 praeconium
851 5607 894 5661 di·
949 5606 1080 5677 genitrix
1094 5610 1153 5675 tua,
1171 5607 1236 5676 ipsa
1260 5607 1354 5660 amica
1376 5609 1435 5659 tua.
1457 5603 1494 5657 Et
1515 5598 1663 5674 quamcito
1686 5599 1781 5656 amica

54 5699 96 5755 cit
118 5697 309 5774 virginitatis,
339 5713 356 5751 a
383 5712 442 5772 quo
468 5695 583 5752 laudari
602 5697 682 5753 tento
713 5694 812 5769 majas
834 5697 892 5770 est,
949 5688 1782 5769 tuatNumgenitricemipsameredimuatuamaanicamt
