3796 6022
1618 222 1679 301 290

388 202 391 207 ’
423 230 479 299 na
501 236 663 301 aurona
685 222 899 299 consonis
922 234 976 299 ar
998 220 1205 299 srrnrrtts

56 456 255 495 ⁰s⁰⁸¹¹s³¹¹¹¹b
272 437 786 504 Qifflffllffiissfflssbifliffiafflffssum
803 417 832 480 Α
848 454 917 526 quia
941 471 999 508 non
1027 452 1145 521 delicit3
1169 453 1372 524 penetrabilis,
1388 453 1456 524 quia
1483 469 1543 509 non
1571 451 1680 510 fallitur

71 529 175 591 Deum,
192 529 285 599 prima
302 532 347 582 est
362 528 564 599 intelligentia,
577 543 644 598 quae
659 531 705 582 est
716 527 789 581 ratio

57 618 141 673 >riori
157 618 291 684 ior-rnatu,
308 617 376 687 rpuia
392 616 496 670 rationi
513 632 696 671 concurrens
718 631 790 670 con-

57 723 86 761 ιι·
100 706 259 776 praesentia
275 705 388 770 divina,
406 720 472 775 qum
489 721 610 759 sursum
626 704 790 759 informans

57 811 95 850 tm
112 794 181 849 iacit
196 794 448 864 sapientium,sive
465 793 700 865 intelligentiam,
713 791 791 846 sicut

57 883 271 939 atiodcorsum
287 882 450 936 informans
466 883 620 951 rationem,
635 881 790 936 seientiam

58 1077 98 1134 >do
116 1093 217 1133 sermo
231 1077 289 1131 Dei
304 1093 378 1131 arius
393 1081 449 1142 est,
467 1075 585 1130 seilicet
606 1075 729 1130 verbum
746 1075 790 1129 iu·

59 1155 138 1205 atum
150 1150 238 1213 ,·item
260 1149 288 1202 ri
294 1165 354 1218 rus,
368 1148 484 1211 atticas,
498 1147 708 1218 penetrabilis,
719 1153 787 1209 cte,

59 1220 170 1276 comodo
185 1221 280 1274 anima
296 1221 372 1274 nuda
384 1224 413 1274 et
425 1224 527 1290 aperta
543 1219 605 1272 sint
620 1218 682 1273 Deo
693 1238 702 1282 ,·
714 1224 743 1271 et
752 1218 789 1274 do

59 1291 155 1346 rdotie
170 1291 297 1346 Cimisti.

59 1377 88 1436 el
105 1379 220 1435 Iocutus
236 1385 281 1434 est
297 1378 377 1433 Deus
402 1376 495 1449 (Psal.
518 1376 588 1449 uxi),
608 1377 675 1448 qnia
697 1393 787 1430 unum

59 1484 80 1523 n
95 1469 207 1542 genuit,
225 1483 279 1538 per
294 1468 375 1539 quod
386 1466 483 1522 omnia
499 1466 577 1520 tecit.
589 1464 652 1520 Hoc
663 1465 787 1519 verbum

59 1555 187 1628 moejus
198 1556 281 1610 Unus
291 1558 337 1611 est
348 1572 420 1627 ergo
433 1571 532 1609 sermo
546 1555 606 1622 Dei,
617 1553 686 1625 quia
696 1569 786 1607 unum

60 1645 131 1700 bum
149 1645 211 1700 Dei.
223 1643 259 1698 Et
270 1644 336 1698 ideo
347 1661 417 1698 vere
429 1660 516 1712 unus,
530 1644 598 1714 quia
609 1642 784 1697 uniusuuus

63 1735 189 1789 atentias
217 1732 394 1803 multiplices
415 1749 473 1787 uon
490 1730 709 1802 complectitur,
730 1729 826 1797 sch

74 1822 201 1893 simplici
225 1822 317 1875 verbo
341 1825 573 1875 consummatur.
594 1819 690 1884 Quare
710 1834 783 1889 ergo

63 1911 94 1965 in
106 1911 235 1982 psalmo:
252 1909 513 1981 Utp'ustitieerisiu
524 1907 713 1963 sirrmauibus
725 1909 785 1960 tuis

61 2005 97 2071 a).
114 1999 148 2054 Et
163 1999 232 2053 alibi
251 2015 256 2052 :
282 1999 403 2053 Viritira
421 2016 466 2052 mc
491 2003 519 2051 ut
536 1997 698 2051 custodiam
714 2012 783 2050 scr-

64 2086 235 2158 tuostl’sat.
253 2089 365 2157 axam).
383 2087 412 2141 Si
429 2087 506 2140 enim
522 2102 591 2140 rere
615 2101 713 2139 sermo
732 2086 783 2139 ltei

62 2177 174 2245 editur,
188 2176 335 2248 quomodo
346 2176 427 2229 nuilti
437 2190 593 2229 sermones
604 2175 671 2246 ejus
680 2174 782 2228 dicuu-

62 2265 77 2321 d
91 2264 245 2320 sciendum
260 2269 306 2319 cst
321 2265 398 2337 quod
415 2265 499 2318 aliter
509 2280 562 2335 per
570 2263 721 2317 hominum
732 2279 783 2317 era

62 2370 77 2409 r
100 2354 190 2423 Deae,
213 2354 296 2408 aliter
313 2370 366 2425 per
385 2354 588 2424 senietipsum.
609 2352 683 2406 Nam
704 2352 783 2423 quod

62 2443 259 2498 rhominibus
276 2460 328 2515 per
339 2444 475 2498 homines
491 2441 632 2513 loquitur,
649 2441 705 2495 lioc
721 2441 783 2495 iere

69 2536 98 2589 et
127 2532 243 2587 Veteris
268 2537 295 2587 et
326 2531 403 2586 Novi
427 2530 608 2586 Testamenti
636 2529 783 2600 scriptura

63 2638 81 2678 r.
113 2622 256 2693 Loquitur
286 2637 358 2692 ergo
383 2620 463 2675 Deus
492 2635 545 2690 per
568 2619 715 2688 hominen,
742 2618 784 2672 lo·

68 2726 122 2783 per
149 2728 194 2781 se,
225 2709 333 2765 multos
364 2725 519 2764 sermones
548 2724 602 2779 per
631 2708 782 2778 homines,

63 2800 321 2870 tersemetipsum.
339 2798 396 2853 Sed
408 2813 613 2869 quoscumque
628 2797 784 2868 perhomi·

64 2904 85 2943 a
99 2888 229 2960 protulit,
246 2888 301 2942 iste
317 2904 394 2942 unus
411 2888 440 2941 in
453 2887 590 2941 omnibus
604 2886 664 2940 illis
680 2885 743 2954 tuit,
757 2887 785 2939 ct

67 2977 97 3033 iu
108 2978 164 3032 isto
176 2993 235 3032 uuo
252 2993 341 3032 unum
357 2981 435 3044 sunt,
447 2978 496 3047 qui
508 2977 572 3030 sine
583 2976 640 3029 isto
652 2974 784 3046 quolibet

66 3067 75 3123 l
96 3069 227 3137 tempore
243 3067 350 3136 prolati
371 3080 506 3119 essenon
517 3067 653 3135 possunt.
675 3063 783 3117 Videa-

65 3171 104 3229 go
119 3172 259 3227 magnum
274 3158 500 3224 sacramentum,
518 3153 640 3208 verbum
658 3153 710 3207 Dei
731 3153 785 3206 hu·

65 3261 144 3300 :arne
159 3246 309 3313 restitum,
335 3244 428 3298 semel
450 3243 568 3297 risibile
591 3242 735 3313 apparuit,
758 3244 786 3295 et

66 3335 176 3389 uotidie
193 3334 269 3388 idem
286 3335 383 3404 ipsum
400 3334 526 3386 lurumuo
543 3348 616 3386 voce
636 3332 785 3386 conditum

72 3424 161 3478 venit.
180 3422 215 3477 lb
231 3425 366 3493 quamvis
382 3422 466 3476 aliter
481 3436 535 3491 per
549 3437 677 3490 carnem,
699 3425 786 3492 atque

66 3529 103 3568 er
118 3529 222 3567 rocem
248 3513 403 3565 humanam
424 3508 593 3564 liominilius
610 3511 784 3579 innotescat,

66 3620 78 3656 r
93 3602 180 3657 modo
192 3605 288 3655 tamen
305 3602 352 3654 liic
368 3599 558 3671 intelligenda
571 3601 684 3652 cstvox
698 3598 788 3652 Verbi

66 3691 91 3746 'oi
105 3707 173 3745 caro
190 3691 252 3744 llei.
272 3690 486 3744 llurnauitatem
502 3688 610 3742 Christi
626 3689 694 3741 mati
711 3703 785 3759 quo-

67 3780 210 3836 inoreduli
226 3796 285 3834 non
301 3779 398 3833 solum
414 3778 524 3847 videre,
544 3777 692 3832 sedetiam
708 3778 785 3831 ocei-

67 3872 194 3925 ›tueruut
211 3885 218 3938 ς
244 3873 272 3923 ct
286 3868 382 3923 adhuc
399 3868 529 3938 qtiotidie
546 3882 713 3920 sermonem
735 3867 787 3920 ltei

67 3959 164 4015 idiunt
180 3963 208 4013 et
219 3961 418 4013 contemnunt.
437 3957 471 4011 Et
483 3955 729 4028 ‹lueinadmodum
746 3955 787 4008 illi

67 4064 102 4103 nn
118 4048 253 4102 occidere
268 4063 326 4100 nou
341 4049 565 4117 praesumerent,
583 4045 610 4098 si
628 4044 718 4099 Deum
739 4059 785 4098 co·

67 4151 100 4191 re
125 4137 301 4206 potuissent,
334 4137 372 4189 ita
395 4150 512 4206 quoque
538 4134 586 4187 isti
603 4148 787 4204 nequaquam

68 4224 158 4280 lisina
179 4226 276 4278 audita
290 4228 475 4295 respuerent,
492 4224 516 4276 si
533 4224 670 4277 virtutem
685 4239 787 4277 eorum

83 4328 191 4385 sapore
211 4318 332 4385 gustare
348 4312 489 4368 valerent.
507 4314 610 4367 Somno
627 4312 716 4383 igitur
734 4312 785 4365 Dei

68 4406 113 4474 ist,
129 4404 197 4474 quia
213 4405 270 4456 vita
287 4403 316 4456 in
333 4419 367 4457 eo
383 4406 437 4456 ost.
456 4402 487 4455 ln
503 4418 536 4456 ea
554 4401 630 4472 quod

69 4493 174 4562 ixeitat,
192 4493 219 4546 id
235 4493 314 4563 quod
329 4493 409 4546 intus
424 4495 469 4545 est
486 4508 537 4545 cor
548 4491 686 4544 viriiirat.
703 4490 735 4542 lu
751 4505 786 4543 eo

69 4581 179 4637 iuribus
204 4582 342 4651 illabitur,
366 4581 393 4634 id
409 4579 488 4651 quod
509 4580 590 4634 cordi
614 4580 784 4650 inspiratur.

69 4670 126 4726 aris
142 4674 188 4725 est
199 4672 313 4741 transit,
326 4670 402 4741 quod
416 4671 494 4723 intus
510 4672 555 4723 est
567 4669 786 4722 mutabilitatem

70 4758 226 4831 ipitQuod
238 4760 311 4814 soris
324 4762 468 4813 decursas
481 4759 638 4813 verberum
649 4758 785 4827 explicat,

70 4850 159 4905 eritas
175 4848 424 4903 incommutabilis
441 4849 538 4902 dietat.
557 4847 724 4918 Propterea,
741 4848 787 4900 in-

70 4939 146 4994 nium
162 4946 191 4993 ct
204 4945 286 4992 terra
303 4939 483 5001 transiliant,
505 4937 595 4991 rerba
612 4942 707 4991 autem
724 4953 787 4990 mea

71 5027 190 5083 usibunt
199 5028 280 5097 (Luc.
293 5030 365 5098 xxi).
377 5027 434 5081 Ubi
446 5028 611 5098 utiqueuon
621 5025 788 5079 transibunt

71 5117 189 5173 asitoria
204 5133 262 5171 uon
278 5120 356 5183 sunt,
370 5117 523 5187 quiasicut
537 5118 566 5170 in
583 5116 681 5170 multis
698 5131 788 5169 uuum

71 5223 79 5261 ι
100 5222 159 5262 non
174 5207 323 5275 dividitur,
340 5207 378 5259 ita
399 5206 487 5259 multa
504 5206 533 5260 in
549 5221 606 5260 uno
621 5205 713 5259 verbo
729 5218 788 5258 non

72 5312 116 5351 nr.

71 5368 164 5440 itaque
187 5368 222 5422 de
240 5381 378 5422 sermono
400 5366 451 5420 Dei
471 5365 601 5421 breviter
621 5363 786 5435 explicatis,

72 5458 183 5530 ,postoli
193 5458 287 5514 verba
297 5457 504 5529 inspiciamus:
521 5456 610 5511 Vivus
625 5460 672 5511 est
682 5453 786 5525 inquit,

72 5546 170 5608 Dolet
187 5546 298 5605 atdans
312 5552 341 5603 et
357 5544 579 5621 penetrabitior
594 5545 672 5602 omni
688 5542 788 5618 gladio

72 5637 360 5719 itHebr.rv).Vivus,
372 5637 441 5716 qnia
450 5652 510 5697 noa
519 5638 657 5712 mutata,
669 5633 785 5712 etfleax,

846 543 913 599 Non
925 544 1053 597 mutatur
1067 543 1095 595 in
1110 542 1271 612 promisso,
1288 558 1347 598 non
1362 541 1461 596 delicit
1471 543 1501 596 in
1516 540 1603 611 iacto,
1620 556 1680 597 non

847 630 956 685 tollitur
968 631 997 684 in
1006 629 1297 701 judicio.l³romissio
1306 629 1373 700 ejus
1382 630 1530 685 oblivione
1541 646 1601 685 noa
1615 644 1680 685 mo-

846 721 928 789 ritur,
946 734 1001 775 nee
1026 718 1185 773 intentione
1208 723 1344 774 mutatur.
1365 718 1501 789 Operatio
1516 719 1584 790 ejus
1600 718 1680 774 ‹litu-

845 809 951 864 cultate
960 824 1019 863 non
1029 807 1167 861 vincitur.
1179 807 1327 862 iudicium
1338 806 1405 878 ejus
1415 802 1605 878 ambiguitate
1619 822 1679 862 non

846 897 965 952 tollitur.
987 897 1139 952 veraciter
1148 897 1298 967 promittit,
1311 896 1426 952 fortiter
1441 895 1520 965 tacit,
1532 895 1681 951 subtiliter

844 985 996 1041 discernit.
1010 985 1104 1039 Vivus
1116 987 1162 1040 est
1172 1000 1271 1039 sermo
1282 984 1332 1038 Dei
1349 988 1379 1038 ut
1391 984 1506 1055 credas,
1517 983 1634 1053 eltlcax,
1646 987 1678 1039 ut

844 1090 959 1145 spereS,
976 1074 1187 1146 penetrabilior
1205 1077 1237 1128 ut
1251 1073 1365 1128 timeas.
1384 1072 1477 1127 Virus
1492 1076 1538 1128 est
1552 1073 1582 1126 in
1597 1087 1676 1144 pras-

844 1164 938 1234 oeptis
960 1167 988 1218 et
1010 1162 1269 1232 prohibitionibus,
1291 1162 1408 1229 efficax,
1426 1162 1455 1215 in
1475 1162 1632 1232 promissis
1647 1163 1677 1216 et

844 1252 1132 1319 comminationibus
1149 1251 1369 1322 penetrabilior,
1381 1250 1411 1305 in
1420 1249 1542 1321 judiciis
1557 1253 1585 1305 et
1595 1251 1675 1305 dam·

842 1341 1022 1396 nationibus.
1039 1340 1097 1396 Sed
1108 1341 1176 1411 quia
1187 1338 1297 1394 veritas
1306 1339 1534 1409 pruinissorum,
1543 1341 1572 1393 et
1580 1339 1676 1394 omni·

841 1431 970 1501 potantia
986 1446 1108 1500 operum
1123 1428 1191 1500 ejus
1206 1428 1352 1482 credenda
1368 1429 1566 1498 potiusquam
1580 1427 1677 1483 discu-

841 1519 938 1573 tienda
954 1522 1033 1585 sunt,
1046 1533 1112 1589 quan
1128 1518 1166 1572 sit
1175 1517 1323 1572 subtilitas
1332 1516 1512 1587 judiciorum
1523 1515 1591 1588 ejus
1602 1531 1675 1572 eon·

841 1606 1256 1670 sideremus.t'cnctral›iliar,
1269 1605 1414 1677 inquitest
1426 1606 1588 1660 sermoDei
1597 1606 1676 1662 omni

841 1695 941 1767 plantio
952 1697 1083 1767 ancipiti.
1096 1697 1269 1765 Ancepsest
1279 1694 1408 1766 gladius,
1420 1695 1471 1767 qui
1483 1711 1520 1750 ex
1530 1695 1674 1751 ambabus

841 1783 974 1855 partibus
997 1784 1108 1852 incidit,
1133 1785 1183 1855 qui
1207 1799 1274 1837 eum
1302 1783 1437 1855 infigitur
1451 1788 1609 1854 penetrans
1638 1797 1677 1838 ex

841 1877 964 1943 utraque
979 1875 1061 1943 parte
1076 1872 1208 1927 secundo
1223 1873 1301 1927 viam
1316 1871 1375 1927 sibi
1389 1872 1492 1942 aperit,
1510 1871 1559 1926 hic
1577 1873 1675 1927 tamen

840 1977 899 2016 non
915 1961 972 2015 nisi
990 1976 1107 2015 carnem
1122 1961 1240 2030 incidit,
1257 1960 1311 2014 sed
1327 1960 1379 2015 Dei
1394 1959 1512 2031 gladius
1536 1959 1674 2031 utrinque

840 2052 932 2118 secat,
948 2049 1016 2120 quio
1033 2051 1129 2119 potest
1144 2049 1270 2103 animam
1282 2054 1311 2103 et
1327 2063 1432 2118 corpus
1440 2047 1573 2118 perdere
1583 2047 1614 2100 in
1624 2062 1673 2118 ge·

840 2139 966 2193 treunam
982 2137 1062 2210 iguis
1078 2137 1198 2204 (ittarta.
1214 2139 1255 2207 x).
1273 2136 1341 2191 Sive
1355 2136 1386 2190 in
1397 2134 1520 2205 judiciis
1535 2135 1672 2206 utrinque

839 2230 931 2296 secat,
949 2229 1017 2298 quia
1030 2229 1184 2296 utrumque
1194 2225 1222 2278 di
1225 2224 1345 2296 judicat,
1359 2222 1469 2293 incidit,
1480 2226 1508 2279 et
1519 2223 1671 2280 discernit.

838 2314 1187 2388 SequiturzPertinpens
1195 2329 1283 2386 usquc
1293 2313 1330 2367 ad
1338 2313 1369 2368 di
1375 2313 1517 2368 visionem
1528 2312 1673 2368 animaene

837 2406 964 2478 spiritus
978 2402 1083 2474 (Hebr.
1100 2403 1152 2472 iv).
1168 2401 1200 2457 ln
1216 2417 1393 2474 unoquoque
1409 2402 1527 2457 homine
1539 2402 1674 2458 trissant

838 2511 917 2564 caro,
934 2494 1066 2566 spiritus,
1082 2495 1111 2547 et
1122 2507 1216 2546 meus.
1227 2492 1271 2545 Ad
1283 2507 1401 2547 carnem
1411 2491 1537 2562 pertinet
1547 2490 1674 2547 delecta·

837 2586 888 2654 tio,
897 2584 934 2639 ad
948 2582 1083 2654 spiritum
1100 2580 1252 2654 cogitatio,
1267 2580 1303 2635 ad
1312 2584 1439 2636 mentem
1451 2581 1602 2638 discretio.
1613 2581 1672 2636 De-

838 2673 954 2728 lectatio
969 2674 1014 2727 est
1025 2685 1162 2742 serpere,
1180 2670 1319 2742 cogitatio
1331 2668 1402 2741 Eva,
1416 2670 1556 2726 discretio
1567 2671 1671 2727 Artem.

839 2762 870 2817 ln
887 2761 1079 2817 delectatione
1095 2763 1142 2815 est
1156 2759 1627 2830 superfluitatiseoncupiscentia.
1639 2758 1673 2815 In

840 2851 1008 2923 cognitione
1024 2853 1070 2904 est
1088 2849 1278 2904 necessitatis
1294 2848 1488 2919 providentia.
1509 2848 1542 2903 ln
1557 2849 1673 2904 disere·
1748 2854 1755 2865 ¹

839 2943 917 2995 tione
926 2943 972 2995 est
986 2938 1119 2994 veritatis
1127 2937 1282 2992 sententia.
1293 2938 1452 2992 ltclectatio
1459 2937 1674 3007 providentiam

802 3031 961 3126 colitcutu
978 3027 1168 3083 necessitatis
1190 3026 1226 3080 ad
1248 3026 1479 3097 superfluitatem
1499 3026 1672 3097 precipitat.

842 3117 1028 3173 Providentia
1043 3116 1185 3171 rationem
1201 3131 1254 3187 per
1270 3115 1506 3185 compassionem
1522 3114 1672 3169 interioris

842 3207 988 3262 inclinata
1001 3205 1148 3261 sententia
1159 3204 1302 3259 veritatis.
1320 3204 1415 3257 Prima
1427 3203 1534 3257 divisio
1543 3202 1673 3259 estinter

842 3299 1009 3365 serpentem
1020 3298 1047 3349 et
1062 3294 1164 3363 Evam,
1180 3293 1237 3348 hoc
1252 3297 1296 3347 est
1308 3293 1384 3347 inter
1396 3292 1594 3348 carnalitatem
1608 3292 1674 3348 siva

842 3384 979 3454 animam,
989 3382 1035 3437 vel
1046 3382 1254 3437 animalitatem
1265 3386 1292 3436 et
1303 3383 1449 3452 spiritum,
1463 3382 1538 3437 inter
1553 3381 1677 3437 delecta·

841 3475 951 3528 tiouem
978 3475 1006 3526 et
1032 3472 1251 3543 cogitationem,
1282 3471 1358 3525 iuter
1386 3472 1617 3542 superfluitatem
1647 3474 1676 3527 et

841 3563 1059 3618 necessitatem.
1076 3561 1211 3614 Seeunla
1235 3560 1343 3614 divisio
1365 3563 1411 3614 cst
1432 3560 1508 3613 inter
1537 3559 1628 3615 Evam
1647 3563 1677 3616 et

841 3652 944 3721 Adam,
952 3650 1029 3704 inter
1037 3648 1245 3720 cogitationem
1257 3651 1286 3701 et
1296 3648 1496 3717 intentionem,
1504 3647 1551 3702 vel
1562 3648 1676 3704 disere·

841 3742 881 3797 tio
897 3741 972 3795 inter
982 3739 1167 3809 prudentiam
1183 3736 1281 3790 caruis
1297 3739 1325 3789 et
1341 3738 1516 3790 senteutiam
1531 3737 1675 3792 veritatis.

841 3833 944 3885 Sermo
960 3828 1046 3882 etiam
1072 3826 1124 3881 bei
1140 3824 1226 3897 quasi
1246 3825 1322 3878 inter
1341 3823 1468 3879 animam
1487 3828 1515 3879 ct
1539 3825 1677 3894 spiritum

842 3918 956 3986 dividit,
973 3915 1090 3987 quaudo
1107 3929 1226 3968 sacrum
1241 3913 1389 3984 eloquium
1401 3914 1499 3982 nobis,
1516 3929 1582 3985 quae
1603 3914 1680 3969 inter

844 4005 972 4061 carnalia
983 4007 1010 4059 et
1025 4003 1189 4074 spiritualia
1200 4002 1348 4057 desideria
1365 4005 1559 4075 repugnantia
1568 4003 1680 4059 babea-

843 4099 891 4151 tur
904 4092 1201 4163 ostenditsequitur:
1217 4093 1392 4163 Corripepum
1404 4109 1515 4166 piraque
1530 4101 1558 4147 ct
1573 4091 1683 4148 inadul-

843 4184 938 4240 larum
957 4182 1071 4254 (touta,
1094 4183 1123 4234 iil
1147 4185 1193 4236 est
1214 4183 1299 4235 ctiam
1323 4198 1418 4253 usque
1441 4184 1477 4237 nd
1502 4183 1680 4239 divisionem

844 4288 1020 4345 compagum
1029 4273 1057 4326 et
1068 4271 1261 4326 medullarum
1272 4271 1411 4343 pertingit
1422 4272 1485 4342 ipse
1503 4287 1602 4328 sermo
1614 4271 1677 4328 Dei.

649 4401 720 4455 soris
736 4417 786 4454 au·
803 4383 829 4444 D
844 4361 919 4427 Quid
939 4377 1009 4416 vera
1032 4377 1084 4432 per
1099 4377 1260 4433 compages
1279 4365 1308 4414 ot
1322 4360 1466 4415 medullas
1490 4361 1625 4431 accipere
1641 4360 1678 4415 da

845 4452 978 4519 beamus,
995 4451 1169 4520 explanatur
1184 4466 1251 4504 cum
1262 4450 1411 4504 subditur:
1423 4449 1637 4521 Cogitationem
1648 4453 1678 4503 et

845 4538 1678 4610 intentionum(ibid.}.t}ompagessuutcogitationes,me·

845 4630 933 4684 duliae
955 4629 1141 4684 intentiones.
1162 4629 1291 4682 Primum
1308 4626 1381 4681 toris
1400 4631 1468 4680 sulit
1483 4642 1571 4697 opera
1590 4627 1677 4697 quasi

845 4720 932 4788 cutis,
949 4717 1055 4773 deimlc
1070 4717 1223 4771 delectatio
1239 4716 1325 4786 quasi
1341 4732 1424 4786 coro,
1441 4715 1546 4769 deinde
1562 4716 1676 4787 eogita-

844 4809 941 4862 tiones
965 4806 1051 4878 quasi
1073 4822 1153 4874 ossa,
1171 4805 1276 4859 deinde
1299 4805 1421 4859 intentio
1436 4805 1522 4876 quasi
1538 4804 1674 4862 niodulla.

845 4899 926 4952 Sicut
937 4896 1013 4951 crutis
1023 4911 1139 4949 carnem
1152 4895 1233 4966 tegit,
1246 4894 1290 4948 sic
1303 4910 1392 4964 opera
1404 4893 1636 4966 delectationem,
1649 4897 1678 4951 et

845 4983 1676 5055 sicutossararuemfulciunt,siccogitatiouesdosideria

845 5077 986 5147 pascunt,
1005 5076 1034 5128 et
1049 5073 1126 5127 sieut
1147 5073 1283 5127 medullae
1299 5073 1421 5128 ossibus
1436 5073 1593 5130 interiores
1608 5077 1678 5130 sunt

846 5165 926 5219 sicin
935 5161 1164 5236 cogitationibus
1174 5161 1353 5218 intentiones
1364 5162 1463 5217 latent.
1475 5163 1677 5236 Cogitationes

846 5253 931 5309 etiam
955 5267 1116 5324 cornpeges
1140 5253 1292 5320 voc-antur,
1318 5253 1386 5323 quia
1401 5252 1617 5324 quodammodo
1636 5254 1684 5310 ita·

846 5342 993 5399 desideria
1007 5341 1172 5397 adinvicem
1181 5341 1317 5412 copulant
1327 5341 1404 5395 sicut
1414 5356 1573 5413 compages
1583 5357 1676 5398 mem-

845 5434 967 5488 brorum
982 5435 1063 5487 artus
1087 5431 1189 5504 ligant.
1206 5431 1356 5505 compago
1373 5430 1451 5485 enim
1466 5429 1679 5509 vinculum—est

846 5521 925 5598 quod
940 5520 1069 5579 mediana
1084 5523 1139 5594 est,
1156 5522 1184 5579 et
1197 5525 1329 5577 extrema
1345 5517 1508 5594 conjungit.
1524 5517 1561 5575 Et
1576 5518 1679 5576 simili·

845 5615 891 5674 ter
906 5609 1192 5693 cogitationesque
1206 5612 1283 5671 etex
1296 5607 1635 5688 desideriisnasonntur,
1650 5611 1679 5674 et
