<?xml version="1.0" encoding="UTF-8"?>
<!DOCTYPE html PUBLIC "-//W3C//DTD XHTML 1.0 Transitional//EN"
    "http://www.w3.org/TR/xhtml1/DTD/xhtml1-transitional.dtd">
<html xmlns="http://www.w3.org/1999/xhtml" xml:lang="en" lang="en">
 <head>
  <title>
</title>
<meta http-equiv="Content-Type" content="text/html;charset=utf-8" />
  <meta name='ocr-system' content='tesseract 3.04.00' />
  <meta name='ocr-capabilities' content='ocr_page ocr_carea ocr_par ocr_line ocrx_word'/>
</head>
<body>
  <div class='ocr_page' id='page_1' title='image "./patrologiaecurs28unkngoog_0418.png"; bbox 0 0 3816 6030; ppageno 0'>
   <div class='ocr_carea' id='block_1_1' title="bbox 50 324 1791 415">
    <p class='ocr_par' dir='ltr' id='par_1_1' title="bbox 50 324 1791 415">
     <span class='ocr_line' id='line_1_1' title="bbox 50 324 1791 415; baseline 0.005 -17"><span class='ocrx_word' id='word_1_1' title='bbox 50 339 121 415; x_wconf 75' lang='lat' dir='ltr'>,aas</span> <span class='ocrx_word' id='word_1_2' title='bbox 644 333 950 400; x_wconf 64' lang='lat' dir='ltr'>Misenumnam</span> <span class='ocrx_word' id='word_1_3' title='bbox 973 370 1010 381; x_wconf 93' lang='lat'><em>-</em></span> <span class='ocrx_word' id='word_1_4' title='bbox 1033 335 1112 399; x_wconf 84' lang='lat' dir='ltr'>ua.</span> <span class='ocrx_word' id='word_1_5' title='bbox 1138 324 1212 398; x_wconf 71' lang='lat' dir='ltr'>vh-</span> <span class='ocrx_word' id='word_1_6' title='bbox 1730 343 1791 407; x_wconf 82' lang='lat' dir='ltr'>aaa</span> 
     </span>
    </p>
   </div>
   <div class='ocr_carea' id='block_1_2' title="bbox 54 514 1790 2386">
    <p class='ocr_par' dir='ltr' id='par_1_2' title="bbox 54 514 1790 2386">
     <span class='ocr_line' id='line_1_2' title="bbox 54 514 1787 613; baseline 0 -16"><span class='ocrx_word' id='word_1_7' title='bbox 54 542 140 612; x_wconf 77' lang='lat' dir='ltr'>vitae,</span> <span class='ocrx_word' id='word_1_8' title='bbox 157 545 185 597; x_wconf 92' lang='lat' dir='ltr'>et</span> <span class='ocrx_word' id='word_1_9' title='bbox 199 542 284 613; x_wconf 90' lang='lat' dir='ltr'>quasi</span> <span class='ocrx_word' id='word_1_10' title='bbox 295 539 583 613; x_wconf 87' lang='lat' dir='ltr'>fulgormeridianus</span> <span class='ocrx_word' id='word_1_11' title='bbox 595 534 849 608; x_wconf 87' lang='lat' dir='ltr'>consurgetnobis</span> <span class='ocrx_word' id='word_1_12' title='bbox 860 532 897 588; x_wconf 87' lang='lat' dir='ltr'>ad</span> <span class='ocrx_word' id='word_1_13' title='bbox 911 514 942 578; x_wconf 79' lang='grc' dir='ltr'>Α</span> <span class='ocrx_word' id='word_1_14' title='bbox 956 533 1065 604; x_wconf 91' lang='lat' dir='ltr'>sepulti</span> <span class='ocrx_word' id='word_1_15' title='bbox 1071 535 1406 605; x_wconf 89' lang='lat' dir='ltr'>quibusdeditDomiaus</span> <span class='ocrx_word' id='word_1_16' title='bbox 1414 538 1667 596; x_wconf 88' lang='lat' dir='ltr'>desideriacordis</span> <span class='ocrx_word' id='word_1_17' title='bbox 1675 556 1787 598; x_wconf 90' lang='lat' dir='ltr'>eorum.</span> 
     </span>
     <span class='ocr_line' id='line_1_3' title="bbox 54 622 1788 703; baseline 0.001 -19"><span class='ocrx_word' id='word_1_18' title='bbox 54 646 227 703; x_wconf 79' lang='lat' dir='ltr'>vesperam.</span> <span class='ocrx_word' id='word_1_19' title='bbox 245 630 357 685; x_wconf 85' lang='lat' dir='ltr'>Etcum</span> <span class='ocrx_word' id='word_1_20' title='bbox 373 645 428 684; x_wconf 93' lang='lat' dir='ltr'>nos</span> <span class='ocrx_word' id='word_1_21' title='bbox 440 631 632 698; x_wconf 85' lang='lat' dir='ltr'>consumptos</span> <span class='ocrx_word' id='word_1_22' title='bbox 647 625 808 696; x_wconf 88' lang='lat' dir='ltr'>putaveris,</span> <span class='ocrx_word' id='word_1_23' title='bbox 821 624 897 678; x_wconf 92' lang='lat' dir='ltr'>orie·</span> <span class='ocrx_word' id='word_1_24' title='bbox 956 622 1075 677; x_wconf 88' lang='lat' dir='ltr'>Decima</span> <span class='ocrx_word' id='word_1_25' title='bbox 1091 624 1173 678; x_wconf 88' lang='lat' dir='ltr'>tertia</span> <span class='ocrx_word' id='word_1_26' title='bbox 1189 627 1344 681; x_wconf 77' lang='lat' dir='ltr'>mansione</span> <span class='ocrx_word' id='word_1_27' title='bbox 1360 628 1390 681; x_wconf 92' lang='lat' dir='ltr'>in</span> <span class='ocrx_word' id='word_1_28' title='bbox 1412 628 1492 682; x_wconf 82' lang='lat' dir='ltr'>exitu</span> <span class='ocrx_word' id='word_1_29' title='bbox 1508 628 1543 682; x_wconf 90' lang='lat' dir='ltr'>de</span> <span class='ocrx_word' id='word_1_30' title='bbox 1559 629 1691 701; x_wconf 85' lang='lat' dir='ltr'>AEgypto</span> <span class='ocrx_word' id='word_1_31' title='bbox 1705 646 1788 685; x_wconf 87' lang='lat' dir='ltr'>mur·</span> 
     </span>
     <span class='ocr_line' id='line_1_4' title="bbox 55 712 1786 790; baseline -0.001 -15"><span class='ocrx_word' id='word_1_32' title='bbox 55 736 129 774; x_wconf 88' lang='lat' dir='ltr'>mur</span> <span class='ocrx_word' id='word_1_33' title='bbox 142 723 174 775; x_wconf 90' lang='lat' dir='ltr'>ut</span> <span class='ocrx_word' id='word_1_34' title='bbox 189 719 305 788; x_wconf 79' lang='lat' dir='ltr'>lucifer,</span> <span class='ocrx_word' id='word_1_35' title='bbox 322 722 350 773; x_wconf 90' lang='lat' dir='ltr'>et</span> <span class='ocrx_word' id='word_1_36' title='bbox 362 718 493 773; x_wconf 75' lang='lat' dir='ltr'>tenebrae</span> <span class='ocrx_word' id='word_1_37' title='bbox 509 719 594 771; x_wconf 90' lang='lat' dir='ltr'>erunt</span> <span class='ocrx_word' id='word_1_38' title='bbox 608 716 686 769; x_wconf 88' lang='lat' dir='ltr'>siant</span> <span class='ocrx_word' id='word_1_39' title='bbox 699 712 851 768; x_wconf 90' lang='lat' dir='ltr'>meridies.</span> <span class='ocrx_word' id='word_1_40' title='bbox 953 712 1079 767; x_wconf 86' lang='lat' dir='ltr'>muravit</span> <span class='ocrx_word' id='word_1_41' title='bbox 1090 713 1217 782; x_wconf 90' lang='lat' dir='ltr'>populus</span> <span class='ocrx_word' id='word_1_42' title='bbox 1228 719 1330 768; x_wconf 90' lang='lat' dir='ltr'>contra</span> <span class='ocrx_word' id='word_1_43' title='bbox 1342 716 1498 770; x_wconf 88' lang='lat' dir='ltr'>Dominum</span> <span class='ocrx_word' id='word_1_44' title='bbox 1513 721 1639 772; x_wconf 86' lang='lat' dir='ltr'>suamet</span> <span class='ocrx_word' id='word_1_45' title='bbox 1651 719 1786 790; x_wconf 79' lang='lat' dir='ltr'>Moysen,</span> 
     </span>
     <span class='ocr_line' id='line_1_5' title="bbox 58 800 1790 879; baseline -0.001 -16"><span class='ocrx_word' id='word_1_46' title='bbox 58 809 128 863; x_wconf 80' lang='lat' dir='ltr'>Tria.</span> <span class='ocrx_word' id='word_1_47' title='bbox 146 809 241 863; x_wconf 84' lang='lat' dir='ltr'>XXV.</span> <span class='ocrx_word' id='word_1_48' title='bbox 254 808 298 862; x_wconf 88' lang='lat' dir='ltr'>De</span> <span class='ocrx_word' id='word_1_49' title='bbox 316 807 429 879; x_wconf 86' lang='lat' dir='ltr'>triplici</span> <span class='ocrx_word' id='word_1_50' title='bbox 449 805 652 876; x_wconf 76' lang='lat' dir='ltr'>descriptione</span> <span class='ocrx_word' id='word_1_51' title='bbox 673 803 710 858; x_wconf 77' lang='lat' dir='ltr'>acl</span> <span class='ocrx_word' id='word_1_52' title='bbox 721 800 897 873; x_wconf 73' lang='lat' dir='ltr'>conjuginm,</span> <span class='ocrx_word' id='word_1_53' title='bbox 953 800 1066 856; x_wconf 81' lang='lat' dir='ltr'>reversi</span> <span class='ocrx_word' id='word_1_54' title='bbox 1082 801 1160 855; x_wconf 90' lang='lat' dir='ltr'>enim</span> <span class='ocrx_word' id='word_1_55' title='bbox 1176 806 1245 857; x_wconf 89' lang='lat' dir='ltr'>sunt</span> <span class='ocrx_word' id='word_1_56' title='bbox 1260 804 1350 859; x_wconf 91' lang='lat' dir='ltr'>corde</span> <span class='ocrx_word' id='word_1_57' title='bbox 1367 805 1397 859; x_wconf 93' lang='lat' dir='ltr'>in</span> <span class='ocrx_word' id='word_1_58' title='bbox 1413 805 1577 876; x_wconf 86' lang='lat' dir='ltr'>AEgyptnm</span> <span class='ocrx_word' id='word_1_59' title='bbox 1592 808 1629 861; x_wconf 88' lang='lat' dir='ltr'>ud</span> <span class='ocrx_word' id='word_1_60' title='bbox 1640 807 1715 863; x_wconf 90' lang='lat' dir='ltr'>ollas</span> <span class='ocrx_word' id='word_1_61' title='bbox 1726 823 1790 862; x_wconf 89' lang='lat' dir='ltr'>cur-</span> 
     </span>
     <span class='ocr_line' id='line_1_6' title="bbox 180 890 1787 965; baseline 0 -13"><span class='ocrx_word' id='word_1_62' title='bbox 180 898 218 952; x_wconf 78' lang='lat' dir='ltr'>aal</span> <span class='ocrx_word' id='word_1_63' title='bbox 233 896 455 965; x_wconf 88' lang='lat' dir='ltr'>continentium,</span> <span class='ocrx_word' id='word_1_64' title='bbox 468 895 546 950; x_wconf 83' lang='lat' dir='ltr'>etad</span> <span class='ocrx_word' id='word_1_65' title='bbox 563 893 777 965; x_wconf 69' lang='lat' dir='ltr'>virginitatem.</span> <span class='ocrx_word' id='word_1_66' title='bbox 953 890 1044 958; x_wconf 90' lang='lat' dir='ltr'>nium,</span> <span class='ocrx_word' id='word_1_67' title='bbox 1057 906 1166 960; x_wconf 74' lang='lat' dir='ltr'>caepas,</span> <span class='ocrx_word' id='word_1_68' title='bbox 1179 891 1244 945; x_wconf 90' lang='lat' dir='ltr'>allia</span> <span class='ocrx_word' id='word_1_69' title='bbox 1256 896 1285 946; x_wconf 92' lang='lat' dir='ltr'>et</span> <span class='ocrx_word' id='word_1_70' title='bbox 1295 909 1437 963; x_wconf 80' lang='lat' dir='ltr'>pepones</span> <span class='ocrx_word' id='word_1_71' title='bbox 1451 894 1526 948; x_wconf 92' lang='lat' dir='ltr'>Num</span> <span class='ocrx_word' id='word_1_72' title='bbox 1536 896 1641 952; x_wconf 88' lang='lat' dir='ltr'>tertius</span> <span class='ocrx_word' id='word_1_73' title='bbox 1653 896 1787 952; x_wconf 89' lang='lat' dir='ltr'>decimus</span> 
     </span>
     <span class='ocr_line' id='line_1_7' title="bbox 104 980 1787 1055; baseline -0.001 -14"><span class='ocrx_word' id='word_1_74' title='bbox 104 980 900 1051; x_wconf 82' lang='lat' dir='ltr'>Utdescribereturuniversusorbis,etc.(Luc.n).Tri·</span> <span class='ocrx_word' id='word_1_75' title='bbox 953 980 1787 1055; x_wconf 87' lang='lat' dir='ltr'>numerus,primusaduodecimodoctrinaeapostolorum</span> 
     </span>
     <span class='ocr_line' id='line_1_8' title="bbox 58 1069 1785 1146; baseline -0.001 -16"><span class='ocrx_word' id='word_1_76' title='bbox 58 1075 187 1146; x_wconf 83' lang='lat' dir='ltr'>plexest</span> <span class='ocrx_word' id='word_1_77' title='bbox 198 1075 358 1144; x_wconf 78' lang='lat' dir='ltr'><strong>descriptio</strong></span> <span class='ocrx_word' id='word_1_78' title='bbox 370 1090 376 1128; x_wconf 94' lang='lat'>:</span> <span class='ocrx_word' id='word_1_79' title='bbox 389 1072 491 1127; x_wconf 80' lang='lat' dir='ltr'>Aliiad</span> <span class='ocrx_word' id='word_1_80' title='bbox 501 1069 743 1143; x_wconf 78' lang='lat' dir='ltr'>conjugium,alii</span> <span class='ocrx_word' id='word_1_81' title='bbox 754 1070 791 1123; x_wconf 91' lang='lat' dir='ltr'>ud</span> <span class='ocrx_word' id='word_1_82' title='bbox 803 1069 898 1123; x_wconf 86' lang='lat' dir='ltr'>conti·</span> <span class='ocrx_word' id='word_1_83' title='bbox 951 1069 1207 1138; x_wconf 87' lang='lat' dir='ltr'>trangressionem</span> <span class='ocrx_word' id='word_1_84' title='bbox 1222 1073 1311 1124; x_wconf 89' lang='lat' dir='ltr'>notat.</span> <span class='ocrx_word' id='word_1_85' title='bbox 1328 1071 1398 1125; x_wconf 82' lang='lat' dir='ltr'>lade</span> <span class='ocrx_word' id='word_1_86' title='bbox 1413 1071 1551 1127; x_wconf 90' lang='lat' dir='ltr'>Christus</span> <span class='ocrx_word' id='word_1_87' title='bbox 1567 1074 1653 1127; x_wconf 85' lang='lat' dir='ltr'>tertia</span> <span class='ocrx_word' id='word_1_88' title='bbox 1670 1073 1785 1128; x_wconf 86' lang='lat' dir='ltr'>decimu</span> 
     </span>
     <span class='ocr_line' id='line_1_9' title="bbox 59 1157 1788 1234; baseline -0.001 -16"><span class='ocrx_word' id='word_1_89' title='bbox 59 1165 202 1232; x_wconf 75' lang='lat' dir='ltr'>nentium,</span> <span class='ocrx_word' id='word_1_90' title='bbox 223 1163 272 1217; x_wconf 92' lang='lat' dir='ltr'>ulii</span> <span class='ocrx_word' id='word_1_91' title='bbox 297 1162 506 1217; x_wconf 90' lang='lat' dir='ltr'>describuntur</span> <span class='ocrx_word' id='word_1_92' title='bbox 519 1161 555 1214; x_wconf 91' lang='lat' dir='ltr'>ad</span> <span class='ocrx_word' id='word_1_93' title='bbox 571 1159 779 1231; x_wconf 88' lang='lat' dir='ltr'>virginitatem.</span> <span class='ocrx_word' id='word_1_94' title='bbox 797 1159 831 1213; x_wconf 92' lang='lat' dir='ltr'>ln</span> <span class='ocrx_word' id='word_1_95' title='bbox 850 1158 898 1212; x_wconf 89' lang='lat' dir='ltr'>his</span> <span class='ocrx_word' id='word_1_96' title='bbox 951 1157 1192 1228; x_wconf 83' lang='lat' dir='ltr'>transgrediens,</span> <span class='ocrx_word' id='word_1_97' title='bbox 1208 1158 1294 1212; x_wconf 89' lang='lat' dir='ltr'>tertia</span> <span class='ocrx_word' id='word_1_98' title='bbox 1314 1160 1428 1213; x_wconf 90' lang='lat' dir='ltr'>decima</span> <span class='ocrx_word' id='word_1_99' title='bbox 1444 1176 1554 1230; x_wconf 90' lang='lat' dir='ltr'>passus</span> <span class='ocrx_word' id='word_1_100' title='bbox 1570 1166 1626 1228; x_wconf 92' lang='lat' dir='ltr'>est,</span> <span class='ocrx_word' id='word_1_101' title='bbox 1637 1163 1788 1234; x_wconf 86' lang='lat' dir='ltr'>advespe-</span> 
     </span>
     <span class='ocr_line' id='line_1_10' title="bbox 56 1244 1785 1321; baseline 0 -15"><span class='ocrx_word' id='word_1_102' title='bbox 56 1252 159 1307; x_wconf 85' lang='lat' dir='ltr'>tribus</span> <span class='ocrx_word' id='word_1_103' title='bbox 183 1255 229 1307; x_wconf 90' lang='lat' dir='ltr'>est</span> <span class='ocrx_word' id='word_1_104' title='bbox 243 1254 303 1308; x_wconf 87' lang='lat' dir='ltr'>tota</span> <span class='ocrx_word' id='word_1_105' title='bbox 317 1251 477 1321; x_wconf 81' lang='lat' dir='ltr'>descriptio</span> <span class='ocrx_word' id='word_1_106' title='bbox 492 1249 602 1304; x_wconf 75' lang='lat' dir='ltr'>Christi</span> <span class='ocrx_word' id='word_1_107' title='bbox 623 1265 629 1303; x_wconf 81' lang='lat' dir='ltr'>z</span> <span class='ocrx_word' id='word_1_108' title='bbox 647 1248 697 1319; x_wconf 92' lang='lat' dir='ltr'>qui</span> <span class='ocrx_word' id='word_1_109' title='bbox 721 1263 780 1302; x_wconf 92' lang='lat' dir='ltr'>non</span> <span class='ocrx_word' id='word_1_110' title='bbox 800 1250 846 1301; x_wconf 91' lang='lat' dir='ltr'>est</span> <span class='ocrx_word' id='word_1_111' title='bbox 868 1247 898 1301; x_wconf 90' lang='lat' dir='ltr'>in</span> <span class='ocrx_word' id='word_1_112' title='bbox 951 1260 1014 1298; x_wconf 87' lang='lat' dir='ltr'>rum</span> <span class='ocrx_word' id='word_1_113' title='bbox 1030 1244 1100 1300; x_wconf 84' lang='lat' dir='ltr'>lecit</span> <span class='ocrx_word' id='word_1_114' title='bbox 1114 1262 1168 1315; x_wconf 91' lang='lat' dir='ltr'>pro</span> <span class='ocrx_word' id='word_1_115' title='bbox 1182 1247 1271 1301; x_wconf 91' lang='lat' dir='ltr'>nobis</span> <span class='ocrx_word' id='word_1_116' title='bbox 1284 1248 1465 1303; x_wconf 86' lang='lat' dir='ltr'>sacrificium</span> <span class='ocrx_word' id='word_1_117' title='bbox 1475 1251 1689 1320; x_wconf 82' lang='lat' dir='ltr'>vespertinum,</span> <span class='ocrx_word' id='word_1_118' title='bbox 1701 1255 1733 1305; x_wconf 88' lang='lat' dir='ltr'>ut</span> <span class='ocrx_word' id='word_1_119' title='bbox 1748 1251 1785 1308; x_wconf 91' lang='lat' dir='ltr'>de</span> 
     </span>
     <span class='ocr_line' id='line_1_11' title="bbox 56 1335 1787 1412; baseline 0 -17"><span class='ocrx_word' id='word_1_120' title='bbox 56 1341 159 1412; x_wconf 84' lang='lat' dir='ltr'>aliqua</span> <span class='ocrx_word' id='word_1_121' title='bbox 175 1341 308 1408; x_wconf 87' lang='lat' dir='ltr'>istarum,</span> <span class='ocrx_word' id='word_1_122' title='bbox 326 1356 384 1394; x_wconf 91' lang='lat' dir='ltr'>non</span> <span class='ocrx_word' id='word_1_123' title='bbox 399 1342 445 1394; x_wconf 89' lang='lat' dir='ltr'>est</span> <span class='ocrx_word' id='word_1_124' title='bbox 460 1339 581 1407; x_wconf 77' lang='lat' dir='ltr'>Christi,</span> <span class='ocrx_word' id='word_1_125' title='bbox 594 1338 647 1392; x_wconf 86' lang='lat' dir='ltr'>sed</span> <span class='ocrx_word' id='word_1_126' title='bbox 662 1337 761 1407; x_wconf 91' lang='lat' dir='ltr'>potius</span> <span class='ocrx_word' id='word_1_127' title='bbox 776 1335 812 1389; x_wconf 90' lang='lat' dir='ltr'>ad</span> <span class='ocrx_word' id='word_1_128' title='bbox 829 1351 898 1390; x_wconf 89' lang='lat' dir='ltr'>cen·</span> <span class='ocrx_word' id='word_1_129' title='bbox 951 1348 1077 1403; x_wconf 85' lang='lat' dir='ltr'>vespere</span> <span class='ocrx_word' id='word_1_130' title='bbox 1093 1336 1196 1390; x_wconf 91' lang='lat' dir='ltr'>mortis</span> <span class='ocrx_word' id='word_1_131' title='bbox 1212 1336 1334 1391; x_wconf 87' lang='lat' dir='ltr'>duceret</span> <span class='ocrx_word' id='word_1_132' title='bbox 1350 1352 1405 1392; x_wconf 93' lang='lat' dir='ltr'>nos</span> <span class='ocrx_word' id='word_1_133' title='bbox 1421 1338 1458 1391; x_wconf 92' lang='lat' dir='ltr'>ad</span> <span class='ocrx_word' id='word_1_134' title='bbox 1473 1339 1647 1393; x_wconf 89' lang='lat' dir='ltr'>matutinum</span> <span class='ocrx_word' id='word_1_135' title='bbox 1662 1340 1741 1394; x_wconf 77' lang='lat' dir='ltr'>vitm.</span> <span class='ocrx_word' id='word_1_136' title='bbox 1754 1340 1787 1396; x_wconf 91' lang='lat' dir='ltr'>ln</span> 
     </span>
     <span class='ocr_line' id='line_1_12' title="bbox 58 1421 1788 1499; baseline -0.001 -15"><span class='ocrx_word' id='word_1_137' title='bbox 58 1445 130 1484; x_wconf 89' lang='lat' dir='ltr'>sum</span> <span class='ocrx_word' id='word_1_138' title='bbox 143 1428 252 1484; x_wconf 87' lang='lat' dir='ltr'>diaboli</span> <span class='ocrx_word' id='word_1_139' title='bbox 263 1430 397 1499; x_wconf 87' lang='lat' dir='ltr'>pertinet.</span> <span class='ocrx_word' id='word_1_140' title='bbox 410 1424 898 1499; x_wconf 78' lang='lat' dir='ltr'>Conjugiumcomparaturtapeti-</span> <span class='ocrx_word' id='word_1_141' title='bbox 951 1421 1125 1493; x_wconf 84' lang='lat' dir='ltr'>hujusmodi</span> <span class='ocrx_word' id='word_1_142' title='bbox 1141 1425 1289 1494; x_wconf 84' lang='lat' dir='ltr'>sepulcris</span> <span class='ocrx_word' id='word_1_143' title='bbox 1315 1425 1423 1481; x_wconf 85' lang='lat' dir='ltr'>latebat</span> <span class='ocrx_word' id='word_1_144' title='bbox 1444 1428 1668 1498; x_wconf 74' lang='lat' dir='ltr'>quatriduanus</span> <span class='ocrx_word' id='word_1_145' title='bbox 1690 1428 1788 1483; x_wconf 90' lang='lat' dir='ltr'>Prima</span> 
     </span>
     <span class='ocr_line' id='line_1_13' title="bbox 58 1507 1788 1588; baseline 0 -16"><span class='ocrx_word' id='word_1_146' title='bbox 58 1517 130 1583; x_wconf 85' lang='lat' dir='ltr'>bus,</span> <span class='ocrx_word' id='word_1_147' title='bbox 143 1534 209 1588; x_wconf 82' lang='lat' dir='ltr'>quae</span> <span class='ocrx_word' id='word_1_148' title='bbox 219 1519 423 1587; x_wconf 87' lang='lat' dir='ltr'>superterram</span> <span class='ocrx_word' id='word_1_149' title='bbox 435 1507 641 1571; x_wconf 89' lang='lat' dir='ltr'>extenduntur.</span> <span class='ocrx_word' id='word_1_150' title='bbox 653 1513 838 1569; x_wconf 85' lang='lat' dir='ltr'>Continentia</span> <span class='ocrx_word' id='word_1_151' title='bbox 852 1516 899 1568; x_wconf 90' lang='lat' dir='ltr'>est</span> <span class='ocrx_word' id='word_1_152' title='bbox 951 1511 1016 1566; x_wconf 74' lang='lat' dir='ltr'>(lies</span> <span class='ocrx_word' id='word_1_153' title='bbox 1032 1513 1135 1566; x_wconf 88' lang='lat' dir='ltr'>mortis</span> <span class='ocrx_word' id='word_1_154' title='bbox 1151 1513 1289 1569; x_wconf 88' lang='lat' dir='ltr'>nativitas</span> <span class='ocrx_word' id='word_1_155' title='bbox 1305 1516 1452 1584; x_wconf 81' lang='lat' dir='ltr'>carnalis3</span> <span class='ocrx_word' id='word_1_156' title='bbox 1470 1517 1538 1586; x_wconf 91' lang='lat' dir='ltr'>quia</span> <span class='ocrx_word' id='word_1_157' title='bbox 1554 1516 1642 1571; x_wconf 91' lang='lat' dir='ltr'>homo</span> <span class='ocrx_word' id='word_1_158' title='bbox 1654 1517 1788 1572; x_wconf 90' lang='lat' dir='ltr'>nascitur</span> 
     </span>
     <span class='ocr_line' id='line_1_14' title="bbox 62 1599 1788 1677; baseline -0.002 -15"><span class='ocrx_word' id='word_1_159' title='bbox 62 1607 176 1662; x_wconf 87' lang='lat' dir='ltr'>cortina</span> <span class='ocrx_word' id='word_1_160' title='bbox 199 1606 369 1677; x_wconf 90' lang='lat' dir='ltr'>dependens</span> <span class='ocrx_word' id='word_1_161' title='bbox 394 1606 425 1660; x_wconf 90' lang='lat' dir='ltr'>in</span> <span class='ocrx_word' id='word_1_162' title='bbox 446 1606 567 1676; x_wconf 88' lang='lat' dir='ltr'>pariete.</span> <span class='ocrx_word' id='word_1_163' title='bbox 593 1604 754 1676; x_wconf 80' lang='lat' dir='ltr'>Virginitas</span> <span class='ocrx_word' id='word_1_164' title='bbox 781 1602 898 1674; x_wconf 89' lang='lat' dir='ltr'>regium</span> <span class='ocrx_word' id='word_1_165' title='bbox 951 1599 988 1653; x_wconf 87' lang='lat' dir='ltr'>ad</span> <span class='ocrx_word' id='word_1_166' title='bbox 1003 1600 1144 1668; x_wconf 90' lang='lat' dir='ltr'>laborem,</span> <span class='ocrx_word' id='word_1_167' title='bbox 1161 1602 1292 1671; x_wconf 90' lang='lat' dir='ltr'>repletus</span> <span class='ocrx_word' id='word_1_168' title='bbox 1307 1603 1407 1658; x_wconf 91' lang='lat' dir='ltr'>multis</span> <span class='ocrx_word' id='word_1_169' title='bbox 1422 1605 1564 1660; x_wconf 89' lang='lat' dir='ltr'>miseriis.</span> <span class='ocrx_word' id='word_1_170' title='bbox 1583 1604 1690 1660; x_wconf 86' lang='lat' dir='ltr'>Unde:</span> <span class='ocrx_word' id='word_1_171' title='bbox 1714 1604 1788 1671; x_wconf 86' lang='lat' dir='ltr'>Quis</span> 
     </span>
     <span class='ocr_line' id='line_1_15' title="bbox 63 1688 1786 1766; baseline 0 -18"><span class='ocrx_word' id='word_1_172' title='bbox 63 1695 183 1749; x_wconf 87' lang='lat' dir='ltr'>mantile</span> <span class='ocrx_word' id='word_1_173' title='bbox 199 1711 290 1765; x_wconf 89' lang='lat' dir='ltr'>supra</span> <span class='ocrx_word' id='word_1_174' title='bbox 303 1695 381 1766; x_wconf 91' lang='lat' dir='ltr'>quod</span> <span class='ocrx_word' id='word_1_175' title='bbox 397 1694 509 1749; x_wconf 81' lang='lat' dir='ltr'>fercula</span> <span class='ocrx_word' id='word_1_176' title='bbox 524 1695 682 1765; x_wconf 89' lang='lat' dir='ltr'>ponuntur.</span> <span class='ocrx_word' id='word_1_177' title='bbox 702 1691 833 1746; x_wconf 90' lang='lat' dir='ltr'>Primum</span> <span class='ocrx_word' id='word_1_178' title='bbox 852 1693 898 1745; x_wconf 90' lang='lat' dir='ltr'>est</span> <span class='ocrx_word' id='word_1_179' title='bbox 951 1704 998 1743; x_wconf 90' lang='lat' dir='ltr'>me</span> <span class='ocrx_word' id='word_1_180' title='bbox 1011 1688 1153 1744; x_wconf 81' lang='lat' dir='ltr'>liberabit</span> <span class='ocrx_word' id='word_1_181' title='bbox 1169 1690 1206 1744; x_wconf 82' lang='lat' dir='ltr'>da</span> <span class='ocrx_word' id='word_1_182' title='bbox 1221 1707 1345 1763; x_wconf 85' lang='lat' dir='ltr'>corpore</span> <span class='ocrx_word' id='word_1_183' title='bbox 1362 1693 1470 1747; x_wconf 86' lang='lat' dir='ltr'>mortis</span> <span class='ocrx_word' id='word_1_184' title='bbox 1485 1693 1592 1764; x_wconf 72' lang='lat' dir='ltr'>hayus?</span> <span class='ocrx_word' id='word_1_185' title='bbox 1610 1694 1705 1764; x_wconf 81' lang='lat' dir='ltr'>(Hom.</span> <span class='ocrx_word' id='word_1_186' title='bbox 1723 1695 1786 1763; x_wconf 84' lang='lat' dir='ltr'>vu).</span> 
     </span>
     <span class='ocr_line' id='line_1_16' title="bbox 63 1775 1787 1854; baseline -0.001 -16"><span class='ocrx_word' id='word_1_187' title='bbox 63 1782 122 1838; x_wconf 91' lang='lat' dir='ltr'>sub</span> <span class='ocrx_word' id='word_1_188' title='bbox 132 1783 258 1853; x_wconf 88' lang='lat' dir='ltr'>pedibus</span> <span class='ocrx_word' id='word_1_189' title='bbox 270 1784 364 1854; x_wconf 89' lang='lat' dir='ltr'>regis,</span> <span class='ocrx_word' id='word_1_190' title='bbox 373 1783 537 1837; x_wconf 89' lang='lat' dir='ltr'>secundum</span> <span class='ocrx_word' id='word_1_191' title='bbox 547 1775 578 1836; x_wconf 79' lang='lat' dir='ltr'>i&#39;n</span> <span class='ocrx_word' id='word_1_192' title='bbox 597 1783 768 1851; x_wconf 90' lang='lat' dir='ltr'>conspectu,</span> <span class='ocrx_word' id='word_1_193' title='bbox 779 1780 896 1834; x_wconf 89' lang='lat' dir='ltr'>tertium</span> <span class='ocrx_word' id='word_1_194' title='bbox 953 1776 1088 1832; x_wconf 83' lang='lat' dir='ltr'>Secunda</span> <span class='ocrx_word' id='word_1_195' title='bbox 1099 1782 1304 1851; x_wconf 79' lang='lat' dir='ltr'>transgressio</span> <span class='ocrx_word' id='word_1_196' title='bbox 1312 1781 1389 1853; x_wconf 90' lang='lat' dir='ltr'>legis</span> <span class='ocrx_word' id='word_1_197' title='bbox 1400 1782 1558 1852; x_wconf 71' lang='lat' dir='ltr'>naturalis,</span> <span class='ocrx_word' id='word_1_198' title='bbox 1570 1783 1655 1837; x_wconf 88' lang='lat' dir='ltr'>tertia</span> <span class='ocrx_word' id='word_1_199' title='bbox 1668 1783 1787 1853; x_wconf 86' lang='lat' dir='ltr'>scriptae</span> 
     </span>
     <span class='ocr_line' id='line_1_17' title="bbox 60 1865 1788 1943; baseline 0 -17"><span class='ocrx_word' id='word_1_200' title='bbox 60 1870 314 1943; x_wconf 80' lang='lat' dir='ltr'>juxturegemvel</span> <span class='ocrx_word' id='word_1_201' title='bbox 325 1873 413 1926; x_wconf 87' lang='lat' dir='ltr'>circa.</span> <span class='ocrx_word' id='word_1_202' title='bbox 424 1871 554 1926; x_wconf 86' lang='lat' dir='ltr'>Primum</span> <span class='ocrx_word' id='word_1_203' title='bbox 565 1871 601 1924; x_wconf 90' lang='lat' dir='ltr'>ad</span> <span class='ocrx_word' id='word_1_204' title='bbox 616 1886 713 1939; x_wconf 91' lang='lat' dir='ltr'>usum,</span> <span class='ocrx_word' id='word_1_205' title='bbox 732 1868 896 1924; x_wconf 88' lang='lat' dir='ltr'>seeundum</span> <span class='ocrx_word' id='word_1_206' title='bbox 953 1865 1047 1938; x_wconf 73' lang='lat' dir='ltr'>legis,</span> <span class='ocrx_word' id='word_1_207' title='bbox 1061 1872 1168 1941; x_wconf 79' lang='lat' dir='ltr'>quarta</span> <span class='ocrx_word' id='word_1_208' title='bbox 1183 1869 1258 1923; x_wconf 88' lang='lat' dir='ltr'>datae</span> <span class='ocrx_word' id='word_1_209' title='bbox 1280 1870 1395 1942; x_wconf 82' lang='lat' dir='ltr'>grutiae.</span> <span class='ocrx_word' id='word_1_210' title='bbox 1417 1871 1571 1942; x_wconf 80' lang='lat' dir='ltr'>Eceay&#39;am</span> <span class='ocrx_word' id='word_1_211' title='bbox 1591 1871 1678 1926; x_wconf 70' lang='lat' dir='ltr'>fetet.</span> <span class='ocrx_word' id='word_1_212' title='bbox 1701 1870 1788 1926; x_wconf 88' lang='lat' dir='ltr'>Hunc</span> 
     </span>
     <span class='ocr_line' id='line_1_18' title="bbox 62 1957 1787 2032; baseline -0.001 -17"><span class='ocrx_word' id='word_1_213' title='bbox 62 1959 704 2032; x_wconf 82' lang='lat' dir='ltr'>uddeleetationem,-tertiumuddignitatem.</span> <span class='ocrx_word' id='word_1_214' title='bbox 722 1958 852 2012; x_wconf 89' lang='lat' dir='ltr'>Primum</span> <span class='ocrx_word' id='word_1_215' title='bbox 866 1957 897 2009; x_wconf 91' lang='lat' dir='ltr'>in</span> <span class='ocrx_word' id='word_1_216' title='bbox 954 1957 1787 2032; x_wconf 77' lang='lat' dir='ltr'>tumenvoeatdeabyssisterrae.Unde:Deabysslsterrra</span> 
     </span>
     <span class='ocr_line' id='line_1_19' title="bbox 62 2044 1789 2119; baseline 0 -16"><span class='ocrx_word' id='word_1_217' title='bbox 62 2052 143 2103; x_wconf 89' lang='lat' dir='ltr'>terra</span> <span class='ocrx_word' id='word_1_218' title='bbox 157 2052 244 2104; x_wconf 88' lang='lat' dir='ltr'>terrae</span> <span class='ocrx_word' id='word_1_219' title='bbox 261 2050 381 2119; x_wconf 87' lang='lat' dir='ltr'>pulvere</span> <span class='ocrx_word' id='word_1_220' title='bbox 405 2049 595 2118; x_wconf 87' lang='lat' dir='ltr'>obfuscatur,</span> <span class='ocrx_word' id='word_1_221' title='bbox 621 2047 786 2102; x_wconf 90' lang='lat' dir='ltr'>secundum</span> <span class='ocrx_word' id='word_1_222' title='bbox 808 2061 898 2115; x_wconf 88' lang='lat' dir='ltr'>supra</span> <span class='ocrx_word' id='word_1_223' title='bbox 953 2044 1062 2098; x_wconf 89' lang='lat' dir='ltr'>iterum</span> <span class='ocrx_word' id='word_1_224' title='bbox 1070 2045 1223 2100; x_wconf 75' lang='lat' dir='ltr'>reduxisti</span> <span class='ocrx_word' id='word_1_225' title='bbox 1231 2046 1344 2117; x_wconf 87' lang='lat' dir='ltr'>me(Ps.</span> <span class='ocrx_word' id='word_1_226' title='bbox 1355 2051 1436 2118; x_wconf 79' lang='lat' dir='ltr'>axx).</span> <span class='ocrx_word' id='word_1_227' title='bbox 1446 2049 1545 2104; x_wconf 89' lang='lat' dir='ltr'>Primo</span> <span class='ocrx_word' id='word_1_228' title='bbox 1556 2050 1586 2103; x_wconf 93' lang='lat' dir='ltr'>in</span> <span class='ocrx_word' id='word_1_229' title='bbox 1596 2063 1731 2119; x_wconf 90' lang='lat' dir='ltr'>corpore,</span> <span class='ocrx_word' id='word_1_230' title='bbox 1739 2048 1789 2103; x_wconf 85' lang='lat' dir='ltr'>ite·</span> 
     </span>
     <span class='ocr_line' id='line_1_20' title="bbox 67 2134 1789 2209; baseline -0.001 -18"><span class='ocrx_word' id='word_1_231' title='bbox 67 2140 178 2192; x_wconf 87' lang='lat' dir='ltr'>terrum</span> <span class='ocrx_word' id='word_1_232' title='bbox 207 2142 379 2207; x_wconf 87' lang='lat' dir='ltr'>coronatur,</span> <span class='ocrx_word' id='word_1_233' title='bbox 404 2139 522 2193; x_wconf 84' lang='lat' dir='ltr'>tertium</span> <span class='ocrx_word' id='word_1_234' title='bbox 546 2136 678 2192; x_wconf 87' lang='lat' dir='ltr'>coelestia</span> <span class='ocrx_word' id='word_1_235' title='bbox 702 2136 839 2189; x_wconf 86' lang='lat' dir='ltr'>imitatur.</span> <span class='ocrx_word' id='word_1_236' title='bbox 866 2134 898 2188; x_wconf 92' lang='lat' dir='ltr'>ln</span> <span class='ocrx_word' id='word_1_237' title='bbox 952 2148 1018 2187; x_wconf 90' lang='lat' dir='ltr'>rum</span> <span class='ocrx_word' id='word_1_238' title='bbox 1031 2134 1179 2189; x_wconf 88' lang='lat' dir='ltr'>inanima.</span> <span class='ocrx_word' id='word_1_239' title='bbox 1192 2135 1291 2190; x_wconf 91' lang='lat' dir='ltr'>Primo</span> <span class='ocrx_word' id='word_1_240' title='bbox 1310 2137 1345 2191; x_wconf 88' lang='lat' dir='ltr'>de</span> <span class='ocrx_word' id='word_1_241' title='bbox 1357 2141 1479 2206; x_wconf 90' lang='lat' dir='ltr'>peccalo</span> <span class='ocrx_word' id='word_1_242' title='bbox 1492 2138 1646 2209; x_wconf 70' lang='lat' dir='ltr'>originali,</span> <span class='ocrx_word' id='word_1_243' title='bbox 1662 2136 1789 2191; x_wconf 90' lang='lat' dir='ltr'>interum</span> 
     </span>
     <span class='ocr_line' id='line_1_21' title="bbox 62 2221 1788 2298; baseline -0.001 -17"><span class='ocrx_word' id='word_1_244' title='bbox 62 2226 207 2298; x_wconf 79' lang='lat' dir='ltr'>conjugio</span> <span class='ocrx_word' id='word_1_245' title='bbox 222 2230 268 2281; x_wconf 89' lang='lat' dir='ltr'>est</span> <span class='ocrx_word' id='word_1_246' title='bbox 281 2228 433 2282; x_wconf 85' lang='lat' dir='ltr'>vinculum</span> <span class='ocrx_word' id='word_1_247' title='bbox 449 2227 572 2297; x_wconf 88' lang='lat' dir='ltr'>spiritus</span> <span class='ocrx_word' id='word_1_248' title='bbox 585 2225 896 2296; x_wconf 88' lang='lat' dir='ltr'>proptersocietatem,</span> <span class='ocrx_word' id='word_1_249' title='bbox 952 2221 988 2275; x_wconf 92' lang='lat' dir='ltr'>de</span> <span class='ocrx_word' id='word_1_250' title='bbox 999 2223 1116 2277; x_wconf 90' lang='lat' dir='ltr'>actuati.</span> <span class='ocrx_word' id='word_1_251' title='bbox 1136 2224 1234 2279; x_wconf 86' lang='lat' dir='ltr'>Primo</span> <span class='ocrx_word' id='word_1_252' title='bbox 1246 2226 1276 2279; x_wconf 91' lang='lat' dir='ltr'>in</span> <span class='ocrx_word' id='word_1_253' title='bbox 1287 2229 1314 2280; x_wconf 90' lang='lat' dir='ltr'>te</span> <span class='ocrx_word' id='word_1_254' title='bbox 1331 2227 1426 2296; x_wconf 88' lang='lat' dir='ltr'>capite</span> <span class='ocrx_word' id='word_1_255' title='bbox 1445 2230 1558 2296; x_wconf 89' lang='lat' dir='ltr'>nostro,</span> <span class='ocrx_word' id='word_1_256' title='bbox 1572 2243 1638 2281; x_wconf 90' lang='lat' dir='ltr'>cum</span> <span class='ocrx_word' id='word_1_257' title='bbox 1655 2228 1788 2280; x_wconf 89' lang='lat' dir='ltr'>naturum</span> 
     </span>
     <span class='ocr_line' id='line_1_22' title="bbox 60 2312 1787 2386; baseline -0.001 -17"><span class='ocrx_word' id='word_1_258' title='bbox 60 2330 139 2370; x_wconf 91' lang='lat' dir='ltr'>usus</span> <span class='ocrx_word' id='word_1_259' title='bbox 150 2315 507 2386; x_wconf 85' lang='lat' dir='ltr'>carnispropterprolem,</span> <span class='ocrx_word' id='word_1_260' title='bbox 520 2315 681 2369; x_wconf 81' lang='lat' dir='ltr'>moderatio</span> <span class='ocrx_word' id='word_1_261' title='bbox 693 2312 820 2368; x_wconf 89' lang='lat' dir='ltr'>oeruulis</span> <span class='ocrx_word' id='word_1_262' title='bbox 833 2328 900 2366; x_wconf 89' lang='lat' dir='ltr'>con·</span> <span class='ocrx_word' id='word_1_263' title='bbox 952 2313 1084 2366; x_wconf 84' lang='lat' dir='ltr'>nostrum</span> <span class='ocrx_word' id='word_1_264' title='bbox 1099 2312 1135 2367; x_wconf 91' lang='lat' dir='ltr'>du</span> <span class='ocrx_word' id='word_1_265' title='bbox 1150 2316 1244 2368; x_wconf 87' lang='lat' dir='ltr'>mortu</span> <span class='ocrx_word' id='word_1_266' title='bbox 1260 2314 1429 2384; x_wconf 75' lang='lat' dir='ltr'>suscitasti3</span> <span class='ocrx_word' id='word_1_267' title='bbox 1451 2316 1556 2370; x_wconf 89' lang='lat' dir='ltr'>iterum</span> <span class='ocrx_word' id='word_1_268' title='bbox 1576 2316 1607 2369; x_wconf 92' lang='lat' dir='ltr'>in</span> <span class='ocrx_word' id='word_1_269' title='bbox 1627 2313 1787 2382; x_wconf 89' lang='lat' dir='ltr'>membris,</span> 
     </span>
    </p>
   </div>
   <div class='ocr_carea' id='block_1_3' title="bbox 61 2401 1878 2481">
    <p class='ocr_par' dir='ltr' id='par_1_3' title="bbox 61 2401 1878 2481">
     <span class='ocr_line' id='line_1_23' title="bbox 61 2401 1878 2481; baseline -0.001 -23"><span class='ocrx_word' id='word_1_270' title='bbox 61 2403 508 2474; x_wconf 90' lang='lat' dir='ltr'>sortiiproptersuscipiendum</span> <span class='ocrx_word' id='word_1_271' title='bbox 518 2402 743 2473; x_wconf 90' lang='lat' dir='ltr'>corpusChristi</span> <span class='ocrx_word' id='word_1_272' title='bbox 755 2401 899 2456; x_wconf 88' lang='lat' dir='ltr'>etorutio-</span> <span class='ocrx_word' id='word_1_273' title='bbox 953 2414 1020 2454; x_wconf 90' lang='lat' dir='ltr'>cum</span> <span class='ocrx_word' id='word_1_274' title='bbox 1035 2416 1090 2455; x_wconf 90' lang='lat' dir='ltr'>nos</span> <span class='ocrx_word' id='word_1_275' title='bbox 1106 2404 1200 2456; x_wconf 91' lang='lat' dir='ltr'>morte</span> <span class='ocrx_word' id='word_1_276' title='bbox 1216 2403 1327 2472; x_wconf 88' lang='lat' dir='ltr'>peceati</span> <span class='ocrx_word' id='word_1_277' title='bbox 1342 2404 1486 2459; x_wconf 88' lang='lat' dir='ltr'>liberasti.</span> <span class='ocrx_word' id='word_1_278' title='bbox 1505 2404 1603 2459; x_wconf 86' lang='lat' dir='ltr'>Semel</span> <span class='ocrx_word' id='word_1_279' title='bbox 1619 2404 1722 2474; x_wconf 92' lang='lat' dir='ltr'>inspe,</span> <span class='ocrx_word' id='word_1_280' title='bbox 1736 2403 1789 2458; x_wconf 90' lang='lat' dir='ltr'>ite·</span> <span class='ocrx_word' id='word_1_281' title='bbox 1875 2477 1878 2481; x_wconf 88' lang='lat'>.</span> 
     </span>
    </p>
   </div>
   <div class='ocr_carea' id='block_1_4' title="bbox 52 2490 1790 5773">
    <p class='ocr_par' dir='ltr' id='par_1_4' title="bbox 52 2490 1790 5773">
     <span class='ocr_line' id='line_1_24' title="bbox 60 2490 1789 2565; baseline -0.001 -19"><span class='ocrx_word' id='word_1_282' title='bbox 60 2507 141 2546; x_wconf 88' lang='lat' dir='ltr'>nem.</span> <span class='ocrx_word' id='word_1_283' title='bbox 157 2492 323 2548; x_wconf 81' lang='lat' dir='ltr'>Fornicatio</span> <span class='ocrx_word' id='word_1_284' title='bbox 345 2496 391 2547; x_wconf 89' lang='lat' dir='ltr'>est</span> <span class='ocrx_word' id='word_1_285' title='bbox 413 2493 493 2565; x_wconf 86' lang='lat' dir='ltr'>ignis</span> <span class='ocrx_word' id='word_1_286' title='bbox 518 2492 707 2560; x_wconf 88' lang='lat' dir='ltr'>comburens,</span> <span class='ocrx_word' id='word_1_287' title='bbox 725 2490 899 2562; x_wconf 83' lang='lat' dir='ltr'>conjugium</span> <span class='ocrx_word' id='word_1_288' title='bbox 953 2505 1019 2543; x_wconf 89' lang='lat' dir='ltr'>rum</span> <span class='ocrx_word' id='word_1_289' title='bbox 1029 2491 1059 2544; x_wconf 93' lang='lat' dir='ltr'>in</span> <span class='ocrx_word' id='word_1_290' title='bbox 1068 2505 1101 2544; x_wconf 91' lang='lat' dir='ltr'>re</span> <span class='ocrx_word' id='word_1_291' title='bbox 1111 2491 1147 2545; x_wconf 90' lang='lat' dir='ltr'>de</span> <span class='ocrx_word' id='word_1_292' title='bbox 1158 2491 1278 2562; x_wconf 78' lang='lat' dir='ltr'>abyssis</span> <span class='ocrx_word' id='word_1_293' title='bbox 1288 2496 1375 2547; x_wconf 88' lang='lat' dir='ltr'>tarrae</span> <span class='ocrx_word' id='word_1_294' title='bbox 1386 2494 1423 2546; x_wconf 85' lang='lat' dir='ltr'>ad</span> <span class='ocrx_word' id='word_1_295' title='bbox 1434 2494 1579 2564; x_wconf 86' lang='lat' dir='ltr'>abyssum</span> <span class='ocrx_word' id='word_1_296' title='bbox 1591 2492 1656 2547; x_wconf 86' lang='lat' dir='ltr'>coeli</span> <span class='ocrx_word' id='word_1_297' title='bbox 1671 2491 1789 2546; x_wconf 86' lang='lat' dir='ltr'>reduxi·</span> 
     </span>
     <span class='ocr_line' id='line_1_25' title="bbox 59 2579 1786 2655; baseline -0.001 -20"><span class='ocrx_word' id='word_1_298' title='bbox 59 2581 144 2652; x_wconf 89' lang='lat' dir='ltr'>ignis</span> <span class='ocrx_word' id='word_1_299' title='bbox 153 2581 342 2652; x_wconf 79' lang='lat' dir='ltr'>calefaciens,</span> <span class='ocrx_word' id='word_1_300' title='bbox 353 2582 510 2655; x_wconf 87' lang='lat' dir='ltr'>virginitas</span> <span class='ocrx_word' id='word_1_301' title='bbox 524 2582 605 2654; x_wconf 87' lang='lat' dir='ltr'>ignis</span> <span class='ocrx_word' id='word_1_302' title='bbox 616 2581 730 2646; x_wconf 87' lang='lat' dir='ltr'>lucens,</span> <span class='ocrx_word' id='word_1_303' title='bbox 744 2583 772 2634; x_wconf 89' lang='lat' dir='ltr'>et</span> <span class='ocrx_word' id='word_1_304' title='bbox 781 2580 899 2634; x_wconf 89' lang='lat' dir='ltr'>levitate</span> <span class='ocrx_word' id='word_1_305' title='bbox 952 2579 1001 2632; x_wconf 87' lang='lat' dir='ltr'>sti.</span> <span class='ocrx_word' id='word_1_306' title='bbox 1019 2579 1092 2633; x_wconf 89' lang='lat' dir='ltr'>Tres</span> <span class='ocrx_word' id='word_1_307' title='bbox 1108 2583 1205 2634; x_wconf 89' lang='lat' dir='ltr'>autem</span> <span class='ocrx_word' id='word_1_308' title='bbox 1221 2585 1290 2635; x_wconf 90' lang='lat' dir='ltr'>sunt</span> <span class='ocrx_word' id='word_1_309' title='bbox 1303 2581 1405 2652; x_wconf 89' lang='lat' dir='ltr'>abyssi</span> <span class='ocrx_word' id='word_1_310' title='bbox 1419 2582 1497 2651; x_wconf 77' lang='lat' dir='ltr'>vitae,</span> <span class='ocrx_word' id='word_1_311' title='bbox 1515 2582 1610 2652; x_wconf 89' lang='lat' dir='ltr'>prima</span> <span class='ocrx_word' id='word_1_312' title='bbox 1624 2580 1786 2652; x_wconf 78' lang='lat' dir='ltr'>profunda,</span> 
     </span>
     <span class='ocr_line' id='line_1_26' title="bbox 60 2669 1790 2744; baseline 0 -20"><span class='ocrx_word' id='word_1_313' title='bbox 60 2684 97 2724; x_wconf 89' lang='lat' dir='ltr'>se</span> <span class='ocrx_word' id='word_1_314' title='bbox 113 2670 150 2724; x_wconf 92' lang='lat' dir='ltr'>ud</span> <span class='ocrx_word' id='word_1_315' title='bbox 165 2670 222 2724; x_wconf 84' lang='lat' dir='ltr'>ulta</span> <span class='ocrx_word' id='word_1_316' title='bbox 236 2687 347 2726; x_wconf 90' lang='lat' dir='ltr'>acuens</span> <span class='ocrx_word' id='word_1_317' title='bbox 362 2688 396 2726; x_wconf 90' lang='lat' dir='ltr'>uc</span> <span class='ocrx_word' id='word_1_318' title='bbox 410 2688 516 2744; x_wconf 88' lang='lat' dir='ltr'>agens.</span> <span class='ocrx_word' id='word_1_319' title='bbox 528 2671 672 2726; x_wconf 90' lang='lat' dir='ltr'>Nostrum</span> <span class='ocrx_word' id='word_1_320' title='bbox 687 2669 778 2742; x_wconf 90' lang='lat' dir='ltr'>igitur</span> <span class='ocrx_word' id='word_1_321' title='bbox 792 2670 839 2723; x_wconf 88' lang='lat' dir='ltr'>est</span> <span class='ocrx_word' id='word_1_322' title='bbox 850 2669 900 2722; x_wconf 89' lang='lat' dir='ltr'>aut</span> <span class='ocrx_word' id='word_1_323' title='bbox 953 2669 1084 2722; x_wconf 88' lang='lat' dir='ltr'>secunda</span> <span class='ocrx_word' id='word_1_324' title='bbox 1093 2669 1278 2740; x_wconf 80' lang='lat' dir='ltr'>profundior,</span> <span class='ocrx_word' id='word_1_325' title='bbox 1288 2671 1373 2725; x_wconf 89' lang='lat' dir='ltr'>tertia</span> <span class='ocrx_word' id='word_1_326' title='bbox 1381 2672 1624 2742; x_wconf 82' lang='lat' dir='ltr'>profundissima.</span> <span class='ocrx_word' id='word_1_327' title='bbox 1634 2673 1790 2726; x_wconf 86' lang='lat' dir='ltr'>Peccatum</span> 
     </span>
     <span class='ocr_line' id='line_1_27' title="bbox 59 2757 1790 2830; baseline 0.001 -17"><span class='ocrx_word' id='word_1_328' title='bbox 59 2759 161 2828; x_wconf 87' lang='lat' dir='ltr'>perire</span> <span class='ocrx_word' id='word_1_329' title='bbox 177 2760 324 2827; x_wconf 88' lang='lat' dir='ltr'>incendio,</span> <span class='ocrx_word' id='word_1_330' title='bbox 341 2764 390 2815; x_wconf 90' lang='lat' dir='ltr'>aut</span> <span class='ocrx_word' id='word_1_331' title='bbox 404 2761 530 2816; x_wconf 88' lang='lat' dir='ltr'>evadere</span> <span class='ocrx_word' id='word_1_332' title='bbox 546 2760 687 2816; x_wconf 88' lang='lat' dir='ltr'>remedio.</span> <span class='ocrx_word' id='word_1_333' title='bbox 952 2757 984 2811; x_wconf 92' lang='lat' dir='ltr'>in</span> <span class='ocrx_word' id='word_1_334' title='bbox 1000 2758 1190 2830; x_wconf 77' lang='lat' dir='ltr'>cogitatione,</span> <span class='ocrx_word' id='word_1_335' title='bbox 1208 2761 1389 2829; x_wconf 90' lang='lat' dir='ltr'>operatione,</span> <span class='ocrx_word' id='word_1_336' title='bbox 1408 2761 1632 2816; x_wconf 86' lang='lat' dir='ltr'>consuetudine.</span> <span class='ocrx_word' id='word_1_337' title='bbox 1655 2761 1790 2815; x_wconf 87' lang='lat' dir='ltr'>Mortuus</span> 
     </span>
     <span class='ocr_line' id='line_1_28' title="bbox 61 2846 1789 2920; baseline 0.002 -20"><span class='ocrx_word' id='word_1_338' title='bbox 61 2847 127 2901; x_wconf 81' lang='lat' dir='ltr'>Tm.</span> <span class='ocrx_word' id='word_1_339' title='bbox 141 2848 248 2903; x_wconf 81' lang='lat' dir='ltr'>XXVI.</span> <span class='ocrx_word' id='word_1_340' title='bbox 258 2850 300 2904; x_wconf 87' lang='lat' dir='ltr'>De</span> <span class='ocrx_word' id='word_1_341' title='bbox 314 2851 467 2905; x_wconf 80' lang='lat' dir='ltr'>vocatione</span> <span class='ocrx_word' id='word_1_342' title='bbox 476 2850 585 2905; x_wconf 75' lang='lat' dir='ltr'>Lazari</span> <span class='ocrx_word' id='word_1_343' title='bbox 599 2846 782 2920; x_wconf 88' lang='lat' dir='ltr'>insepulcro,</span> <span class='ocrx_word' id='word_1_344' title='bbox 800 2862 898 2901; x_wconf 87' lang='lat' dir='ltr'>mora·</span> <span class='ocrx_word' id='word_1_345' title='bbox 953 2846 984 2901; x_wconf 91' lang='lat' dir='ltr'>in</span> <span class='ocrx_word' id='word_1_346' title='bbox 999 2846 1097 2916; x_wconf 91' lang='lat' dir='ltr'>domo,</span> <span class='ocrx_word' id='word_1_347' title='bbox 1113 2848 1144 2901; x_wconf 92' lang='lat' dir='ltr'>in</span> <span class='ocrx_word' id='word_1_348' title='bbox 1162 2853 1256 2917; x_wconf 89' lang='lat' dir='ltr'>portu,</span> <span class='ocrx_word' id='word_1_349' title='bbox 1277 2849 1373 2904; x_wconf 81' lang='lat' dir='ltr'>fetens</span> <span class='ocrx_word' id='word_1_350' title='bbox 1390 2851 1420 2903; x_wconf 92' lang='lat' dir='ltr'>in</span> <span class='ocrx_word' id='word_1_351' title='bbox 1432 2850 1590 2920; x_wconf 88' lang='lat' dir='ltr'>sepulcris.</span> <span class='ocrx_word' id='word_1_352' title='bbox 1605 2850 1649 2905; x_wconf 83' lang='lat' dir='ltr'>Ab</span> <span class='ocrx_word' id='word_1_353' title='bbox 1665 2850 1720 2904; x_wconf 89' lang='lat' dir='ltr'>huc</span> <span class='ocrx_word' id='word_1_354' title='bbox 1735 2849 1789 2904; x_wconf 87' lang='lat' dir='ltr'>tri-</span> 
     </span>
     <span class='ocr_line' id='line_1_29' title="bbox 98 2935 1789 3011; baseline 0.003 -22"><span class='ocrx_word' id='word_1_355' title='bbox 98 2935 173 2992; x_wconf 90' lang='lat' dir='ltr'>liter</span> <span class='ocrx_word' id='word_1_356' title='bbox 181 2937 338 2994; x_wconf 82' lang='lat' dir='ltr'>alludendo</span> <span class='ocrx_word' id='word_1_357' title='bbox 343 2939 441 3011; x_wconf 89' lang='lat' dir='ltr'>primo</span> <span class='ocrx_word' id='word_1_358' title='bbox 449 2940 487 2995; x_wconf 79' lang='lat' dir='ltr'>acl</span> <span class='ocrx_word' id='word_1_359' title='bbox 497 2940 551 2994; x_wconf 90' lang='lat' dir='ltr'>boc</span> <span class='ocrx_word' id='word_1_360' title='bbox 558 2939 632 3011; x_wconf 83' lang='lat' dir='ltr'>quod</span> <span class='ocrx_word' id='word_1_361' title='bbox 643 2960 653 2988; x_wconf 79' lang='lat' dir='ltr'>a</span> <span class='ocrx_word' id='word_1_362' title='bbox 667 2938 796 3010; x_wconf 81' lang='lat' dir='ltr'>abyssus</span> <span class='ocrx_word' id='word_1_363' title='bbox 809 2937 898 3008; x_wconf 89' lang='lat' dir='ltr'>abys-</span> <span class='ocrx_word' id='word_1_364' title='bbox 952 2937 1022 3006; x_wconf 89' lang='lat' dir='ltr'>plici</span> <span class='ocrx_word' id='word_1_365' title='bbox 1033 2937 1144 3009; x_wconf 89' lang='lat' dir='ltr'>abysso</span> <span class='ocrx_word' id='word_1_366' title='bbox 1154 2939 1284 3008; x_wconf 92' lang='lat' dir='ltr'>postulat</span> <span class='ocrx_word' id='word_1_367' title='bbox 1294 2939 1416 2993; x_wconf 88' lang='lat' dir='ltr'>liberari</span> <span class='ocrx_word' id='word_1_368' title='bbox 1427 2938 1586 3009; x_wconf 85' lang='lat' dir='ltr'>Propheta:</span> <span class='ocrx_word' id='word_1_369' title='bbox 1599 2938 1667 2994; x_wconf 90' lang='lat' dir='ltr'>Non</span> <span class='ocrx_word' id='word_1_370' title='bbox 1680 2954 1726 2993; x_wconf 88' lang='lat' dir='ltr'>me</span> <span class='ocrx_word' id='word_1_371' title='bbox 1736 2939 1789 2994; x_wconf 77' lang='lat' dir='ltr'>tle-</span> 
     </span>
     <span class='ocr_line' id='line_1_30' title="bbox 100 3027 1790 3100; baseline 0.001 -21"><span class='ocrx_word' id='word_1_372' title='bbox 100 3042 164 3080; x_wconf 90' lang='lat' dir='ltr'>sum</span> <span class='ocrx_word' id='word_1_373' title='bbox 176 3027 308 3093; x_wconf 70' lang='lat' dir='ltr'>invocat·</span> <span class='ocrx_word' id='word_1_374' title='bbox 322 3052 332 3078; x_wconf 69' lang='lat' dir='ltr'>a</span> <span class='ocrx_word' id='word_1_375' title='bbox 345 3028 454 3085; x_wconf 84' lang='lat' dir='ltr'>cleimle</span> <span class='ocrx_word' id='word_1_376' title='bbox 465 3030 502 3084; x_wconf 84' lang='lat' dir='ltr'>de</span> <span class='ocrx_word' id='word_1_377' title='bbox 515 3030 605 3084; x_wconf 86' lang='lat' dir='ltr'>tertia</span> <span class='ocrx_word' id='word_1_378' title='bbox 617 3029 731 3084; x_wconf 84' lang='lat' dir='ltr'>decimu</span> <span class='ocrx_word' id='word_1_379' title='bbox 742 3027 897 3083; x_wconf 82' lang='lat' dir='ltr'>mansione</span> <span class='ocrx_word' id='word_1_380' title='bbox 954 3033 1080 3099; x_wconf 82' lang='lat' dir='ltr'>marput,</span> <span class='ocrx_word' id='word_1_381' title='bbox 1092 3028 1196 3098; x_wconf 91' lang='lat' dir='ltr'>inquit,</span> <span class='ocrx_word' id='word_1_382' title='bbox 1211 3033 1373 3099; x_wconf 87' lang='lat' dir='ltr'>tempestus</span> <span class='ocrx_word' id='word_1_383' title='bbox 1383 3045 1473 3100; x_wconf 82' lang='lat' dir='ltr'>aquae,</span> <span class='ocrx_word' id='word_1_384' title='bbox 1485 3029 1667 3100; x_wconf 90' lang='lat' dir='ltr'>perinquam</span> <span class='ocrx_word' id='word_1_385' title='bbox 1679 3028 1790 3099; x_wconf 88' lang='lat' dir='ltr'>cogita·</span> 
     </span>
     <span class='ocr_line' id='line_1_31' title="bbox 99 3114 1790 3192; baseline 0 -22"><span class='ocrx_word' id='word_1_386' title='bbox 99 3114 266 3172; x_wconf 68' lang='lat' dir='ltr'>iudaeorum</span> <span class='ocrx_word' id='word_1_387' title='bbox 278 3119 309 3171; x_wconf 92' lang='lat' dir='ltr'>in</span> <span class='ocrx_word' id='word_1_388' title='bbox 318 3118 449 3188; x_wconf 83' lang='lat' dir='ltr'>deserta,</span> <span class='ocrx_word' id='word_1_389' title='bbox 463 3125 492 3173; x_wconf 87' lang='lat' dir='ltr'>et</span> <span class='ocrx_word' id='word_1_390' title='bbox 504 3136 566 3190; x_wconf 85' lang='lat' dir='ltr'>qnae</span> <span class='ocrx_word' id='word_1_391' title='bbox 576 3123 749 3190; x_wconf 82' lang='lat' dir='ltr'>sequuntur.</span> <span class='ocrx_word' id='word_1_392' title='bbox 916 3118 1073 3188; x_wconf 82' lang='lat' dir='ltr'>ctionem,</span> <span class='ocrx_word' id='word_1_393' title='bbox 1087 3135 1181 3192; x_wconf 81' lang='lat' dir='ltr'>neque</span> <span class='ocrx_word' id='word_1_394' title='bbox 1189 3119 1349 3174; x_wconf 88' lang='lat' dir='ltr'>absorbeat</span> <span class='ocrx_word' id='word_1_395' title='bbox 1359 3135 1404 3174; x_wconf 80' lang='lat' dir='ltr'>ine</span> <span class='ocrx_word' id='word_1_396' title='bbox 1410 3117 1599 3190; x_wconf 74' lang='lat' dir='ltr'>profundum,</span> <span class='ocrx_word' id='word_1_397' title='bbox 1610 3132 1790 3188; x_wconf 88' lang='lat' dir='ltr'>perpruvam</span> 
     </span>
     <span class='ocr_line' id='line_1_32' title="bbox 99 3204 1787 3281; baseline -0.001 -21"><span class='ocrx_word' id='word_1_398' title='bbox 99 3205 222 3274; x_wconf 73' lang='lat' dir='ltr'>Lucere,</span> <span class='ocrx_word' id='word_1_399' title='bbox 239 3208 307 3262; x_wconf 89' lang='lat' dir='ltr'>reni</span> <span class='ocrx_word' id='word_1_400' title='bbox 314 3207 396 3262; x_wconf 72' lang='lat' dir='ltr'>toras</span> <span class='ocrx_word' id='word_1_401' title='bbox 410 3209 505 3278; x_wconf 73' lang='lat' dir='ltr'>(toan.</span> <span class='ocrx_word' id='word_1_402' title='bbox 522 3209 594 3279; x_wconf 82' lang='lat' dir='ltr'>xxi).</span> <span class='ocrx_word' id='word_1_403' title='bbox 607 3208 640 3261; x_wconf 93' lang='lat' dir='ltr'>ln</span> <span class='ocrx_word' id='word_1_404' title='bbox 658 3207 722 3261; x_wconf 87' lang='lat' dir='ltr'>haec</span> <span class='ocrx_word' id='word_1_405' title='bbox 742 3204 896 3262; x_wconf 85' lang='lat' dir='ltr'>vocatione</span> <span class='ocrx_word' id='word_1_406' title='bbox 955 3209 1167 3279; x_wconf 90' lang='lat' dir='ltr'>operationem,</span> <span class='ocrx_word' id='word_1_407' title='bbox 1177 3224 1270 3281; x_wconf 87' lang='lat' dir='ltr'>neque</span> <span class='ocrx_word' id='word_1_408' title='bbox 1285 3215 1389 3280; x_wconf 75' lang='lat' dir='ltr'>urgeat</span> <span class='ocrx_word' id='word_1_409' title='bbox 1399 3223 1543 3280; x_wconf 85' lang='lat' dir='ltr'>superma</span> <span class='ocrx_word' id='word_1_410' title='bbox 1548 3213 1658 3280; x_wconf 88' lang='lat' dir='ltr'>putens</span> <span class='ocrx_word' id='word_1_411' title='bbox 1668 3222 1701 3262; x_wconf 91' lang='lat' dir='ltr'>os</span> <span class='ocrx_word' id='word_1_412' title='bbox 1709 3223 1773 3260; x_wconf 88' lang='lat' dir='ltr'>snm</span> <span class='ocrx_word' id='word_1_413' title='bbox 1779 3245 1787 3272; x_wconf 92' lang='lat'>,</span> 
     </span>
     <span class='ocr_line' id='line_1_33' title="bbox 58 3295 1788 3369; baseline 0 -20"><span class='ocrx_word' id='word_1_414' title='bbox 58 3296 220 3350; x_wconf 81' lang='lat' dir='ltr'>videndum</span> <span class='ocrx_word' id='word_1_415' title='bbox 236 3299 282 3351; x_wconf 89' lang='lat' dir='ltr'>est</span> <span class='ocrx_word' id='word_1_416' title='bbox 299 3297 366 3369; x_wconf 89' lang='lat' dir='ltr'>quis</span> <span class='ocrx_word' id='word_1_417' title='bbox 386 3301 481 3366; x_wconf 87' lang='lat' dir='ltr'>vocat,</span> <span class='ocrx_word' id='word_1_418' title='bbox 499 3314 586 3369; x_wconf 84' lang='lat' dir='ltr'>quem</span> <span class='ocrx_word' id='word_1_419' title='bbox 600 3300 697 3366; x_wconf 84' lang='lat' dir='ltr'>vocat,</span> <span class='ocrx_word' id='word_1_420' title='bbox 710 3295 896 3367; x_wconf 89' lang='lat' dir='ltr'>etquomodo</span> <span class='ocrx_word' id='word_1_421' title='bbox 954 3296 1788 3368; x_wconf 79' lang='lat' dir='ltr'>perobstinatamconsuetudinem(Psul.nxvri1).Lu2ure,</span> 
     </span>
     <span class='ocr_line' id='line_1_34' title="bbox 59 3384 1787 3459; baseline 0.001 -22"><span class='ocrx_word' id='word_1_422' title='bbox 59 3387 158 3439; x_wconf 89' lang='lat' dir='ltr'>vocat.</span> <span class='ocrx_word' id='word_1_423' title='bbox 172 3385 243 3440; x_wconf 89' lang='lat' dir='ltr'>Hauc</span> <span class='ocrx_word' id='word_1_424' title='bbox 254 3387 332 3440; x_wconf 92' lang='lat' dir='ltr'>enim</span> <span class='ocrx_word' id='word_1_425' title='bbox 346 3387 400 3440; x_wconf 87' lang='lat' dir='ltr'>triu</span> <span class='ocrx_word' id='word_1_426' title='bbox 415 3388 446 3441; x_wconf 93' lang='lat' dir='ltr'>in</span> <span class='ocrx_word' id='word_1_427' title='bbox 461 3386 540 3442; x_wconf 91' lang='lat' dir='ltr'>omni</span> <span class='ocrx_word' id='word_1_428' title='bbox 550 3387 705 3441; x_wconf 88' lang='lat' dir='ltr'>vocatione</span> <span class='ocrx_word' id='word_1_429' title='bbox 720 3388 790 3440; x_wconf 91' lang='lat' dir='ltr'>suat</span> <span class='ocrx_word' id='word_1_430' title='bbox 804 3388 898 3439; x_wconf 88' lang='lat' dir='ltr'>utten-</span> <span class='ocrx_word' id='word_1_431' title='bbox 956 3388 1025 3442; x_wconf 85' lang='lat' dir='ltr'>vani</span> <span class='ocrx_word' id='word_1_432' title='bbox 1035 3386 1127 3443; x_wconf 76' lang='lat' dir='ltr'>foras.</span> <span class='ocrx_word' id='word_1_433' title='bbox 1144 3389 1226 3455; x_wconf 83' lang='lat' dir='ltr'>Qua‘?</span> <span class='ocrx_word' id='word_1_434' title='bbox 1241 3405 1294 3459; x_wconf 88' lang='lat' dir='ltr'>per</span> <span class='ocrx_word' id='word_1_435' title='bbox 1309 3404 1367 3458; x_wconf 85' lang='lat' dir='ltr'>me,</span> <span class='ocrx_word' id='word_1_436' title='bbox 1384 3388 1453 3459; x_wconf 89' lang='lat' dir='ltr'>quia</span> <span class='ocrx_word' id='word_1_437' title='bbox 1472 3403 1527 3459; x_wconf 79' lang='lat' dir='ltr'>epo</span> <span class='ocrx_word' id='word_1_438' title='bbox 1541 3403 1604 3441; x_wconf 91' lang='lat' dir='ltr'>sum</span> <span class='ocrx_word' id='word_1_439' title='bbox 1623 3387 1670 3440; x_wconf 86' lang='lat' dir='ltr'>riu</span> <span class='ocrx_word' id='word_1_440' title='bbox 1689 3384 1787 3456; x_wconf 71' lang='lat' dir='ltr'>(doun.</span> 
     </span>
     <span class='ocr_line' id='line_1_35' title="bbox 61 3473 1787 3550; baseline 0.001 -23"><span class='ocrx_word' id='word_1_441' title='bbox 61 3473 178 3528; x_wconf 87' lang='lat' dir='ltr'>denda:</span> <span class='ocrx_word' id='word_1_442' title='bbox 199 3474 324 3546; x_wconf 89' lang='lat' dir='ltr'>qualitas</span> <span class='ocrx_word' id='word_1_443' title='bbox 339 3477 485 3544; x_wconf 87' lang='lat' dir='ltr'>vocantis,</span> <span class='ocrx_word' id='word_1_444' title='bbox 501 3477 597 3531; x_wconf 84' lang='lat' dir='ltr'>vocati</span> <span class='ocrx_word' id='word_1_445' title='bbox 614 3479 642 3530; x_wconf 89' lang='lat' dir='ltr'>et</span> <span class='ocrx_word' id='word_1_446' title='bbox 658 3475 793 3543; x_wconf 86' lang='lat' dir='ltr'>vocandi,</span> <span class='ocrx_word' id='word_1_447' title='bbox 808 3474 839 3528; x_wconf 84' lang='lat' dir='ltr'>id</span> <span class='ocrx_word' id='word_1_448' title='bbox 854 3477 899 3529; x_wconf 90' lang='lat' dir='ltr'>est</span> <span class='ocrx_word' id='word_1_449' title='bbox 953 3477 1165 3546; x_wconf 83' lang='lat' dir='ltr'>x1v).Quo‘lad</span> <span class='ocrx_word' id='word_1_450' title='bbox 1178 3494 1233 3548; x_wconf 90' lang='lat' dir='ltr'>me,</span> <span class='ocrx_word' id='word_1_451' title='bbox 1246 3479 1314 3550; x_wconf 89' lang='lat' dir='ltr'>quia</span> <span class='ocrx_word' id='word_1_452' title='bbox 1324 3494 1381 3549; x_wconf 92' lang='lat' dir='ltr'>ego</span> <span class='ocrx_word' id='word_1_453' title='bbox 1392 3494 1459 3532; x_wconf 90' lang='lat' dir='ltr'>sum</span> <span class='ocrx_word' id='word_1_454' title='bbox 1470 3478 1573 3549; x_wconf 90' lang='lat' dir='ltr'>putria.</span> <span class='ocrx_word' id='word_1_455' title='bbox 1586 3475 1661 3530; x_wconf 91' lang='lat' dir='ltr'>Veni</span> <span class='ocrx_word' id='word_1_456' title='bbox 1672 3490 1726 3545; x_wconf 92' lang='lat' dir='ltr'>per</span> <span class='ocrx_word' id='word_1_457' title='bbox 1739 3488 1787 3529; x_wconf 89' lang='lat' dir='ltr'>me</span> 
     </span>
     <span class='ocr_line' id='line_1_36' title="bbox 64 3563 1783 3635; baseline 0.001 -19"><span class='ocrx_word' id='word_1_458' title='bbox 64 3578 189 3631; x_wconf 82' lang='lat' dir='ltr'>vocans,</span> <span class='ocrx_word' id='word_1_459' title='bbox 210 3569 346 3619; x_wconf 86' lang='lat' dir='ltr'>vocatum</span> <span class='ocrx_word' id='word_1_460' title='bbox 363 3568 391 3619; x_wconf 90' lang='lat' dir='ltr'>et</span> <span class='ocrx_word' id='word_1_461' title='bbox 404 3565 530 3620; x_wconf 89' lang='lat' dir='ltr'>vocatio.</span> <span class='ocrx_word' id='word_1_462' title='bbox 548 3564 748 3619; x_wconf 91' lang='lat' dir='ltr'>Historialiter</span> <span class='ocrx_word' id='word_1_463' title='bbox 761 3563 898 3618; x_wconf 91' lang='lat' dir='ltr'>Christus</span> <span class='ocrx_word' id='word_1_464' title='bbox 952 3566 1326 3635; x_wconf 86' lang='lat' dir='ltr'>homiaem,udme1)eum.</span> <span class='ocrx_word' id='word_1_465' title='bbox 1341 3567 1425 3623; x_wconf 91' lang='lat' dir='ltr'>Unde</span> <span class='ocrx_word' id='word_1_466' title='bbox 1437 3566 1580 3622; x_wconf 75' lang='lat' dir='ltr'>vocatur?</span> <span class='ocrx_word' id='word_1_467' title='bbox 1594 3565 1631 3619; x_wconf 89' lang='lat' dir='ltr'>de</span> <span class='ocrx_word' id='word_1_468' title='bbox 1641 3563 1783 3635; x_wconf 88' lang='lat' dir='ltr'>peccatis.</span> 
     </span>
     <span class='ocr_line' id='line_1_37' title="bbox 65 3651 1785 3726; baseline 0 -21"><span class='ocrx_word' id='word_1_469' title='bbox 65 3651 210 3706; x_wconf 84' lang='lat' dir='ltr'>Lazarum</span> <span class='ocrx_word' id='word_1_470' title='bbox 220 3654 400 3708; x_wconf 87' lang='lat' dir='ltr'>materialem</span> <span class='ocrx_word' id='word_1_471' title='bbox 414 3654 449 3708; x_wconf 90' lang='lat' dir='ltr'>de</span> <span class='ocrx_word' id='word_1_472' title='bbox 464 3654 603 3724; x_wconf 90' lang='lat' dir='ltr'>sepulcro</span> <span class='ocrx_word' id='word_1_473' title='bbox 619 3655 736 3709; x_wconf 83' lang='lat' dir='ltr'>vocavit</span> <span class='ocrx_word' id='word_1_474' title='bbox 745 3653 897 3707; x_wconf 90' lang='lat' dir='ltr'>materiali.</span> <span class='ocrx_word' id='word_1_475' title='bbox 951 3654 1034 3719; x_wconf 80' lang='lat' dir='ltr'>Qua?</span> <span class='ocrx_word' id='word_1_476' title='bbox 1050 3671 1104 3726; x_wconf 90' lang='lat' dir='ltr'>per</span> <span class='ocrx_word' id='word_1_477' title='bbox 1122 3655 1272 3712; x_wconf 89' lang='lat' dir='ltr'>Christum</span> <span class='ocrx_word' id='word_1_478' title='bbox 1295 3657 1444 3711; x_wconf 92' lang='lat' dir='ltr'>hominem</span> <span class='ocrx_word' id='word_1_479' title='bbox 1457 3654 1494 3709; x_wconf 91' lang='lat' dir='ltr'>ud</span> <span class='ocrx_word' id='word_1_480' title='bbox 1515 3654 1665 3710; x_wconf 88' lang='lat' dir='ltr'>Christum</span> <span class='ocrx_word' id='word_1_481' title='bbox 1682 3653 1785 3707; x_wconf 88' lang='lat' dir='ltr'>Duum.</span> 
     </span>
     <span class='ocr_line' id='line_1_38' title="bbox 62 3740 1786 3816; baseline -0.001 -22"><span class='ocrx_word' id='word_1_482' title='bbox 62 3740 261 3810; x_wconf 80' lang='lat' dir='ltr'>spiritualiter</span> <span class='ocrx_word' id='word_1_483' title='bbox 275 3743 405 3814; x_wconf 87' lang='lat' dir='ltr'>abyssus</span> <span class='ocrx_word' id='word_1_484' title='bbox 416 3746 502 3797; x_wconf 88' lang='lat' dir='ltr'>vocat</span> <span class='ocrx_word' id='word_1_485' title='bbox 516 3743 673 3813; x_wconf 88' lang='lat' dir='ltr'>abyssum:</span> <span class='ocrx_word' id='word_1_486' title='bbox 687 3744 825 3813; x_wconf 83' lang='lat' dir='ltr'>hbyssus</span> <span class='ocrx_word' id='word_1_487' title='bbox 835 3741 897 3811; x_wconf 86' lang='lat' dir='ltr'>Dei,</span> <span class='ocrx_word' id='word_1_488' title='bbox 955 3743 1047 3799; x_wconf 93' lang='lat' dir='ltr'>Vocut</span> <span class='ocrx_word' id='word_1_489' title='bbox 1061 3745 1153 3816; x_wconf 90' lang='lat' dir='ltr'>igitur</span> <span class='ocrx_word' id='word_1_490' title='bbox 1167 3747 1311 3816; x_wconf 88' lang='lat' dir='ltr'>abyssum</span> <span class='ocrx_word' id='word_1_491' title='bbox 1327 3747 1362 3801; x_wconf 90' lang='lat' dir='ltr'>de</span> <span class='ocrx_word' id='word_1_492' title='bbox 1373 3745 1504 3816; x_wconf 90' lang='lat' dir='ltr'>abyssis,</span> <span class='ocrx_word' id='word_1_493' title='bbox 1523 3746 1551 3798; x_wconf 90' lang='lat' dir='ltr'>et</span> <span class='ocrx_word' id='word_1_494' title='bbox 1565 3758 1619 3814; x_wconf 91' lang='lat' dir='ltr'>per</span> <span class='ocrx_word' id='word_1_495' title='bbox 1633 3742 1786 3812; x_wconf 90' lang='lat' dir='ltr'>abyssum.</span> 
     </span>
     <span class='ocr_line' id='line_1_39' title="bbox 62 3828 1787 3905; baseline -0.001 -22"><span class='ocrx_word' id='word_1_496' title='bbox 62 3829 900 3903; x_wconf 73' lang='lat' dir='ltr'>abyssumhominis3ubyssnssapientiae,abyssumigno·</span> <span class='ocrx_word' id='word_1_497' title='bbox 955 3833 1017 3888; x_wconf 84' lang='lat' dir='ltr'>Tm.</span> <span class='ocrx_word' id='word_1_498' title='bbox 1034 3833 1158 3888; x_wconf 86' lang='lat' dir='ltr'>XXVll.</span> <span class='ocrx_word' id='word_1_499' title='bbox 1181 3834 1262 3899; x_wconf 82' lang='lat' dir='ltr'>Quod</span> <span class='ocrx_word' id='word_1_500' title='bbox 1279 3833 1437 3905; x_wconf 87' lang='lat' dir='ltr'>multiplici</span> <span class='ocrx_word' id='word_1_501' title='bbox 1457 3833 1576 3887; x_wconf 89' lang='lat' dir='ltr'>ratione</span> <span class='ocrx_word' id='word_1_502' title='bbox 1590 3830 1690 3885; x_wconf 88' lang='lat' dir='ltr'>Maria</span> <span class='ocrx_word' id='word_1_503' title='bbox 1704 3828 1787 3883; x_wconf 82' lang='lat' dir='ltr'>dicu-</span> 
     </span>
     <span class='ocr_line' id='line_1_40' title="bbox 63 3920 1630 3994; baseline 0.001 -22"><span class='ocrx_word' id='word_1_504' title='bbox 63 3920 186 3986; x_wconf 78' lang='lat' dir='ltr'>rantiae3</span> <span class='ocrx_word' id='word_1_505' title='bbox 207 3920 337 3991; x_wconf 86' lang='lat' dir='ltr'>abyssus</span> <span class='ocrx_word' id='word_1_506' title='bbox 359 3922 582 3991; x_wconf 78' lang='lat' dir='ltr'>misericordiae,</span> <span class='ocrx_word' id='word_1_507' title='bbox 598 3922 742 3992; x_wconf 87' lang='lat' dir='ltr'>abyssum</span> <span class='ocrx_word' id='word_1_508' title='bbox 757 3920 896 3975; x_wconf 86' lang='lat' dir='ltr'>miseriae.</span> <span class='ocrx_word' id='word_1_509' title='bbox 1111 3929 1158 3977; x_wconf 87' lang='lat' dir='ltr'>tar</span> <span class='ocrx_word' id='word_1_510' title='bbox 1177 3924 1269 3994; x_wconf 77' lang='lat' dir='ltr'>rirpu,</span> <span class='ocrx_word' id='word_1_511' title='bbox 1284 3928 1313 3977; x_wconf 91' lang='lat' dir='ltr'>et</span> <span class='ocrx_word' id='word_1_512' title='bbox 1331 3923 1472 3977; x_wconf 87' lang='lat' dir='ltr'>Christus</span> <span class='ocrx_word' id='word_1_513' title='bbox 1486 3922 1542 3976; x_wconf 83' lang='lat' dir='ltr'>llos</span> <span class='ocrx_word' id='word_1_514' title='bbox 1557 3921 1630 3992; x_wconf 76' lang='lat' dir='ltr'>ejus.</span> 
     </span>
     <span class='ocr_line' id='line_1_41' title="bbox 64 4007 1788 4084; baseline -0.001 -22"><span class='ocrx_word' id='word_1_515' title='bbox 64 4009 153 4063; x_wconf 92' lang='lat' dir='ltr'>Venit</span> <span class='ocrx_word' id='word_1_516' title='bbox 163 4009 241 4063; x_wconf 92' lang='lat' dir='ltr'>enim</span> <span class='ocrx_word' id='word_1_517' title='bbox 251 4011 396 4080; x_wconf 89' lang='lat' dir='ltr'>sapientia</span> <span class='ocrx_word' id='word_1_518' title='bbox 411 4011 464 4066; x_wconf 90' lang='lat' dir='ltr'>Dei</span> <span class='ocrx_word' id='word_1_519' title='bbox 483 4011 520 4065; x_wconf 89' lang='lat' dir='ltr'>ad</span> <span class='ocrx_word' id='word_1_520' title='bbox 534 4012 732 4083; x_wconf 89' lang='lat' dir='ltr'>ignorantiam</span> <span class='ocrx_word' id='word_1_521' title='bbox 748 4013 895 4079; x_wconf 90' lang='lat' dir='ltr'>nostrum,</span> <span class='ocrx_word' id='word_1_522' title='bbox 989 4011 1081 4083; x_wconf 87' lang='lat' dir='ltr'>Virgo</span> <span class='ocrx_word' id='word_1_523' title='bbox 1097 4012 1150 4066; x_wconf 88' lang='lat' dir='ltr'>Dei</span> <span class='ocrx_word' id='word_1_524' title='bbox 1159 4013 1289 4083; x_wconf 85' lang='lat' dir='ltr'>genitrix</span> <span class='ocrx_word' id='word_1_525' title='bbox 1297 4013 1381 4084; x_wconf 86' lang='lat' dir='ltr'>virga</span> <span class='ocrx_word' id='word_1_526' title='bbox 1395 4014 1450 4081; x_wconf 93' lang='lat' dir='ltr'>est,</span> <span class='ocrx_word' id='word_1_527' title='bbox 1467 4011 1523 4066; x_wconf 86' lang='lat' dir='ltr'>ilos</span> <span class='ocrx_word' id='word_1_528' title='bbox 1538 4010 1617 4064; x_wconf 85' lang='lat' dir='ltr'>illius</span> <span class='ocrx_word' id='word_1_529' title='bbox 1628 4007 1707 4079; x_wconf 82' lang='lat' dir='ltr'>ejus</span> <span class='ocrx_word' id='word_1_530' title='bbox 1722 4008 1788 4062; x_wconf 72' lang='lat' dir='ltr'>Per</span> 
     </span>
     <span class='ocr_line' id='line_1_42' title="bbox 62 4098 1785 4171; baseline -0.001 -20"><span class='ocrx_word' id='word_1_531' title='bbox 62 4098 143 4151; x_wconf 91' lang='lat' dir='ltr'>venit</span> <span class='ocrx_word' id='word_1_532' title='bbox 157 4098 361 4153; x_wconf 88' lang='lat' dir='ltr'>misericordia</span> <span class='ocrx_word' id='word_1_533' title='bbox 374 4100 424 4155; x_wconf 83' lang='lat' dir='ltr'>llei</span> <span class='ocrx_word' id='word_1_534' title='bbox 442 4100 478 4154; x_wconf 91' lang='lat' dir='ltr'>ud</span> <span class='ocrx_word' id='word_1_535' title='bbox 493 4101 643 4155; x_wconf 88' lang='lat' dir='ltr'>miserium</span> <span class='ocrx_word' id='word_1_536' title='bbox 658 4101 800 4168; x_wconf 88' lang='lat' dir='ltr'>nostram,</span> <span class='ocrx_word' id='word_1_537' title='bbox 817 4098 898 4152; x_wconf 90' lang='lat' dir='ltr'>venit</span> <span class='ocrx_word' id='word_1_538' title='bbox 951 4098 1785 4171; x_wconf 84' lang='lat' dir='ltr'>quamconvenienter,iratreschurissimi,diciturvirga,</span> 
     </span>
     <span class='ocr_line' id='line_1_43' title="bbox 61 4185 1787 4262; baseline 0 -22"><span class='ocrx_word' id='word_1_539' title='bbox 61 4185 199 4242; x_wconf 84' lang='lat' dir='ltr'>Christus</span> <span class='ocrx_word' id='word_1_540' title='bbox 214 4188 351 4243; x_wconf 89' lang='lat' dir='ltr'>sublimis</span> <span class='ocrx_word' id='word_1_541' title='bbox 366 4190 518 4244; x_wconf 85' lang='lat' dir='ltr'>adlimam</span> <span class='ocrx_word' id='word_1_542' title='bbox 534 4193 685 4257; x_wconf 91' lang='lat' dir='ltr'>nostrum,</span> <span class='ocrx_word' id='word_1_543' title='bbox 703 4188 842 4243; x_wconf 82' lang='lat' dir='ltr'>excelsus</span> <span class='ocrx_word' id='word_1_544' title='bbox 860 4187 897 4241; x_wconf 89' lang='lat' dir='ltr'>ud</span> <span class='ocrx_word' id='word_1_545' title='bbox 950 4188 1036 4243; x_wconf 89' lang='lat' dir='ltr'>beuta</span> <span class='ocrx_word' id='word_1_546' title='bbox 1049 4191 1136 4260; x_wconf 87' lang='lat' dir='ltr'>virgo</span> <span class='ocrx_word' id='word_1_547' title='bbox 1151 4190 1253 4245; x_wconf 90' lang='lat' dir='ltr'>Maria.</span> <span class='ocrx_word' id='word_1_548' title='bbox 1268 4190 1502 4262; x_wconf 79' lang='lat' dir='ltr'>Estenimvirgu</span> <span class='ocrx_word' id='word_1_549' title='bbox 1517 4191 1607 4256; x_wconf 89' lang='lat' dir='ltr'>rectu,</span> <span class='ocrx_word' id='word_1_550' title='bbox 1620 4187 1705 4259; x_wconf 86' lang='lat' dir='ltr'>virga</span> <span class='ocrx_word' id='word_1_551' title='bbox 1720 4201 1787 4241; x_wconf 90' lang='lat' dir='ltr'>ere-</span> 
     </span>
     <span class='ocr_line' id='line_1_44' title="bbox 60 4274 1784 4351; baseline 0 -22"><span class='ocrx_word' id='word_1_552' title='bbox 60 4274 240 4346; x_wconf 81' lang='lat' dir='ltr'>profundum</span> <span class='ocrx_word' id='word_1_553' title='bbox 250 4281 396 4346; x_wconf 89' lang='lat' dir='ltr'>nostrum,</span> <span class='ocrx_word' id='word_1_554' title='bbox 412 4282 440 4332; x_wconf 93' lang='lat' dir='ltr'>et</span> <span class='ocrx_word' id='word_1_555' title='bbox 450 4278 560 4333; x_wconf 85' lang='lat' dir='ltr'>inllxus</span> <span class='ocrx_word' id='word_1_556' title='bbox 569 4280 616 4334; x_wconf 87' lang='lat' dir='ltr'>est</span> <span class='ocrx_word' id='word_1_557' title='bbox 626 4278 655 4332; x_wconf 93' lang='lat' dir='ltr'>in</span> <span class='ocrx_word' id='word_1_558' title='bbox 667 4277 735 4332; x_wconf 93' lang='lat' dir='ltr'>limo</span> <span class='ocrx_word' id='word_1_559' title='bbox 744 4276 893 4347; x_wconf 79' lang='lat' dir='ltr'>profundi,</span> <span class='ocrx_word' id='word_1_560' title='bbox 951 4280 1007 4348; x_wconf 88' lang='lat' dir='ltr'>cta,</span> <span class='ocrx_word' id='word_1_561' title='bbox 1031 4282 1060 4334; x_wconf 90' lang='lat' dir='ltr'>et</span> <span class='ocrx_word' id='word_1_562' title='bbox 1082 4279 1112 4334; x_wconf 90' lang='lat' dir='ltr'>in</span> <span class='ocrx_word' id='word_1_563' title='bbox 1128 4280 1235 4334; x_wconf 91' lang='lat' dir='ltr'>coelum</span> <span class='ocrx_word' id='word_1_564' title='bbox 1255 4295 1352 4351; x_wconf 87' lang='lat' dir='ltr'>usque</span> <span class='ocrx_word' id='word_1_565' title='bbox 1371 4282 1517 4349; x_wconf 89' lang='lat' dir='ltr'>porrecta.</span> <span class='ocrx_word' id='word_1_566' title='bbox 1536 4278 1626 4350; x_wconf 86' lang='lat' dir='ltr'>Virga</span> <span class='ocrx_word' id='word_1_567' title='bbox 1651 4275 1784 4349; x_wconf 86' lang='lat' dir='ltr'>gracilis,</span> 
     </span>
     <span class='ocr_line' id='line_1_45' title="bbox 59 4364 1788 4458; baseline -0.002 -39"><span class='ocrx_word' id='word_1_568' title='bbox 59 4368 92 4419; x_wconf 91' lang='lat' dir='ltr'>ut</span> <span class='ocrx_word' id='word_1_569' title='bbox 105 4380 162 4419; x_wconf 90' lang='lat' dir='ltr'>nos</span> <span class='ocrx_word' id='word_1_570' title='bbox 178 4370 295 4421; x_wconf 89' lang='lat' dir='ltr'>erueret</span> <span class='ocrx_word' id='word_1_571' title='bbox 304 4367 340 4421; x_wconf 90' lang='lat' dir='ltr'>de</span> <span class='ocrx_word' id='word_1_572' title='bbox 351 4367 507 4437; x_wconf 81' lang='lat' dir='ltr'>profundo.</span> <span class='ocrx_word' id='word_1_573' title='bbox 528 4368 664 4438; x_wconf 73' lang='lat' dir='ltr'>abyssus</span> <span class='ocrx_word' id='word_1_574' title='bbox 684 4365 821 4421; x_wconf 88' lang='lat' dir='ltr'>Christus</span> <span class='ocrx_word' id='word_1_575' title='bbox 838 4368 892 4434; x_wconf 88' lang='lat' dir='ltr'>est,</span> <span class='ocrx_word' id='word_1_576' title='bbox 907 4392 936 4458; x_wconf 72' lang='lat' dir='ltr'>D</span> <span class='ocrx_word' id='word_1_577' title='bbox 951 4368 1036 4439; x_wconf 86' lang='lat' dir='ltr'>virga</span> <span class='ocrx_word' id='word_1_578' title='bbox 1050 4367 1272 4441; x_wconf 85' lang='lat' dir='ltr'>fragilia,virga</span> <span class='ocrx_word' id='word_1_579' title='bbox 1282 4367 1689 4439; x_wconf 74' lang='lat' dir='ltr'>flexibilis,virgutrondosu,</span> <span class='ocrx_word' id='word_1_580' title='bbox 1701 4364 1788 4435; x_wconf 86' lang='lat' dir='ltr'>virga</span> 
     </span>
     <span class='ocr_line' id='line_1_46' title="bbox 59 4449 1785 4530; baseline -0.002 -21"><span class='ocrx_word' id='word_1_581' title='bbox 59 4453 128 4525; x_wconf 86' lang='lat' dir='ltr'>quia</span> <span class='ocrx_word' id='word_1_582' title='bbox 135 4455 448 4526; x_wconf 86' lang='lat' dir='ltr'>incomprehensibilia</span> <span class='ocrx_word' id='word_1_583' title='bbox 459 4457 646 4528; x_wconf 80' lang='lat' dir='ltr'>sunty&#39;urliciu</span> <span class='ocrx_word' id='word_1_584' title='bbox 654 4455 728 4528; x_wconf 71' lang='lat' dir='ltr'>cyna,</span> <span class='ocrx_word' id='word_1_585' title='bbox 736 4449 895 4510; x_wconf 74' lang='lat' dir='ltr'>etinvest&#39;i·</span> <span class='ocrx_word' id='word_1_586' title='bbox 952 4457 1101 4529; x_wconf 81' lang='lat' dir='ltr'>florigera,</span> <span class='ocrx_word' id='word_1_587' title='bbox 1116 4458 1202 4530; x_wconf 81' lang='lat' dir='ltr'>virga</span> <span class='ocrx_word' id='word_1_588' title='bbox 1218 4457 1389 4513; x_wconf 74' lang='lat' dir='ltr'>fructifera:</span> <span class='ocrx_word' id='word_1_589' title='bbox 1404 4458 1495 4512; x_wconf 81' lang='lat' dir='ltr'>Recta</span> <span class='ocrx_word' id='word_1_590' title='bbox 1512 4470 1565 4526; x_wconf 90' lang='lat' dir='ltr'>per</span> <span class='ocrx_word' id='word_1_591' title='bbox 1576 4455 1672 4516; x_wconf 83' lang='lat' dir='ltr'>tidem,</span> <span class='ocrx_word' id='word_1_592' title='bbox 1686 4455 1785 4507; x_wconf 87' lang='lat' dir='ltr'>erecta</span> 
     </span>
     <span class='ocr_line' id='line_1_47' title="bbox 58 4541 1787 4618; baseline -0.002 -21"><span class='ocrx_word' id='word_1_593' title='bbox 58 4542 178 4614; x_wconf 79' lang='lat' dir='ltr'>pabilcs</span> <span class='ocrx_word' id='word_1_594' title='bbox 191 4544 245 4598; x_wconf 84' lang='lat' dir='ltr'>riae</span> <span class='ocrx_word' id='word_1_595' title='bbox 263 4544 328 4614; x_wconf 84' lang='lat' dir='ltr'>ey&#39;as</span> <span class='ocrx_word' id='word_1_596' title='bbox 337 4544 430 4615; x_wconf 80' lang='lat' dir='ltr'>(llmm</span> <span class='ocrx_word' id='word_1_597' title='bbox 448 4546 500 4614; x_wconf 78' lang='lat' dir='ltr'>aa).</span> <span class='ocrx_word' id='word_1_598' title='bbox 514 4545 598 4600; x_wconf 88' lang='lat' dir='ltr'>Unde</span> <span class='ocrx_word' id='word_1_599' title='bbox 609 4547 674 4617; x_wconf 79' lang='lat' dir='ltr'>Epo</span> <span class='ocrx_word' id='word_1_600' title='bbox 683 4544 818 4611; x_wconf 81' lang='lat' dir='ltr'>latitudo,</span> <span class='ocrx_word' id='word_1_601' title='bbox 836 4547 892 4599; x_wconf 92' lang='lat' dir='ltr'>etc.</span> <span class='ocrx_word' id='word_1_602' title='bbox 952 4562 1006 4617; x_wconf 90' lang='lat' dir='ltr'>per</span> <span class='ocrx_word' id='word_1_603' title='bbox 1021 4562 1123 4616; x_wconf 89' lang='lat' dir='ltr'>spems</span> <span class='ocrx_word' id='word_1_604' title='bbox 1135 4550 1271 4617; x_wconf 87' lang='lat' dir='ltr'>porrecta</span> <span class='ocrx_word' id='word_1_605' title='bbox 1284 4563 1338 4617; x_wconf 92' lang='lat' dir='ltr'>per</span> <span class='ocrx_word' id='word_1_606' title='bbox 1348 4545 1611 4618; x_wconf 90' lang='lat' dir='ltr'>longanimitatem,</span> <span class='ocrx_word' id='word_1_607' title='bbox 1623 4541 1681 4612; x_wconf 88' lang='lat' dir='ltr'>&#39;per</span> <span class='ocrx_word' id='word_1_608' title='bbox 1691 4541 1787 4596; x_wconf 91' lang='lat' dir='ltr'>humi-</span> 
     </span>
     <span class='ocr_line' id='line_1_48' title="bbox 58 4629 1786 4708; baseline -0.003 -20"><span class='ocrx_word' id='word_1_609' title='bbox 58 4631 135 4700; x_wconf 76' lang='lat' dir='ltr'>(Jer.</span> <span class='ocrx_word' id='word_1_610' title='bbox 147 4633 230 4703; x_wconf 77' lang='lat' dir='ltr'>xvir).</span> <span class='ocrx_word' id='word_1_611' title='bbox 250 4633 389 4703; x_wconf 83' lang='lat' dir='ltr'>Abyssus</span> <span class='ocrx_word' id='word_1_612' title='bbox 405 4634 491 4689; x_wconf 90' lang='lat' dir='ltr'>etium</span> <span class='ocrx_word' id='word_1_613' title='bbox 512 4650 564 4689; x_wconf 87' lang='lat' dir='ltr'>cor</span> <span class='ocrx_word' id='word_1_614' title='bbox 579 4634 709 4689; x_wconf 89' lang='lat' dir='ltr'>hominis</span> <span class='ocrx_word' id='word_1_615' title='bbox 721 4650 846 4704; x_wconf 79' lang='lat' dir='ltr'>pravum</span> <span class='ocrx_word' id='word_1_616' title='bbox 865 4637 895 4687; x_wconf 90' lang='lat' dir='ltr'>et</span> <span class='ocrx_word' id='word_1_617' title='bbox 949 4636 1059 4692; x_wconf 86' lang='lat' dir='ltr'>litatem</span> <span class='ocrx_word' id='word_1_618' title='bbox 1075 4636 1210 4708; x_wconf 85' lang='lat' dir='ltr'>gracilis,</span> <span class='ocrx_word' id='word_1_619' title='bbox 1227 4651 1280 4706; x_wconf 90' lang='lat' dir='ltr'>per</span> <span class='ocrx_word' id='word_1_620' title='bbox 1292 4634 1550 4690; x_wconf 86' lang='lat' dir='ltr'>mansuetudinem</span> <span class='ocrx_word' id='word_1_621' title='bbox 1564 4629 1714 4699; x_wconf 82' lang='lat' dir='ltr'>llexibilis,</span> <span class='ocrx_word' id='word_1_622' title='bbox 1731 4644 1786 4701; x_wconf 85' lang='lat' dir='ltr'>per</span> 
     </span>
     <span class='ocr_line' id='line_1_49' title="bbox 61 4719 1783 4796; baseline 0 -22"><span class='ocrx_word' id='word_1_623' title='bbox 61 4720 894 4794; x_wconf 75' lang='lat' dir='ltr'>inscrutabile.thuiscapnoscetillud?(ibtal.)Undeet</span> <span class='ocrx_word' id='word_1_624' title='bbox 948 4719 1783 4796; x_wconf 80' lang='lat' dir='ltr'>virginalemconceptionenillorigeru,perpertumeulu·</span> 
     </span>
     <span class='ocr_line' id='line_1_50' title="bbox 58 4808 1782 4883; baseline -0.001 -20"><span class='ocrx_word' id='word_1_625' title='bbox 58 4809 151 4864; x_wconf 78' lang='lat' dir='ltr'>Jonas</span> <span class='ocrx_word' id='word_1_626' title='bbox 159 4809 215 4864; x_wconf 92' lang='lat' dir='ltr'>sub</span> <span class='ocrx_word' id='word_1_627' title='bbox 226 4826 353 4880; x_wconf 86' lang='lat' dir='ltr'>persona</span> <span class='ocrx_word' id='word_1_628' title='bbox 361 4811 470 4865; x_wconf 87' lang='lat' dir='ltr'>Christi</span> <span class='ocrx_word' id='word_1_629' title='bbox 483 4811 511 4864; x_wconf 91' lang='lat' dir='ltr'>in</span> <span class='ocrx_word' id='word_1_630' title='bbox 523 4811 663 4880; x_wconf 89' lang='lat' dir='ltr'>passione</span> <span class='ocrx_word' id='word_1_631' title='bbox 671 4827 677 4865; x_wconf 92' lang='lat'>:</span> <span class='ocrx_word' id='word_1_632' title='bbox 685 4811 825 4882; x_wconf 87' lang='lat' dir='ltr'>Abyssus</span> <span class='ocrx_word' id='word_1_633' title='bbox 838 4826 895 4863; x_wconf 78' lang='lat' dir='ltr'>rar·</span> <span class='ocrx_word' id='word_1_634' title='bbox 947 4814 986 4868; x_wconf 91' lang='lat' dir='ltr'>tis</span> <span class='ocrx_word' id='word_1_635' title='bbox 998 4813 1159 4868; x_wconf 80' lang='lat' dir='ltr'>fructifera.</span> <span class='ocrx_word' id='word_1_636' title='bbox 1169 4813 1306 4882; x_wconf 88' lang='lat' dir='ltr'>Gracilis,</span> <span class='ocrx_word' id='word_1_637' title='bbox 1318 4828 1372 4883; x_wconf 90' lang='lat' dir='ltr'>per</span> <span class='ocrx_word' id='word_1_638' title='bbox 1381 4810 1579 4882; x_wconf 85' lang='lat' dir='ltr'>abjectionem</span> <span class='ocrx_word' id='word_1_639' title='bbox 1590 4809 1648 4878; x_wconf 90' lang='lat' dir='ltr'>sui,</span> <span class='ocrx_word' id='word_1_640' title='bbox 1665 4808 1782 4881; x_wconf 79' lang='lat' dir='ltr'>fragilis</span> 
     </span>
     <span class='ocr_line' id='line_1_51' title="bbox 57 4897 1779 4972; baseline 0.001 -20"><span class='ocrx_word' id='word_1_641' title='bbox 57 4897 195 4964; x_wconf 86' lang='lat' dir='ltr'>luritme,</span> <span class='ocrx_word' id='word_1_642' title='bbox 201 4899 446 4971; x_wconf 81' lang='lat' dir='ltr'>pelapuscpernit</span> <span class='ocrx_word' id='word_1_643' title='bbox 453 4906 538 4971; x_wconf 83' lang='lat' dir='ltr'>rapat</span> <span class='ocrx_word' id='word_1_644' title='bbox 550 4899 726 4967; x_wconf 67' lang='lat' dir='ltr'>rneumhlon.</span> <span class='ocrx_word' id='word_1_645' title='bbox 738 4899 780 4968; x_wconf 88' lang='lat' dir='ltr'>n).</span> <span class='ocrx_word' id='word_1_646' title='bbox 793 4899 893 4968; x_wconf 82' lang='lat' dir='ltr'>Abys-</span> <span class='ocrx_word' id='word_1_647' title='bbox 947 4917 1000 4971; x_wconf 89' lang='lat' dir='ltr'>per</span> <span class='ocrx_word' id='word_1_648' title='bbox 1014 4902 1233 4972; x_wconf 87' lang='lat' dir='ltr'>despectionem</span> <span class='ocrx_word' id='word_1_649' title='bbox 1246 4900 1357 4970; x_wconf 90' lang='lat' dir='ltr'>mundi,</span> <span class='ocrx_word' id='word_1_650' title='bbox 1375 4900 1514 4955; x_wconf 83' lang='lat' dir='ltr'>tlexihilis</span> <span class='ocrx_word' id='word_1_651' title='bbox 1529 4914 1582 4969; x_wconf 92' lang='lat' dir='ltr'>per</span> <span class='ocrx_word' id='word_1_652' title='bbox 1592 4899 1779 4969; x_wconf 87' lang='lat' dir='ltr'>compassio-</span> 
     </span>
     <span class='ocr_line' id='line_1_52' title="bbox 58 4987 1780 5062; baseline 0 -20"><span class='ocrx_word' id='word_1_653' title='bbox 58 5002 112 5042; x_wconf 90' lang='lat' dir='ltr'>sus</span> <span class='ocrx_word' id='word_1_654' title='bbox 129 4987 220 5058; x_wconf 91' lang='lat' dir='ltr'>igitur</span> <span class='ocrx_word' id='word_1_655' title='bbox 235 4989 373 5058; x_wconf 91' lang='lat' dir='ltr'>superior</span> <span class='ocrx_word' id='word_1_656' title='bbox 387 4993 472 5043; x_wconf 88' lang='lat' dir='ltr'>vocnt</span> <span class='ocrx_word' id='word_1_657' title='bbox 488 4989 821 5057; x_wconf 80' lang='lat' dir='ltr'>interiorem3Christus</span> <span class='ocrx_word' id='word_1_658' title='bbox 836 4987 891 5042; x_wconf 91' lang='lat' dir='ltr'>ho·</span> <span class='ocrx_word' id='word_1_659' title='bbox 947 4992 1158 5061; x_wconf 86' lang='lat' dir='ltr'>nemproximi,</span> <span class='ocrx_word' id='word_1_660' title='bbox 1172 4991 1312 5046; x_wconf 80' lang='lat' dir='ltr'>frondosa</span> <span class='ocrx_word' id='word_1_661' title='bbox 1327 4989 1520 5062; x_wconf 86' lang='lat' dir='ltr'>pergratiam</span> <span class='ocrx_word' id='word_1_662' title='bbox 1535 4988 1712 5055; x_wconf 87' lang='lat' dir='ltr'>devotionis,</span> <span class='ocrx_word' id='word_1_663' title='bbox 1724 4989 1780 5044; x_wconf 92' lang='lat' dir='ltr'>llo-</span> 
     </span>
     <span class='ocr_line' id='line_1_53' title="bbox 56 5076 1783 5152; baseline 0.002 -23"><span class='ocrx_word' id='word_1_664' title='bbox 56 5076 177 5145; x_wconf 92' lang='lat' dir='ltr'>minem,</span> <span class='ocrx_word' id='word_1_665' title='bbox 194 5077 296 5133; x_wconf 89' lang='lat' dir='ltr'>dicens</span> <span class='ocrx_word' id='word_1_666' title='bbox 316 5093 322 5132; x_wconf 90' lang='lat'>:</span> <span class='ocrx_word' id='word_1_667' title='bbox 339 5078 463 5146; x_wconf 69' lang='lat' dir='ltr'>Lauare,</span> <span class='ocrx_word' id='word_1_668' title='bbox 484 5078 551 5132; x_wconf 83' lang='lat' dir='ltr'>reni</span> <span class='ocrx_word' id='word_1_669' title='bbox 572 5077 663 5132; x_wconf 74' lang='lat' dir='ltr'>feras.</span> <span class='ocrx_word' id='word_1_670' title='bbox 679 5076 768 5142; x_wconf 88' lang='lat' dir='ltr'>Quasi</span> <span class='ocrx_word' id='word_1_671' title='bbox 788 5077 865 5131; x_wconf 86' lang='lat' dir='ltr'>dicut</span> <span class='ocrx_word' id='word_1_672' title='bbox 883 5092 889 5132; x_wconf 94' lang='lat'><strong>:</strong></span> <span class='ocrx_word' id='word_1_673' title='bbox 946 5080 1044 5151; x_wconf 89' lang='lat' dir='ltr'>rigeru</span> <span class='ocrx_word' id='word_1_674' title='bbox 1060 5079 1253 5152; x_wconf 83' lang='lat' dir='ltr'>pergratiam</span> <span class='ocrx_word' id='word_1_675' title='bbox 1268 5079 1459 5151; x_wconf 85' lang='lat' dir='ltr'>virginitatis,</span> <span class='ocrx_word' id='word_1_676' title='bbox 1472 5078 1625 5133; x_wconf 78' lang='lat' dir='ltr'>fructifera</span> <span class='ocrx_word' id='word_1_677' title='bbox 1642 5093 1783 5148; x_wconf 85' lang='lat' dir='ltr'>perprae-</span> 
     </span>
     <span class='ocr_line' id='line_1_54' title="bbox 56 5165 1781 5240; baseline 0.002 -22"><span class='ocrx_word' id='word_1_678' title='bbox 56 5165 176 5235; x_wconf 78' lang='lat' dir='ltr'>Abysse</span> <span class='ocrx_word' id='word_1_679' title='bbox 192 5167 310 5221; x_wconf 88' lang='lat' dir='ltr'>malitiae</span> <span class='ocrx_word' id='word_1_680' title='bbox 326 5167 428 5234; x_wconf 79' lang='lat' dir='ltr'>Adam,</span> <span class='ocrx_word' id='word_1_681' title='bbox 446 5167 555 5237; x_wconf 88' lang='lat' dir='ltr'>abysse</span> <span class='ocrx_word' id='word_1_682' title='bbox 576 5166 761 5238; x_wconf 72' lang='lat' dir='ltr'>ignorantie,</span> <span class='ocrx_word' id='word_1_683' title='bbox 780 5165 890 5235; x_wconf 91' lang='lat' dir='ltr'>abysse</span> <span class='ocrx_word' id='word_1_684' title='bbox 945 5166 1781 5240; x_wconf 77' lang='lat' dir='ltr'>rogativamracunditatis.Praerogativalecunditausruit</span> 
     </span>
     <span class='ocr_line' id='line_1_55' title="bbox 55 5254 1777 5329; baseline 0 -22"><span class='ocrx_word' id='word_1_685' title='bbox 55 5254 186 5322; x_wconf 79' lang='lat' dir='ltr'>niseriae,</span> <span class='ocrx_word' id='word_1_686' title='bbox 206 5256 274 5309; x_wconf 88' lang='lat' dir='ltr'>veni</span> <span class='ocrx_word' id='word_1_687' title='bbox 288 5255 381 5310; x_wconf 75' lang='lat' dir='ltr'>toras.</span> <span class='ocrx_word' id='word_1_688' title='bbox 398 5255 455 5310; x_wconf 90' lang='lat' dir='ltr'>Sed</span> <span class='ocrx_word' id='word_1_689' title='bbox 472 5257 548 5310; x_wconf 90' lang='lat' dir='ltr'>unde</span> <span class='ocrx_word' id='word_1_690' title='bbox 564 5258 592 5310; x_wconf 91' lang='lat' dir='ltr'>et</span> <span class='ocrx_word' id='word_1_691' title='bbox 607 5271 665 5326; x_wconf 90' lang='lat' dir='ltr'>qno</span> <span class='ocrx_word' id='word_1_692' title='bbox 681 5255 717 5309; x_wconf 90' lang='lat' dir='ltr'>de</span> <span class='ocrx_word' id='word_1_693' title='bbox 734 5255 889 5325; x_wconf 86' lang='lat' dir='ltr'>sepulcre,</span> <span class='ocrx_word' id='word_1_694' title='bbox 945 5259 1014 5328; x_wconf 87' lang='lat' dir='ltr'>qnia</span> <span class='ocrx_word' id='word_1_695' title='bbox 1029 5257 1096 5311; x_wconf 87' lang='lat' dir='ltr'>tulis</span> <span class='ocrx_word' id='word_1_696' title='bbox 1105 5256 1202 5312; x_wconf 86' lang='lat' dir='ltr'>taliter</span> <span class='ocrx_word' id='word_1_697' title='bbox 1216 5257 1304 5311; x_wconf 89' lang='lat' dir='ltr'>talem</span> <span class='ocrx_word' id='word_1_698' title='bbox 1318 5257 1430 5329; x_wconf 90' lang='lat' dir='ltr'>genuit.</span> <span class='ocrx_word' id='word_1_699' title='bbox 1441 5255 1657 5327; x_wconf 75' lang='lat' dir='ltr'>Qualistvirgo</span> <span class='ocrx_word' id='word_1_700' title='bbox 1669 5269 1777 5310; x_wconf 85' lang='lat' dir='ltr'>conce·</span> 
     </span>
     <span class='ocr_line' id='line_1_56' title="bbox 54 5340 1779 5418; baseline 0.001 -24"><span class='ocrx_word' id='word_1_701' title='bbox 54 5340 115 5396; x_wconf 90' lang='lat' dir='ltr'>imo</span> <span class='ocrx_word' id='word_1_702' title='bbox 130 5342 165 5396; x_wconf 93' lang='lat' dir='ltr'>de</span> <span class='ocrx_word' id='word_1_703' title='bbox 177 5343 347 5412; x_wconf 76' lang='lat' dir='ltr'>sepulcris?</span> <span class='ocrx_word' id='word_1_704' title='bbox 360 5343 453 5398; x_wconf 92' lang='lat' dir='ltr'>Omne</span> <span class='ocrx_word' id='word_1_705' title='bbox 462 5345 539 5399; x_wconf 90' lang='lat' dir='ltr'>caim</span> <span class='ocrx_word' id='word_1_706' title='bbox 556 5347 709 5414; x_wconf 91' lang='lat' dir='ltr'>peccatum</span> <span class='ocrx_word' id='word_1_707' title='bbox 720 5343 891 5414; x_wconf 88' lang='lat' dir='ltr'>sepulcrum</span> <span class='ocrx_word' id='word_1_708' title='bbox 945 5346 996 5416; x_wconf 91' lang='lat' dir='ltr'>pit,</span> <span class='ocrx_word' id='word_1_709' title='bbox 1006 5346 1092 5418; x_wconf 85' lang='lat' dir='ltr'>virgo</span> <span class='ocrx_word' id='word_1_710' title='bbox 1100 5346 1223 5417; x_wconf 89' lang='lat' dir='ltr'>peperit,</span> <span class='ocrx_word' id='word_1_711' title='bbox 1234 5346 1320 5418; x_wconf 86' lang='lat' dir='ltr'>virgo</span> <span class='ocrx_word' id='word_1_712' title='bbox 1329 5346 1501 5416; x_wconf 88' lang='lat' dir='ltr'>permansit.</span> <span class='ocrx_word' id='word_1_713' title='bbox 1509 5344 1654 5409; x_wconf 80' lang='lat' dir='ltr'>Qualiter?</span> <span class='ocrx_word' id='word_1_714' title='bbox 1663 5340 1779 5414; x_wconf 81' lang='lat' dir='ltr'>Angelo</span> 
     </span>
     <span class='ocr_line' id='line_1_57' title="bbox 55 5429 1779 5505; baseline 0.001 -23"><span class='ocrx_word' id='word_1_715' title='bbox 55 5433 120 5485; x_wconf 90' lang='lat' dir='ltr'>est:</span> <span class='ocrx_word' id='word_1_716' title='bbox 140 5446 212 5502; x_wconf 89' lang='lat' dir='ltr'>ergo</span> <span class='ocrx_word' id='word_1_717' title='bbox 228 5435 298 5501; x_wconf 84' lang='lat' dir='ltr'>quot</span> <span class='ocrx_word' id='word_1_718' title='bbox 314 5435 443 5503; x_wconf 87' lang='lat' dir='ltr'>peccatu,</span> <span class='ocrx_word' id='word_1_719' title='bbox 457 5436 499 5487; x_wconf 91' lang='lat' dir='ltr'>tot</span> <span class='ocrx_word' id='word_1_720' title='bbox 513 5433 659 5503; x_wconf 90' lang='lat' dir='ltr'>sepulcra.</span> <span class='ocrx_word' id='word_1_721' title='bbox 678 5432 802 5486; x_wconf 88' lang='lat' dir='ltr'>Dimitte</span> <span class='ocrx_word' id='word_1_722' title='bbox 813 5448 890 5486; x_wconf 88' lang='lat' dir='ltr'>mor·</span> <span class='ocrx_word' id='word_1_723' title='bbox 945 5434 1106 5503; x_wconf 90' lang='lat' dir='ltr'>nuntiante,</span> <span class='ocrx_word' id='word_1_724' title='bbox 1117 5434 1228 5504; x_wconf 88' lang='lat' dir='ltr'>Spiritu</span> <span class='ocrx_word' id='word_1_725' title='bbox 1239 5438 1342 5490; x_wconf 88' lang='lat' dir='ltr'>sancto</span> <span class='ocrx_word' id='word_1_726' title='bbox 1351 5437 1501 5505; x_wconf 89' lang='lat' dir='ltr'>operante,</span> <span class='ocrx_word' id='word_1_727' title='bbox 1511 5433 1619 5487; x_wconf 83' lang='lat' dir='ltr'>virtute</span> <span class='ocrx_word' id='word_1_728' title='bbox 1632 5429 1779 5485; x_wconf 79' lang='lat' dir='ltr'>Attissimi</span> 
     </span>
     <span class='ocr_line' id='line_1_58' title="bbox 55 5519 1776 5591; baseline 0.001 -21"><span class='ocrx_word' id='word_1_729' title='bbox 55 5519 260 5590; x_wconf 87' lang='lat' dir='ltr'>tuossepetire</span> <span class='ocrx_word' id='word_1_730' title='bbox 276 5525 408 5574; x_wconf 85' lang='lat' dir='ltr'>nrortuos</span> <span class='ocrx_word' id='word_1_731' title='bbox 422 5521 645 5591; x_wconf 76' lang='lat' dir='ltr'>snostLur.1x).</span> <span class='ocrx_word' id='word_1_732' title='bbox 660 5521 793 5575; x_wconf 88' lang='lat' dir='ltr'>Mortuus</span> <span class='ocrx_word' id='word_1_733' title='bbox 808 5536 889 5575; x_wconf 87' lang='lat' dir='ltr'>mor·</span> <span class='ocrx_word' id='word_1_734' title='bbox 945 5522 1139 5578; x_wconf 91' lang='lat' dir='ltr'>obumbrante</span> <span class='ocrx_word' id='word_1_735' title='bbox 1149 5522 1293 5589; x_wconf 76' lang='lat' dir='ltr'>Qualem?</span> <span class='ocrx_word' id='word_1_736' title='bbox 1303 5524 1443 5578; x_wconf 86' lang='lat' dir='ltr'>Sanctum</span> <span class='ocrx_word' id='word_1_737' title='bbox 1460 5524 1640 5588; x_wconf 88' lang='lat' dir='ltr'>sanctorum,</span> <span class='ocrx_word' id='word_1_738' title='bbox 1665 5519 1776 5590; x_wconf 83' lang='lat' dir='ltr'>Regem</span> 
     </span>
     <span class='ocr_line' id='line_1_59' title="bbox 53 5607 1777 5683; baseline 0.001 -23"><span class='ocrx_word' id='word_1_739' title='bbox 53 5609 115 5661; x_wconf 93' lang='lat' dir='ltr'>tum</span> <span class='ocrx_word' id='word_1_740' title='bbox 123 5607 238 5678; x_wconf 91' lang='lat' dir='ltr'>sepelit,</span> <span class='ocrx_word' id='word_1_741' title='bbox 248 5623 316 5663; x_wconf 91' lang='lat' dir='ltr'>cum</span> <span class='ocrx_word' id='word_1_742' title='bbox 326 5612 464 5678; x_wconf 89' lang='lat' dir='ltr'>peccator</span> <span class='ocrx_word' id='word_1_743' title='bbox 475 5613 660 5680; x_wconf 90' lang='lat' dir='ltr'>peccatorem</span> <span class='ocrx_word' id='word_1_744' title='bbox 671 5608 889 5664; x_wconf 87' lang='lat' dir='ltr'>adulationibus</span> <span class='ocrx_word' id='word_1_745' title='bbox 945 5610 1134 5678; x_wconf 77' lang='lat' dir='ltr'>saeculorum,</span> <span class='ocrx_word' id='word_1_746' title='bbox 1151 5611 1306 5667; x_wconf 87' lang='lat' dir='ltr'>Dominum</span> <span class='ocrx_word' id='word_1_747' title='bbox 1317 5611 1500 5683; x_wconf 85' lang='lat' dir='ltr'>angelorum,</span> <span class='ocrx_word' id='word_1_748' title='bbox 1514 5609 1636 5679; x_wconf 81' lang='lat' dir='ltr'>Regem,</span> <span class='ocrx_word' id='word_1_749' title='bbox 1650 5607 1777 5678; x_wconf 88' lang='lat' dir='ltr'>denique</span> 
     </span>
     <span class='ocr_line' id='line_1_60' title="bbox 52 5694 1779 5773; baseline -0.001 -22"><span class='ocrx_word' id='word_1_750' title='bbox 52 5696 160 5769; x_wconf 89' lang='lat' dir='ltr'>puscit.</span> <span class='ocrx_word' id='word_1_751' title='bbox 176 5696 209 5751; x_wconf 90' lang='lat' dir='ltr'>ln</span> <span class='ocrx_word' id='word_1_752' title='bbox 226 5697 374 5771; x_wconf 88' lang='lat' dir='ltr'>sepulcris</span> <span class='ocrx_word' id='word_1_753' title='bbox 390 5698 641 5770; x_wconf 84' lang='lat' dir='ltr'>concupiscentiae</span> <span class='ocrx_word' id='word_1_754' title='bbox 655 5698 764 5755; x_wconf 90' lang='lat' dir='ltr'>mortui</span> <span class='ocrx_word' id='word_1_755' title='bbox 777 5700 848 5755; x_wconf 83' lang='lat' dir='ltr'>sunt</span> <span class='ocrx_word' id='word_1_756' title='bbox 862 5701 890 5757; x_wconf 87' lang='lat' dir='ltr'>et</span> <span class='ocrx_word' id='word_1_757' title='bbox 944 5713 1080 5773; x_wconf 84' lang='lat' dir='ltr'>regnum,</span> <span class='ocrx_word' id='word_1_758' title='bbox 1096 5702 1126 5754; x_wconf 87' lang='lat' dir='ltr'>et</span> <span class='ocrx_word' id='word_1_759' title='bbox 1139 5699 1297 5759; x_wconf 86' lang='lat' dir='ltr'>Dominum</span> <span class='ocrx_word' id='word_1_760' title='bbox 1306 5699 1503 5766; x_wconf 87' lang='lat' dir='ltr'>dominorum,</span> <span class='ocrx_word' id='word_1_761' title='bbox 1515 5697 1634 5753; x_wconf 89' lang='lat' dir='ltr'>unicum</span> <span class='ocrx_word' id='word_1_762' title='bbox 1646 5694 1779 5768; x_wconf 80' lang='lat' dir='ltr'>Virginis</span> 
     </span>
    </p>
   </div>
   <div class='ocr_carea' id='block_1_5' title="bbox 0 0 1912 6030">
    <p class='ocr_par' dir='ltr' id='par_1_5' title="bbox 0 0 1912 6030">
     <span class='ocr_line' id='line_1_61' title="bbox 0 0 1912 6030; baseline 0 2"><span class='ocrx_word' id='word_1_763' title='bbox 0 0 1912 6030; x_wconf 95' lang='lat' dir='ltr'> </span> 
     </span>
    </p>
   </div>
  </div>
 </body>
</html>
