3796 6022
136 243 197 308 835
558 234 781 301 APPENDIX
795 235 853 298 AD
869 232 1061 301 HUGONIS
1077 235 1220 301 OPERA
1235 238 1491 302 DOGMATICA
1812 237 1868 306 836

140 445 198 513 nis,
215 441 420 497 damnationis.
438 440 479 493 De
494 438 588 509 prima
608 437 734 491 dicitur:
752 436 898 508 Flagellat
909 451 971 492 onr-
987 421 1017 482 Α
1030 439 1196 495 cessarias:
1211 439 1350 509 Primam,
1368 444 1469 496 contra
1491 440 1636 512 triplicem
1660 442 1864 497 contritionem

141 547 208 586 nem
224 530 316 586 flium
332 545 414 601 quem
430 528 538 597 recipit
555 525 660 596 (Hebr.
677 527 739 597 xn).
758 526 799 580 De
820 525 970 580 secunda:
1029 526 1172 597 vulneris,
1184 528 1289 583 livoris
1299 529 1395 601 plagae
1405 530 1554 600 tumentis,
1567 530 1742 599 secundam,
1766 535 1863 585 contra

142 620 292 675 Indurabo
314 634 365 672 cor
389 616 558 670 Pharaonis
578 615 686 680 (fa'xod.
712 616 774 685 vu).
800 614 853 668 Et:
881 613 971 678 Quem
1027 615 1174 686 triplicem
1192 617 1326 672 dolorem
1341 620 1564 688 moesticordis,
1590 619 1724 690 languidi
1750 621 1861 690 capitis,

147 709 207 762 vult
222 708 343 761 indurat
370 705 465 774 (Rom.
484 707 536 774 rx).
553 703 606 758 Et:
628 703 744 758 Addam
769 704 974 758 correctiones
1029 704 1133 776 aegroti
1151 710 1306 775 corporis,
1330 709 1456 776 tertiam,
1474 712 1575 762 contra
1591 708 1739 778 triplicem
1758 709 1862 781 fatiga·

144 802 263 851 vestras
272 796 302 848 in
310 792 484 866 septuplum,
492 797 741 864 propterpeccate
753 798 852 847 vestra
862 792 973 860 (Lavit.
1026 793 1136 848 tionem
1148 794 1241 848 etiam
1251 796 1317 849 sani
1334 797 1479 866 corporis,
1491 796 1630 850 videlicet
1641 797 1765 867 laboris,
1777 813 1861 870 eges·

139 885 233 954 xxvr).
244 882 295 936 Et:
309 882 466 937 Conteram
484 881 655 953 superbiam
672 881 914 951 corruentia).
931 880 973 935 De
1025 882 1105 950 tatis,
1123 883 1569 952 persecutionis.Oleumhabcs
1581 885 1690 941 divinae
1700 887 1863 942 misericor

137 974 222 1027 tertia
233 972 311 1026 dicet
327 970 473 1025 sinistris:
494 970 578 1025 Itein
589 969 970 1041 igncmaeternumfflattli.
1026 969 1092 1039 diae,
1117 971 1148 1025 in
1176 987 1235 1042 quo
1264 971 1366 1027 foveas
1389 974 1512 1027 vulnera
1534 976 1743 1044 peccatorum;
1769 976 1861 1030 oleum

140 1060 223 1128 xxv).
241 1060 420 1114 Vermisncn
431 1060 586 1129 morietur,
599 1061 654 1112 ete.
667 1058 736 1126 (lsa.
747 1060 972 1129 axvi).Amarus
1027 1059 1141 1129 gratiae,
1154 1059 1249 1131 inquo
1261 1061 1381 1132 mitiges
1392 1062 1531 1116 vitiorum
1542 1062 1674 1131 morbos,
1691 1063 1792 1118 oleum
1799 1063 1861 1135 glo·

140 1151 308 1205 lricsuccus
322 1148 490 1216 herbarum,
504 1148 557 1201 sed
568 1148 604 1202 ad
615 1147 813 1202 desiccandos
833 1147 972 1201 vitiorum
1026 1149 1088 1211 rim,
1102 1147 1132 1201 in
1143 1163 1202 1219 quo
1212 1147 1307 1203 lenias
1318 1149 1506 1221 fatigationes
1518 1151 1722 1206 certaminum.
1737 1152 1861 1206 Primum

142 1235 973 1307 humoresesfiaacissimus.Nimisetlronaturestquinon
1026 1238 1072 1290 cst
1082 1252 1154 1307 ergo
1164 1252 1269 1290 sanare
1287 1237 1409 1292 vulnera
1421 1241 1618 1309 pcccatorum,
1630 1240 1798 1295 secundum
1813 1257 1861 1296 cu-

143 1329 242 1383 studet
253 1325 512 1395 concupiscentias
521 1322 974 1396 temperarevelrefrenare,etsi
1026 1340 1092 1379 rare
1108 1324 1229 1379 morbos
1244 1326 1394 1396 vitiorum,
1415 1328 1532 1381 tertium
1548 1328 1641 1382 lenire
1660 1328 1860 1400 fatigationum

142 1415 308 1472 attendatin
320 1414 423 1468 electis
442 1413 519 1467 mala
539 1413 771 1484 septempliciter
779 1413 887 1484 puniri,
899 1412 974 1467 alios
1027 1413 1193 1469 doloresln
1203 1419 1392 1484 peccatorum
1400 1416 1544 1470 medelam
1553 1416 1699 1471 habemus
1709 1417 1859 1472 oleummi-

141 1508 263 1577 propter
272 1507 392 1574 peccata
408 1503 438 1556 in
455 1503 614 1572 reprobum
629 1518 753 1557 sensum
767 1501 832 1556 dari
841 1505 870 1556 et
884 1516 974 1573 quos·
1026 1503 1209 1572 sericordiae,
1222 1503 1439 1559 confectionem
1450 1504 1529 1558 illam
1536 1506 1739 1576 propheticam
1753 1523 1791 1562 ex
1802 1508 1857 1577 pri-

143 1595 210 1649 dam
224 1594 253 1647 in
269 1591 447 1662 supplicium
467 1595 621 1646 aeternum.
638 1591 759 1662 Triplex
773 1595 819 1646 est
834 1591 891 1645 olei
907 1605 975 1660 spe·
1027 1591 1858 1664 manleispecieconfectam:Beatiquorumremissmsunt

144 1684 207 1738 cies
222 1683 251 1736 in
266 1681 376 1735 divinis
401 1680 663 1750 promissionibus.
690 1680 787 1734 Prima
813 1678 972 1750 promissio
1029 1680 1203 1752 iniquitates
1220 1680 1314 1748 (Psal.
1331 1684 1425 1751 xxxi).
1443 1682 1577 1737 Mirabile
1592 1686 1778 1754 unguentum
1793 1685 1858 1738 illud

144 1768 721 1841 veniae,secundagratiae,tertiagloriae.
733 1767 973 1833 Quianonsolum
1029 1769 1107 1840 quod
1122 1785 1181 1823 non
1196 1769 1293 1824 solum
1309 1770 1345 1824 de
1361 1770 1477 1825 infirmo
1498 1786 1614 1841 sanum,
1634 1773 1689 1826 sed
1713 1773 1801 1827 etiam
1826 1774 1857 1828 dc

144 1861 319 1916 delictorum
329 1857 456 1927 veniam,
476 1874 531 1912 nec
551 1859 638 1913 etiam
656 1858 753 1913 solum
768 1858 902 1929 gratiam,
920 1857 974 1911 sed
1031 1858 1140 1913 misero
1151 1857 1355 1912 facitbeatum.
1368 1859 1476 1914 Contra
1495 1860 1633 1915 vitiorum
1642 1861 1767 1916 morbos
1784 1864 1858 1916 acci-

143 1955 172 2006 et
187 1949 312 2022 gloriam
325 1947 405 2001 dabit
414 1947 586 2002 misericors
605 1950 633 2002 et
647 1948 803 2001 miserator
819 1946 973 2002 Dominus.
1029 1963 1065 2017 pe
1081 1947 1167 2001 aliam
1182 1947 1395 2001 confectionem
1410 1963 1448 2001 ex
1468 1949 1533 2003 oleo
1550 1950 1667 2021 gratiae:
1684 1949 1799 2004 Beatus
1816 1953 1858 2005 vir

145 2039 190 2094 Ad
211 2037 335 2108 primam
345 2037 486 2106 pertinet:
508 2036 543 2090 Si
560 2036 674 2091 fuerint
687 2042 810 2108 peccata
829 2040 929 2090 restra
946 2040 976 2087 ut
1029 2036 1112 2107 crp'us
1122 2036 1202 2089 Deus
1212 2036 1331 2108 adjutor
1342 2041 1387 2090 cst
1399 2036 1643 2110 (Psal.uxxx111);
1670 2038 1726 2093 Et:
1751 2038 1858 2094 Beatus

146 2128 303 2192 coccinum,
318 2126 401 2197 quasi
424 2126 479 2178 nix
498 2125 717 2180 dealbabuntur
736 2125 806 2194 (lsa.
820 2126 849 2192 ι).
867 2124 912 2178 nd
927 2138 978 2178 se·
1030 2123 1319 2198 quamtuerudieriS,
1333 2124 1560 2196 DominetPsal.
1574 2128 1672 2198 xuni),
1693 2131 1739 2183 ct:
1758 2128 1863 2184 Beatus

146 2217 272 2272 cundem
280 2215 420 2285 pertinet:
434 2214 855 2287 Divisicncspratiarumsunt
865 2213 893 2281 (l
909 2212 976 2267 Cor.
1030 2216 1080 2286 qui
1085 2212 1245 2268 confiditur
1252 2213 1378 2284 domino,
1386 2215 1545 2286 etc.(l'sal.
1556 2216 1724 2289 11).Beatus,
1732 2217 1858 2291 inquam,

145 2309 208 2377 xn).
221 2305 266 2359 nd
276 2304 406 2358 tertiam:
418 2303 488 2357 Alia
498 2302 594 2375 gloria
603 2303 774 2373 celestium,
788 2301 845 2356 alia
862 2310 979 2356 terres·
1030 2318 1117 2373 quem
1137 2303 1280 2357 Dominus
1300 2301 1430 2374 adjuvat,
1448 2307 1476 2358 et
1490 2305 1595 2375 erudit,
1615 2308 1644 2360 et
1654 2308 1786 2379 protegit
1797 2310 1807 2362 .‘
1818 2307 1862 2360 ad-

148 2398 247 2463 trium,
257 2397 313 2448 etc.
326 2393 428 2460 (ICor.
438 2392 650 2461 xv).Primaad
661 2393 782 2446 vulnera
792 2390 936 2445 medenda
947 2389 979 2442 in
1027 2390 1112 2461 juvat
1126 2392 1162 2445 ad
1178 2392 1298 2461 bonum,
1316 2391 1446 2446 defendit
1461 2395 1562 2447 contra
1577 2395 1697 2466 malum,
1715 2395 1813 2451 erudit
1826 2397 1860 2450 ad

145 2500 233 2541 usum
244 2481 480 2537 unctionisfovet
489 2480 649 2536 salubrius.
662 2479 797 2535 Secunda
808 2480 844 2533 ad
855 2477 978 2532 lumina·
1029 2481 1431 2551 utrumquediscernendum.
1444 2481 1605 2553 adjuvare,
1617 2484 1746 2555 erudire,
1759 2484 1859 2540 defen·

144 2574 188 2629 ria
199 2570 402 2628 concinnanda
413 2570 443 2623 in
452 2586 539 2624 usum
550 2568 760 2624 luminisardet
771 2567 891 2622 clarius
904 2566 978 2620 Ter·
1030 2567 1099 2622 dere
1105 2571 1250 2623 totumest
1255 2570 1368 2641 gratiae.
1382 2569 1661 2644 Primumestigitur
1669 2574 1859 2629 contradefa-

144 2662 230 2718 tiaad
243 2660 354 2716 cibaria
376 2658 541 2713 condienda
559 2659 589 2711 in
607 2674 694 2712 usum
712 2655 883 2711 refectionis
901 2654 979 2725 sapit
1030 2656 1857 2732 ctumfortitudinis,secundacontradefectumveritatie,

145 2751 273 2821 dulcius,
284 2749 352 2822 quia
364 2750 410 2803 est
421 2748 518 2803 oleum
528 2747 647 2815 letitiae,
657 2745 841 2817 participatio
859 2743 974 2816 gloriae.
1028 2745 1146 2800 tertium
1161 2750 1262 2801 contra
1271 2746 1419 2801 defectum
1430 2748 1557 2802 virtutis.
1570 2744 1672 2804 Omnia
1688 2756 1792 2806 contra
1807 2753 1857 2807 de-

146 2843 200 2897 Hae
212 2840 330 2911 species
349 2837 405 2892 olei
425 2839 494 2891 sunt
509 2839 610 2891 contra
618 2835 764 2905 triplicem
782 2834 924 2889 dolorem.
945 2832 977 2887 Si
1029 2832 1139 2888 fectum
1153 2834 1223 2888 boni
1238 2836 1391 2890 naturalis.
1410 2836 1540 2892 Primum
1555 2842 1658 2893 contra
1682 2838 1860 2896 debilitatem

144 2932 228 2986 doles
244 2945 282 2984 ex
295 2928 418 2982 vulnere
435 2925 580 2995 criminis,
596 2928 624 2979 et
639 2924 822 2978 conscientia
836 2926 975 2994 peccato·
1029 2920 1162 2993 languidi
1172 2924 1459 2994 capitis,secundum
1468 2929 1569 2981 contra
1576 2927 1734 2999 caliginem
1741 2945 1862 2985 morren-

142 3024 245 3076 rumte
256 3020 343 3090 urget
358 3016 513 3084 acerbius3
531 3014 632 3085 accipe
647 3013 815 3067 unctionem
832 3013 889 3067 olei
903 3028 974 3082 pro·
1030 3011 1068 3066 tis
1083 3012 1193 3081 cordis,
1210 3013 1327 3067 tertium
1350 3018 1452 3068 contra
1468 3016 1577 3070 infirmi
1593 3016 1772 3073 anxietatem
1799 3035 1862 3074 cor·

142 3111 247 3181 positae
256 3109 362 3173 veniae,
372 3108 401 3160 et
409 3105 508 3173 recipe
517 3102 761 3172 consolationem,
772 3102 807 3156 ad
824 3101 904 3155 illam
918 3117 973 3156 vo·
1030 3101 1123 3170 poris.
1136 3101 1287 3156 Habemus
1296 3102 1392 3156 adhuc
1403 3104 1518 3157 tertiam
1531 3104 1587 3158 olei
1597 3106 1730 3175 speciem
1741 3123 1779 3162 ex
1793 3124 1860 3180 pm·

141 3214 219 3254 cem:
232 3197 439 3254 Nolomortcm
447 3191 626 3264 peccatoria,
636 3191 691 3246 sed
703 3196 932 3246 utconvertatur
944 3195 973 3245 et
1029 3190 1173 3245 missione
1189 3190 1292 3262 gratia
1305 3195 1405 3245 contra
1416 3193 1561 3263 triplicem
1573 3197 1709 3264 corporis
1717 3195 1781 3269 jam
1792 3214 1861 3253 con·

144 3289 225 3342 vivat
237 3284 359 3357 (Eaecli.
369 3280 710 3350 xviri).Ccnrertiminia
720 3281 778 3334 riis
791 3279 974 3351 restrispes·
1028 3278 1207 3334 valescentis
1217 3279 1466 3351 defatigationem.
1479 3281 1587 3336 Contra
1597 3282 1803 3356 fatigationem
1813 3286 1859 3339 ha-

140 3377 226 3431 simis
241 3372 364 3443 (Erech.
376 3370 537 3441 xxx111).Et
549 3387 554 3425 :
580 3370 677 3435 Quare
691 3368 861 3425 moriemini
872 3368 975 3423 domus
1026 3369 1081 3423 bes
1093 3369 1174 3423 illud:
1186 3368 1321 3423 Labores
1336 3386 1470 3423 manuum
1483 3376 1608 3441 tuarum,
1622 3374 1690 3445 quia
1707 3374 1858 3429 manduca·

140 3461 383 3531 Israelithecli,
399 3459 695 3529 xviri).Quaeesttam
710 3458 847 3512 immanis
861 3458 974 3512 contri·
1025 3458 1085 3512 bis:
1098 3458 1210 3512 Beatus
1218 3474 1252 3512 es
1264 3463 1293 3512 et
1304 3457 1381 3513 bene
1402 3459 1459 3513 tibi
1477 3461 1536 3514 erit
1557 3461 1676 3529 (ilfattlr.
1696 3463 1738 3531 v);
1762 3467 1856 3518 contra

139 3551 229 3607 tionis
257 3554 286 3606 et
308 3550 488 3620 poenilentiae
503 3548 677 3615 amaritudo,
701 3563 789 3618 quam
804 3547 897 3601 lenire
913 3560 974 3600 nou
1026 3547 1375 3618 afflictionemegestatis,
1388 3548 1473 3602 illud:
1487 3549 1576 3603 Beati
1582 3566 1735 3622 pauperes
1753 3553 1856 3625 spiritu

140 3641 236 3712 possit
253 3638 345 3711 hujus
363 3638 471 3693 divinae
486 3637 635 3692 unctionis
651 3636 773 3690 infusio.
791 3634 822 3690 Si
837 3634 921 3690 doles
936 3650 974 3689 ex
1026 3637 1160 3709 quoniam
1167 3637 1297 3708 ipsorum
1304 3643 1350 3691 est
1357 3653 1481 3709 regnum
1490 3638 1628 3693 emiorum
1636 3639 1749 3711 (ibid),
1762 3643 1854 3696 contra

140 3730 307 3786 infirmitate
323 3731 351 3784 et
364 3727 482 3782 defectu
497 3729 557 3795 tuo,
574 3727 719 3796 inungere
731 3724 796 3779 oleo
812 3723 970 3793 promisse
1025 3725 1569 3795 tribulationempersecutionis,illud:
1590 3727 1680 3782 Beati
1698 3731 1854 3801 quipersc-

137 3820 252 3894 gratiae,
263 3823 291 3874 et
301 3817 401 3887 accipe
412 3815 449 3871 ab
458 3832 493 3871 eo
506 3815 554 3888 qui
561 3812 929 3877 datomnibuseflluenter,
941 3816 970 3866 et
1027 3816 1175 3869 cntionem
1178 3816 1627 3886 patiunturpropterjustitiam,
1641 3818 1778 3889 quoniam
1788 3820 1853 3890 ipsc

141 3910 254 3966 nemini
259 3905 521 3980 improperattdac.
530 3907 560 3973 ι).
569 3903 614 3958 Si.
624 3902 728 3974 inquit,
740 3901 916 3959 nostisbcna
925 3900 973 3955 da·
1026 3920 1090 3958 rum
1107 3909 1152 3957 est
1168 3918 1293 3975 regnum
1304 3902 1443 3958 coelorum
1453 3904 1563 3974 (ibid).
1580 3904 1654 3970 Quis
1666 3907 1743 3961 inter
1756 3911 1797 3962 tot
1806 3907 1852 3961 tri·

144 3998 253 4053 tadare
262 3995 466 4062 dliisrestris,
475 3992 692 4065 quandomagis
702 3990 798 4045 Pater
809 3995 973 4045 restarem·
1026 3991 1209 4047 bulationum
1224 3992 1384 4046 certamina
1400 4009 1459 4047 non
1473 3993 1561 4048 modo
1575 4010 1635 4049 non
1646 3995 1754 4067 doleat,
1775 4012 1852 4051 veru·

143 4086 231 4141 lestis
242 4079 880 4154 dabitspiritnmbonumpctentibussefetc.
888 4078 970 4148 (Luc.
1026 4082 1144 4137 matiam
1155 4080 1362 4151 exhilarescat,
1374 4097 1440 4135 cum
1450 4081 1610 4152 Scripturas
1622 4087 1808 4140 attestatione
1814 4084 1852 4139 ad·

139 4177 191 4244 xi).
202 4174 266 4228 Hoc
277 4171 364 4225 induc
376 4169 458 4224 vasis
466 4168 605 4222 inanibus
615 4184 652 4222 ex
663 4170 822 4238 praecepto,
830 4167 899 4238 quia
912 4182 971 4221 non
1027 4171 1123 4225 discat
1133 4171 1169 4225 de
1181 4186 1239 4242 quo
1251 4170 1391 4224 haesitare
1399 4186 1459 4225 non
1469 4172 1584 4242 audeat,
1597 4174 1739 4244 quoniam
1749 4174 1850 4230 Beatus

139 4263 220 4319 novit
231 4260 368 4329 deficere,
384 4258 444 4313 nisi
461 4274 528 4312 cum
545 4272 617 4311 vasa
632 4272 725 4310 vacua
735 4255 883 4310 defuerint
905 4271 972 4327 quae
1030 4261 1078 4314 vir
1088 4260 1136 4332 qui
1151 4258 1259 4314 suffert
1276 4261 1478 4328 tentationem,
1495 4263 1629 4333 quoniam
1644 4279 1709 4316 cum
1718 4263 1851 4334 probatus

137 4353 262 4425 possent
276 4348 400 4419 impleri.
418 4347 449 4402 Si
465 4345 549 4401 doles
561 4345 596 4399 de
613 4344 861 4413 tribulationibus,
876 4343 970 4399 habes
984 4375 1011 4438 D
1027 4349 1121 4404 fuerit
1132 4348 1257 4420 accipiet
1268 4363 1404 4402 coronam
1429 4349 1497 4403 vitae
1517 4349 1591 4419 (dac.
1601 4348 1639 4419 1)t
1657 4351 1715 4406 hoc
1730 4355 1786 4422 est,
1801 4365 1850 4422 quo

137 4438 357 4512 oleumgloriae,
374 4436 451 4491 unde
468 4435 670 4506 fatigationem
694 4433 808 4503 levans,
834 4431 967 4486 dolorem
1028 4436 1850 4513 apostotlibantgaudentcsaconspectuconsiliiquonian

139 4531 258 4602 mitiges
267 4528 304 4582 ab
313 4527 364 4581 illo
375 4525 508 4596 pretioso
522 4522 718 4595 unguentaria
736 4523 787 4593 qui
798 4521 886 4575 dicit:
901 4521 969 4576 Non
1028 4527 1114 4598 digni
1120 4525 1217 4580 habiti
1227 4533 1296 4580 sunt
1304 4542 1361 4597 pro
1368 4527 1484 4581 nomine
1500 4527 1571 4582 desa
1586 4529 1792 4584 contumeliam
1797 4526 1850 4602 pati

137 4626 205 4676 sant
214 4614 528 4688 condr'pnaepassioues
538 4612 626 4683 liujus
637 4610 779 4681 temporis
795 4609 832 4664 ad
840 4608 969 4663 saturem
1028 4616 1107 4687 (Act.
1115 4616 1156 4686 v).
1165 4614 1244 4686 Ergo
1252 4615 1400 4669 tertiaolei
1408 4615 1526 4685 species
1539 4615 1609 4670 facit
1621 4617 1658 4671 de
1671 4618 1849 4673 tribulatione

136 4709 331 4782 gloriatinetc.
339 4705 433 4773 (Itom-
444 4705 516 4771 vul).
527 4700 654 4755 Primam
660 4699 828 4754 unctionem
840 4697 970 4753 Samari·
1026 4705 1184 4778 gaudentis
1192 4703 1407 4777 [gaudentcs‘l],
1419 4720 1485 4758 cum
1493 4704 1742 4780 speret[spercat]
1757 4709 1787 4762 in
1797 4721 1849 4761 cer

136 4800 223 4852 tanus
246 4793 421 4849 infundebat
431 4791 458 4845 ci
475 4791 524 4861 qui
549 4789 652 4843 incidit
667 4788 698 4842 in
718 4787 859 4856 latronse,
880 4791 909 4842 et
937 4802 972 4841 ea
1025 4795 1143 4864 tamine,
1152 4793 1229 4864 quod
1237 4792 1399 4861 oculusnon
1410 4792 1494 4863 vidit,
1505 4809 1559 4848 nee
1570 4795 1655 4849 auris
1667 4796 1794 4865 audivit,
1805 4808 1848 4849 net

136 4883 286 4957 peccatrix
301 4881 407 4935 mulier
430 4880 546 4934 sanavit
569 4878 691 4933 vulnera
714 4893 778 4931 sua.
805 4876 971 4932 Secundam
1025 4881 1577 4952 incorlrominisascendit,(Isa.nx1v3
1593 4882 1680 4939 lCor.
1693 4886 1736 4956 u).
1752 4883 1849 4939 Stude·

137 4970 305 5043 accepitqui
312 4969 437 5024 dicebat:
448 4968 550 5024 Gratia
557 4967 614 5022 Dei
620 4983 693 5034 sum,
702 4967 733 5021 in
740 4965 815 5039 quod
827 4982 900 5031 sum,
914 4968 969 5019 etc.
1025 4988 1109 5026 amus
1125 4987 1197 5042 ergo
1213 4986 1251 5025 ex
1266 4969 1313 5024 his
1326 4970 1491 5025 secundum
1507 4988 1591 5026 suam
1606 4973 1735 5045 quisque
1749 4973 1848 5028 utilita-

139 5063 166 5132 (1
175 5061 243 5117 Gor.
254 5060 327 5127 xm).
341 5058 413 5113 Haec
424 5074 484 5113 non
497 5057 584 5112 debet
598 5072 667 5111 csse
676 5071 780 5125 vacua,
794 5070 861 5126 quae
875 5069 972 5108 exem·
1025 5061 1083 5115 tem
1094 5061 1122 5113 et
1131 5059 1270 5113 virtutem
1278 5058 1393 5112 infirma
1404 5062 1506 5114 nostra
1517 5060 1629 5131 fovere,
1638 5077 1675 5116 ae
1691 5062 1847 5118 illadiviae

137 5149 439 5223 plcatverbodocuit.
451 5147 593 5216 Exemplo
605 5162 611 5201 :
622 5146 663 5200 Et
677 5145 776 5217 gratia
793 5144 859 5215 ejus
877 5143 909 5196 in
926 5159 972 5199 me
1025 5147 1237 5217 increpationis
1261 5163 1422 5219 arguamur
1446 5149 1611 5204 sententia:
1640 5150 1750 5206 Vulnus
1774 5157 1803 5206 et
1817 5149 1848 5203 li·

143 5254 296 5297 racuanon
307 5236 482 5308 fuittibid.).
496 5235 608 5289 Verbo:
636 5233 750 5300 Videte,
768 5232 872 5305 inquit,
888 5247 926 5286 ne
940 5232 971 5285 in
1028 5253 1089 5303 ror,
1108 5241 1137 5290 et
1147 5236 1236 5308 plaga
1253 5240 1368 5290 tumens
1383 5243 1496 5291 nonest
1510 5237 1727 5311 circumligata,
1745 5255 1799 5296 nec
1812 5253 1849 5293 cu

143 5345 262 5386 vacuum
282 5327 410 5399 gratiam
428 5325 485 5380 Dei
498 5322 708 5394 recipiatistll
717 5321 785 5376 Cor.
802 5323 855 5391 vr).
874 5320 972 5374 Tertia
1025 5332 1091 5381 rata
1106 5325 1312 5395 medicamine,
1330 5341 1424 5397 neque
1439 5325 1500 5380 fota
1516 5325 1587 5392 oleo,
1607 5330 1664 5382 etc.
1681 5327 1749 5398 (Isa.
1766 5329 1797 5398 ι).

137 5419 302 5492 'prudentes
317 5415 462 5486 virgines,
477 5413 621 5466 intrantes
645 5410 675 5464 in
700 5410 841 5482 gaudium
855 5408 971 5464 Domini
1097 5419 1160 5472 Tm.
1177 5413 1316 5468 xxxlv.
1333 5412 1377 5468 De
1389 5413 1543 5486 publicani
1556 5416 1785 5487 justificatione.

143 5507 201 5573 ⁸¹15,
213 5497 970 5574 ⁰²fldmlllfissssAssnif⁰⁰¹¹b⁸¹1²⁸⁸thundflssllMttltlt·
1062 5508 1171 5566 Tribus
1177 5503 1373 5560 virtutibusin
1379 5502 1498 5559 domum
1509 5520 1596 5560 auam
1608 5505 1696 5562 rediit
1706 5505 1850 5580 justifica·

142 5596 225 5672 aar).
235 5593 387 5653 Habemus
397 5605 470 5672 ergo
480 5592 543 5648 tres
556 5587 613 5648 olei
623 5588 752 5666 species,
771 5588 860 5646 utiles
871 5589 900 5647 et
918 5602 972 5647 na·
1026 5604 1092 5660 tus:
1105 5595 1282 5665 obedientia,
1295 5609 1353 5671 qua
1363 5609 1397 5652 se
1405 5593 1479 5653 dixit
1489 5609 1620 5670 serrum,
1629 5593 1759 5674 justitia,
1770 5610 1851 5675 quarn
