3816 6030
552 267 867 335 miscentem.
883 303 920 320 -
937 269 1017 335 LIB.
1033 271 1071 334 V.

1611 277 1681 343 ,774

67 487 175 526 loreum
186 471 281 526 fluens
293 471 379 543 (quod
391 470 630 541 sonatdieholus)
642 470 787 542 reprobos
801 451 831 514 Α
843 470 951 542 pediam
967 487 1097 527 meorum
1112 471 1313 529 dinumerasti
1325 473 1402 541 (tob.
1420 476 1492 544 xlii).
1508 475 1581 540 Quis
1596 476 1681 534 locus

67 577 82 615 a
106 561 257 631 sapientes
280 561 401 615 invadit.
419 560 532 626 Quibus
556 560 615 614 sibi
639 559 786 631 subjectis

72 666 125 704 eos
141 665 218 720 quos
233 650 364 704 deseruit
388 649 608 704 accusationem
626 651 785 720 retorquet.

67 743 83 792 it
97 739 185 794 Satan
201 739 317 806 dieitur,
335 738 402 809 qma
424 739 452 792 in
475 753 582 792 nomen
597 738 788 793 adversarius

68 830 174 880 etatur.
208 827 325 880 Utinam
353 830 382 880 et
407 827 443 881 de
473 827 559 881 nohis
588 843 647 881 non
676 827 790 882 dicatur

67 916 194 987 sequitur
217 932 223 969 :
250 916 290 969 tlt
307 932 363 969 non
380 923 425 970 cst
440 917 581 970 iuventus
599 915 723 987 amplius
739 932 789 970 ea-

67 1022 116 1058 cus
133 1006 163 1058 iu
178 1004 251 1058 emto
264 1006 366 1076 (Apoc.
385 1008 445 1067 ιιι).
472 1004 552 1058 Multi
579 1004 656 1058 enim
682 1004 790 1058 abeunt

845 559 901 614 erit
915 560 989 630 spei,
1007 576 1073 615 cum
1089 561 1204 615 venerit
1215 560 1319 632 judex,
1337 563 1386 633 qui
1403 564 1483 618 stetit
1498 565 1680 638 subjudice,

844 649 1077 718 praecinentibus
1105 648 1194 718 tubis,
1220 649 1414 704 clamantibus
1444 656 1680 727 accusatoribus,

845 736 1018 791 ardentibus
1029 737 1183 791 elementis
1192 739 1205 791 i
1215 738 1258 792 hd
1271 737 1360 809 cujus
1371 739 1680 815 fugiemusauxitium,

846 841 910 879 cum
928 825 1018 898 ignis,
1037 825 1145 879 emtum
1160 830 1189 879 et
1203 828 1312 892 terram
1328 827 1484 883 luctatibus
1495 831 1631 887 miscebit
1641 834 1683 888 in·

846 914 983 968 cemliis‘?
1008 913 1114 968 Veniet
1136 915 1192 969 iste
1218 931 1285 969 cum
1307 921 1450 985 potestate
1471 921 1499 972 et
1515 919 1680 992 majestate,

845 1018 904 1056 nou
929 1017 996 1056 cum
1014 1002 1170 1057 dulcedine
1187 1007 1215 1057 et
1231 1003 1392 1060 humililate
1408 1007 1476 1077 quia
1491 1008 1681 1081 illicjustitia

70 1096 116 1147 ost
132 1092 362 1163 professionem,
388 1093 543 1164 inquibus
559 1093 696 1148 diabolus
709 1093 791 1163 ponit
843 1091 931 1163 plenu
948 1097 994 1146 est
1010 1091 1137 1146 deutera
1154 1092 1218 1162 rjus
1233 1092 1326 1161 (l’sai.
1344 1100 1431 1158 xnvnl
1446 1111 1452 1150 :
1470 1097 1520 1167 qui
1535 1097 1584 1152 hic
1599 1100 1684 1154 mise-

68 1197 155 1236 suum
171 1185 199 1235 el
214 1182 326 1235 sedem.

846 1179 1004 1234 ricordiem
1029 1180 1186 1234 seminavit
1209 1184 1237 1234 et
1258 1183 1379 1251 sparsit.
1395 1183 1477 1238 Tunc
1500 1186 1548 1240 ille
1563 1187 1682 1242 miseri-

67 1270 139 1324 bvi.
165 1270 210 1324 De
231 1270 440 1324 misericordia
465 1276 495 1325 et
518 1269 577 1326 dde
592 1271 793 1343 purgantibus
848 1284 916 1322 cors
933 1267 1039 1323 oculus
1054 1284 1113 1322 non
1129 1273 1239 1338 parcet,
1257 1286 1312 1324 nec
1327 1272 1535 1342 miserebitur3
1552 1276 1606 1330 sed
1617 1293 1684 1347 per-

304 1365 437 1431 peccata.
849 1357 938 1411 cutiet
952 1360 981 1412 et
995 1358 1119 1411 occidet.
1136 1358 1314 1413 Peccatores
1325 1363 1422 1414 autem
1433 1363 1527 1432 quid?
1542 1363 1684 1420 Videntes

79 1448 318 1502 misericordiam
333 1454 362 1502 et
379 1447 466 1502 iidem
480 1454 650 1521 purgantur
670 1454 792 1520 peccata
849 1445 1046 1500 turbabuntur
1064 1446 1167 1501 timore
1189 1446 1334 1517 horribili,
1353 1449 1406 1503 sed
1422 1451 1605 1522 corrigibili:
1624 1456 1684 1508 Au-

79 1544 139 1609 xvl.
159 1537 189 1590 ld
205 1537 245 1590 ait
265 1536 404 1591 Salomon
429 1538 541 1591 teneris
557 1540 585 1591 et
600 1537 745 1592 delicatis.
761 1536 792 1592 Si
849 1535 964 1590 dientes
980 1534 1050 1589 illud
1067 1536 1246 1591 horrendum
1262 1538 1504 1609 tonitruumzllc,
1521 1540 1683 1609 irraledicti,

67 1643 201 1698 acrymes
223 1642 281 1680 non
301 1626 420 1695 habent,
438 1626 559 1680 horrent
573 1626 703 1695 labores,
721 1642 791 1680 nes·
849 1623 880 1677 iu
891 1624 990 1694 ignem
997 1629 1141 1678 arternum
1152 1626 1271 1696 (liuttb.
1282 1626 1363 1687 xxv).
1376 1627 1448 1692 Quis
1459 1643 1532 1700 ergo
1543 1645 1577 1684 es
1589 1634 1619 1685 tu
1635 1632 1685 1702 qui

67 1732 131 1772 erre
146 1715 363 1784 tribulationes
381 1715 529 1785 quomodo
544 1732 559 1769 a
576 1715 632 1770 lule
648 1731 681 1769 se
700 1731 793 1770 excu—
850 1712 1015 1767 contemnis
1030 1712 1297 1769 divitiasbonitatis
1312 1719 1341 1770 et
1356 1717 1503 1786 patientiae
1520 1718 1685 1776 Deitscias

90 1807 119 1860 et
143 1804 371 1858 misericordia?
394 1803 469 1870 Quid
496 1805 699 1859 misericordia
720 1821 790 1859 sua-

67 1895 134 1967 quid
150 1894 207 1949 fide
219 1893 404 1965 jucundius?
421 1893 492 1948 Haec
504 1893 601 1949 oleum
613 1894 729 1964 melius,
743 1894 792 1948 illu

73 1984 179 2038 oculis
198 1982 269 2038 Haec
286 1983 370 2054 ungit
384 1981 518 2052 allectus,
536 1983 585 2036 ille
600 1999 710 2037 sensus
727 1983 792 2038 illu-

72 2076 100 2127 et
120 2072 222 2144 dirigit
245 2074 276 2126 ut
297 2087 348 2125 eas
373 2072 409 2125 ad
424 2072 549 2126 lumena
565 2072 707 2141 tenebris,
724 2072 792 2144 quie

67 2161 163 2216 cordia
188 2177 242 2214 sua
266 2160 441 2231 impendens
466 2161 561 2216 reddit
584 2161 701 2231 debita3
717 2161 792 2216 tides

67 2252 155 2323 gratis
170 2251 235 2304 sine
252 2250 393 2320 operibus
418 2249 630 2322 indulgentiam
647 2251 791 2322 impetrat.

67 2339 229 2395 sericordia
251 2339 382 2394 dieitur:
404 2339 480 2393 Date
504 2339 737 2413 eleemosynam
764 2346 793 2395 et

67 2429 134 2483 unia
144 2428 249 2482 munda
258 2433 326 2482 sunt
340 2428 511 2500 vobis(Luc.
524 2429 575 2490 ιιι).
587 2429 627 2483 De
639 2429 772 2484 secundo
785 2445 791 2484 :

70 2517 163 2573 Fides
179 2523 225 2571 tua
241 2523 270 2572 te
287 2517 400 2572 salvum
424 2517 497 2573 iecit
522 2515 602 2578 (Luc.
620 2517 690 2579 vui).
709 2517 793 2573 Unde

67 2623 97 2662 ιο
113 2607 216 2661 merito
228 2605 405 2678 junguntur.

67 2695 151 2751 LVll.
162 2696 206 2751 De
215 2693 507 2767 ineritalrilijudicio
516 2695 572 2750 Dei
588 2697 722 2768 quamsit
735 2701 795 2752 tre-

67 2785 140 2852 cium,
154 2786 215 2840 uisi
222 2785 260 2840 ad
271 2784 511 2839 misericordiam
527 2785 757 2858 confugerimus

67 2873 797 2946 iDominicontempianturborrosetmalosincirini

67 2965 138 3021 hor.
151 2964 325 3033 xv).Oculos
336 2963 487 3018 hominum
497 2964 631 3032 timuisti,
639 2964 797 3019 oculosAl·

847 1799 934 1873 juxta
959 1802 1132 1872 apostolum
1156 1803 1234 1874 quod
1255 1819 1313 1857 non
1334 1806 1456 1860 evasisti
1469 1805 1616 1878 judicium
1632 1809 1686 1865 Dei

850 1891 945 1960 (Item.
962 1892 1002 1952 nl.
1019 1890 1128 1961 Aspice
1143 1907 1216 1963 ergo
1232 1892 1315 1962 prius
1328 1893 1538 1951 abundantiam
1552 1903 1686 1967 peecato-

851 1995 916 2034 rum
930 1981 1058 2049 tuorum,
1085 1981 1217 2035 secundo
1242 1982 1463 2055 negligentiam,
1488 1986 1574 2040 tertio
1590 1988 1620 2041 in
1637 1988 1684 2043 his

851 2069 1030 2138 palentiam,
1056 2072 1161 2140 quarto
1185 2070 1221 2124 ad
1247 2069 1314 2141 ejus
1330 2071 1564 2129 misericordiam
1579 2075 1683 2132 oculos

851 2157 960 2212 attolle.
977 2157 1060 2212 Licet
1073 2160 1255 2228 peccaveris,
1278 2159 1458 2232 neglexeris,
1475 2165 1503 2218 et
1516 2163 1685 2234 patientiam

851 2246 887 2300 ad
913 2247 985 2301 iram
1008 2249 1229 2316 provocaveris,
1253 2252 1372 2318 paratus
1393 2253 1439 2304 est
1454 2252 1600 2320 misereri,
1618 2270 1685 2309 cum
1771 2311 1775 2321 ,

851 2335 983 2390 volueris
994 2335 1113 2390 reverti.
1126 2337 1276 2405 adnitere,
1288 2338 1407 2394 abolere
1418 2343 1446 2394 et
1457 2343 1685 2412 tegerepecoate

850 2428 909 2493 lua,
939 2426 968 2479 et
988 2423 1136 2496 projicere
1162 2425 1190 2479 in
1215 2425 1393 2496 protundum
1417 2431 1529 2500 muris,
1555 2447 1609 2486 nec
1632 2434 1687 2488 erit

852 2528 933 2567 mora
947 2513 1024 2568 iuter
1039 2514 1226 2569 confitentem
1237 2518 1265 2569 et
1280 2517 1485 2584 remittentem,
1502 2521 1570 2591 quia
1586 2522 1687 2595 benig·

851 2618 909 2657 uus
937 2605 966 2657 et
989 2603 1161 2658 misericors
1182 2607 1237 2659 est.
1262 2603 1335 2660 Sunt
1358 2605 1493 2662 homines
1520 2607 1624 2665 faciles
1649 2613 1687 2667 ad

853 2691 936 2762 irarn,
952 2691 1091 2747 difliciles
1107 2693 1143 2747 ad
1164 2694 1409 2764 miscricordiam,
1426 2711 1460 2750 ao
1476 2698 1601 2767 pedihus
1622 2701 1687 2756 suis

853 2781 1009 2836 devolutos
1024 2797 1083 2835 nou
1099 2782 1196 2836 solum
1220 2783 1311 2854 loqui,
1337 2784 1451 2839 sedvel
1468 2789 1619 2858 respicere
1634 2790 1687 2845 de-

853 2869 1021 2941 dignantes.
1048 2869 1114 2924 Non
1133 2871 1177 2924 sic
1194 2871 1338 2927 Dominus
1354 2873 1444 2929 lesus
1473 2875 1627 2933 Libentius
1642 2879 1688 2934 lo·

854 2960 954 3030 quitur
968 2975 1083 3014 mecum
1099 2975 1186 3030 quam
1202 2976 1268 3014 cum
1285 2976 1319 3015 eo
1331 2978 1418 3033 quem
1430 2964 1558 3034 invenio,
1571 2968 1688 3038 quoties

67 3058 138 3107 lacn
149 3053 305 3123 expavisti,
315 3052 351 3107 de
362 3068 421 3123 quo
432 3053 574 3123 propheta
584 3068 590 3108 :
601 3053 681 3108 Ecce
692 3054 797 3123 tu,1)o
814 3083 842 3145 c
854 3046 1105 3119 qumro.Occurrit
1121 3063 1187 3102 cum
1198 3049 1325 3123 panibus
1335 3049 1457 3122 lugienti
1469 3068 1476 3120 3
1488 3054 1598 3125 ubique
1608 3057 1687 3127 pius,

67 3141 250 3215 ucaprrovisti
258 3142 354 3195 ornata
362 3142 524 3196 novissima
536 3143 693 3214 etantiqua
700 3141 794 3211 (PsaI.
854 3137 964 3208 ubique
979 3136 1086 3208 dulcis,
1102 3137 1213 3208 ubique
1230 3154 1296 3193 cum
1308 3155 1414 3211 magna
1430 3141 1613 3199 multitudine
1629 3144 1690 3200 dnl-

67 3230 116 3303 ιιι).
128 3231 231 3302 Neque
242 3230 278 3284 ah
289 3230 410 3300 oriente,
424 3247 519 3301 neque
530 3231 566 3285 ah
579 3231 731 3287 occidente
743 3247 797 3285 ae·
854 3222 969 3281 cedinis
991 3241 1065 3281 suae.
1091 3226 1158 3282 Non
1180 3226 1250 3281 iacit
1272 3229 1474 3300 supercilium,
1500 3231 1603 3287 oculos
1628 3248 1688 3289 non

67 3321 185 3376 teser-tis
199 3320 340 3374 montium
352 3320 436 3374 locus
446 3323 492 3374 est
503 3320 646 3392 fugiendi,
659 3320 797 3391 quoniam
854 3315 985 3387 obliquat
997 3330 1004 3386 ;
1016 3316 1070 3370 sed
1082 3316 1211 3370 occurrit
1221 3318 1378 3372 revertenti
1392 3319 1442 3389 ,iu
1452 3320 1608 3391 amplexus
1619 3324 1686 3393 ruit,

67 3409 144 3465 udex
155 3413 201 3464 est
212 3425 220 3478 ς
231 3414 259 3464 et
269 3410 307 3463 ita
316 3425 375 3463 non
387 3408 798 3480 usurpatsibijudiciumcum
851 3403 938 3477 jubet
952 3403 1079 3476 perferri
1087 3405 1193 3459 stolam
1208 3406 1340 3476 primam,
1353 3408 1416 3463 dari
1425 3409 1454 3464 in
1465 3427 1583 3466 manum
1597 3428 1692 3468 annu·

67 3515 115 3569 us;
132 3499 280 3569 corrumpi
296 3515 355 3553 non
369 3503 476 3568 potest,
493 3499 561 3569 quin
573 3498 676 3570 justus
692 3503 755 3570 est3
772 3499 799 3553 ei
854 3494 925 3564 lum,
951 3494 1088 3550 occidere
1109 3495 1233 3549 vitulum
1255 3496 1422 3567 saginatum
1437 3499 1467 3552 in
1483 3502 1692 3558 remissionem

73 3604 132 3643 uon
143 3591 251 3658 potest,
263 3588 331 3658 quie
340 3588 425 3642 tortis
437 3591 492 3655 est,
504 3589 668 3659 impetuose
680 3588 799 3660 nonju-
854 3587 1054 3653 peccatorum,
1085 3600 1152 3638 cum
1178 3584 1352 3656 symphonia
1378 3587 1480 3642 reduci
1503 3590 1539 3644 ad
1562 3607 1691 3661 superna

67 3678 128 3749 {uia
140 3677 401 3748 patiensest.Vidit
411 3682 554 3747 operatua
562 3681 590 3731 et
598 3678 800 3733 excursusssa·

67 3782 105 3823 uu
121 3769 249 3834 tuorum,
263 3769 291 3819 et
306 3766 477 3820 comminuit
492 3767 565 3820 iram
575 3782 677 3836 suam3
692 3766 800 3821 coelum

67 3854 208 3922 lminavit,
219 3871 295 3924 aqua
308 3872 366 3908 non
378 3855 550 3924 submersit,
570 3870 629 3909 non
646 3854 801 3909 absorbuit

84 3943 120 4000 Et
138 3961 204 3999 cum
225 3945 320 3998 omnis
337 3947 414 3998 terra
430 3943 468 3998 sit
483 3944 567 4015 plena
581 3944 674 4015 gluia
690 3944 753 4013 Dei,
771 3945 800 3999 iu

67 4050 92 4089 m
102 4033 169 4107 ejus
181 4037 260 4088 tuam
271 4034 421 4088 miseriam
433 4034 601 4103 evomuisti,
614 4048 668 4087 nec
686 4032 800 4087 reveri-

67 4164 68 4169 .
87 4126 264 4195 praeseutem
284 4123 377 4177 Deum
399 4126 544 4178 eteorum
562 4125 640 4177 tanta
659 4121 801 4176 munditia

67 4212 278 4268 immunditiam
296 4227 452 4267 exercere.
477 4211 543 4282 lpse
567 4215 664 4266 autem
689 4211 799 4282 inquit:

67 4307 136 4358 rtem
147 4308 282 4374 tanquam
294 4319 350 4357 non
365 4302 479 4356 videns.
492 4301 631 4372 Nunquid
641 4301 730 4356 alicui
745 4300 801 4355 mi-

855 3672 1069 3745 gaudia.Vides
1086 3688 1174 3744 quam
1190 3674 1279 3746 longa
1294 3675 1443 3745 patientia,
1461 3694 1548 3748 quam
1564 3680 1690 3736 veloxiu

856 3762 917 3817 Deo
934 3761 1138 3817 misericordia
1151 3778 1157 3817 :
1172 3764 1372 3835 Lonpauimis,
1385 3765 1568 3837 aitsanctus,
1582 3770 1692 3824 etmul-

858 3857 916 3906 tum
931 3852 1108 3906 misericors
1123 3851 1217 3921 (Psal.
1235 3853 1291 3915 cri).
1310 3853 1396 3908 Absit
1410 3870 1483 3927 ergo
1499 3860 1530 3910 ut
1543 3860 1621 3912 tanta
1635 3860 1692 3913 mi-

857 3940 1019 3996 sericordia
1035 3941 1171 3995 abutatur
1184 3941 1361 3997 ambulando
1378 3943 1407 3998 in
1423 3945 1564 4014 passione
1578 3947 1693 4003 deside·

856 4030 893 4084 rii
909 4031 967 4101 sui,
985 4031 1062 4085 sicut
1078 4034 1184 4102 gentes
1198 4047 1264 4102 qum
1281 4032 1419 4103 ignorant
1435 4034 1545 4092 [leuml
1564 4037 1624 4092 Vos
1640 4037 1691 4110 qui

858 4135 968 4191 corpus
1001 4120 1111 4175 Christi
1139 4124 1188 4175 aut
1217 4123 1400 4176 consecratis
1430 4127 1480 4178 aut
1507 4125 1692 4194 ministratis,

858 4209 969 4265 Christi
994 4210 1111 4279 corpori
1134 4210 1219 4264 electi
1243 4212 1368 4280 servire,
1391 4216 1421 4267 ut
1437 4230 1503 4268 cum
1519 4215 1693 4286 imperatore

861 4298 1001 4355 sedeatis.
1017 4298 1078 4364 Qua
1094 4302 1200 4369 mente,
1217 4316 1274 4371 qua
1290 4302 1472 4357 conscientia
1487 4305 1639 4374 acceditis,
1656 4307 1693 4361 ad

67 4408 127 4448 rum
138 4407 262 4446 suorum
282 4391 332 4462 qui
344 4390 463 4462 judices
475 4394 545 4444 sunt
562 4391 614 4445 iras
626 4389 693 4461 ejus
705 4390 734 4444 in
744 4390 800 4444 hoc
818 4412 845 4474 D
860 4392 964 4444 sancta
978 4392 1148 4442 satiatorum
1160 4403 1285 4459 qiaorum
1297 4391 1355 4444 vita
1365 4392 1514 4462 notabilia,
1532 4393 1608 4447 lama
1623 4410 1692 4449 con-

82 4482 243 4546 constituli,
254 4479 396 4534 revelavit
404 4478 595 4552 ignominiam
610 4480 713 4534 tuam?
724 4479 800 4533 Ecce

67 4572 169 4625 ltlacet
180 4585 216 4623 ne
225 4569 348 4640 judicat.
361 4569 446 4624 Videt
463 4584 559 4640 neque
567 4567 681 4640 judicat
694 4583 701 4638 ;
721 4568 802 4622 videt

67 4674 105 4714 ire
116 4657 400 4727 dissimulal.Vocat,
419 4661 447 4712 et
462 4673 520 4712 nou
532 4658 617 4712 audis
630 4673 637 4728 3
649 4658 801 4728 promittit,

67 4747 187 4816 lamnis,
199 4748 335 4817 mintur,
346 4763 400 4802 uec
413 4746 529 4801 metuis,
538 4746 736 4801 l'lrenaurisas
747 4746 804 4800 tibi

67 4836 141 4892 ndie
151 4836 307 4906 irretitam.
320 4837 361 4907 ιι).
376 4837 566 4891 {nectentem
575 4835 697 4890 multum
708 4836 747 4890 sit
753 4852 803 4906 pa·

71 4940 127 4983 nee
142 4925 288 4980 irascatur
302 4941 355 4995 per
371 4926 509 4997 singulos
520 4925 585 4979 dies
602 4925 707 4979 oculus
722 4925 800 4996 ejus,

67 5016 229 5071 recentibus
245 5018 354 5086 parcat,
372 5018 418 5069 est
433 5018 530 5069 tamen
543 5013 637 5085 judex
656 5013 758 5085 justus
775 5017 803 5067 et

81 5103 222 5175 Nunquid
237 5104 288 5175 qui
303 5103 341 5157 ita
356 5104 446 5157 tacuit
461 5118 580 5173 semper
603 5103 733 5158 tacebit‘.t
757 5104 802 5156 An

67 5193 150 5266 egisti
175 5193 243 5264 quia
268 5192 471 5265 adjudicium
493 5192 600 5261 veniet,
634 5191 803 5262 patientiam

67 5298 124 5348 aas,
142 5283 333 5338 humilitatem
350 5282 499 5351 nesciens,
516 5280 659 5353 ignorans
683 5281 803 5336 miseri-

67 5373 124 5429 ιιιι
138 5371 298 5429 Attendisti
309 5372 453 5443 patienter
463 5373 608 5424 tacentem
621 5385 628 5439 ;
643 5369 759 5424 attende
775 5372 805 5424 et

67 5465 154 5519 enter
173 5463 353 5534 loquentem.
375 5460 470 5529 Sicut,
501 5459 605 5531 inquit,
627 5459 805 5531 parturiens

67 5551 157 5625 ’,(Ιει.
173 5552 254 5623 xcii).
275 5549 380 5606 Vidisti
395 5549 641 5620 dissimulantem,
659 5548 761 5619 videas
776 5551 806 5605 et

67 5657 209 5721 nemque
223 5642 343 5701 minima
358 5641 526 5700 minantem.
544 5639 688 5716 vestigia,
699 5638 804 5717 inquit,

860 4477 1052 4549 temptihilis3
1075 4494 1173 4532 sermo
1198 4478 1322 4532 habetur
1346 4480 1616 4549 reprehensibilis?
1632 4482 1692 4537 Ve-
1753 4479 1758 4484 ’

858 4571 1022 4623 rumtamen
1039 4569 1065 4622 si
1080 4567 1188 4638 aliquis
1204 4567 1260 4622 talo
1276 4567 1386 4639 aliquid
1402 4568 1432 4622 in
1448 4569 1585 4625 cubiculo
1601 4586 1692 4625 cons-

859 4657 974 4713 cientia
989 4657 1185 4727 complicavit,
1202 4655 1356 4726 displiceat
1371 4657 1452 4727 illud,
1469 4660 1496 4712 et
1512 4673 1564 4728 per
1579 4660 1694 4716 contee-

859 4747 974 4802 sionem
998 4746 1101 4810 deleat,
1119 4748 1148 4799 et
1163 4761 1217 4814 per
1231 4746 1428 4814 paenitentiam
1451 4747 1567 4816 ablunt3
1592 4751 1621 4803 et
1635 4764 1692 4822 ego

859 4836 964 4906 eidem,
990 4836 1048 4889 nati
1074 4834 1161 4889 nobis
1185 4835 1267 4904 pueri
1284 4835 1321 4896 (si
1336 4838 1433 4889 lamen
1448 4835 1474 4890 ei
1490 4839 1577 4891 natus
1592 4836 1690 4910 tuerit,

859 4926 1016 4996 ipsumque
1040 4924 1071 4976 in
1094 4922 1173 4992 pelvi
1191 4923 1291 4977 cordis
1313 4923 1471 4978 habentem
1492 4941 1598 4997 aquam
1623 4928 1692 5000 igne

859 5011 1009 5070 charitatis
1019 5011 1327 5082 calidumsusceperitl
1338 5012 1573 5071 misericordiam
1588 5032 1693 5088 repro·

859 5103 941 5158 mitto
956 5118 1014 5175 qua
1029 5104 1168 5157 nascetur
1192 5101 1221 5155 in
1246 5117 1281 5156 ec
1305 5101 1356 5156 lux
1375 5102 1486 5170 mundi,
1502 5120 1557 5160 nee
1574 5107 1693 5162 miseris

859 5192 1094 5248 misericordiam
1110 5190 1240 5262 negabit,
1257 5191 1491 5247 misericorditer
1506 5197 1591 5249 natus
1608 5196 1694 5250 mise·

860 5283 955 5338 ricors
967 5283 996 5337 at
1010 5280 1168 5335 miserator
1182 5280 1336 5335 Dominus.

860 5372 922 5428 Tm.
939 5369 1072 5427 XLVlll.
1086 5368 1129 5425 Dc
1144 5368 1226 5424 oculo
1239 5369 1360 5426 lucerua
1377 5373 1512 5444 corporis
1525 5369 1692 5444 nroraiiter,

1135 5458 1224 5515 idest
1238 5458 1277 5515 de
1282 5458 1417 5533 prelato.

861 5551 997 5609 Lucerna
1012 5549 1149 5624 corporis
1167 5548 1211 5605 tui
1236 5554 1283 5608 est
1307 5549 1408 5607 ocutus
1422 5548 1626 5619 tammulti.
1642 5549 1693 5622 vr).

862 5641 919 5701 ilic
928 5642 976 5702 est
984 5641 1084 5701 lumen
1094 5638 1240 5700 Ειιιοιιιι
1249 5639 1401 5716 prolatus.
1412 5637 1446 5696 Si
1453 5637 1581 5719 simplex
1588 5639 1617 5703 et
1627 5637 1693 5712 sine
