3796 6022
104 217 182 281 1071

532 215 753 280 xrrsumx
773 213 831 278 xo
858 179 1021 280 ueours'
1041 209 1185 279 orsea
1211 212 1406 281 ursum.

1749 214 1834 282 1072

103 420 210 476 melius
223 422 270 473 est
280 433 296 473 e
307 419 423 473 duobus
435 418 614 488 imperfectis
626 417 818 471 rusticitatem
826 416 935 472 habore
950 398 980 461 Α
994 416 1132 472 Christus
1142 415 1220 486 feeit,
1231 418 1288 487 ipsi
1299 417 1419 484 faciunt,
1429 417 1689 489 etmajorahorem
1704 417 1831 473 faciani.

103 514 236 564 sanctam
252 525 339 580 qeam
360 508 556 578 eloquentiam
578 507 783 577 peccatricem.
809 506 935 571 Quodsi

102 603 259 670 utrumque
269 597 470 665 defuerit,non
482 596 620 650 solumad
636 596 841 650 suscitandum
856 595 936 651 Chri·

103 692 149 743 sto
161 703 263 742 semea
275 685 397 754 inutilis,
408 685 462 739 sed
473 684 552 739 velut
567 685 656 739 arbor
675 684 860 739 infructuosa
875 688 935 739 ter-

102 793 164 832 ram
174 791 334 846 occupans,
345 774 402 827 sibi
417 789 534 844 quoque
556 773 726 828 commissis
744 773 853 829 noxius
869 773 933 828 erit.

102 865 187 921 Unde
204 867 305 919 saneta
317 863 451 917 Ecclesia
466 862 553 916 talem
568 866 717 933 pastorem
732 864 782 934 qui
798 862 863 917 solo
878 877 934 916 ne-

101 956 179 1010 mine
195 970 254 1009 non
270 953 356 1008 etiam
370 968 413 1022 re,
430 955 574 1022 potestate
589 967 649 1007 non
667 951 789 1007 utilitate
814 955 933 1022 praeest,

992 505 1063 571 Qaae
1071 511 1168 561 tamen
1180 507 1287 576 omnia,
1298 509 1461 562 seeundum
1473 507 1593 579 quodde
1604 511 1685 578 parte
1696 508 1762 580 agri
1770 506 1832 561 Eli·

991 595 1105 650 melech
1115 596 1271 650 vendenda
1283 596 1368 650 datur
1382 596 1518 668 intelligi,
1532 600 1642 666 emunt,
1665 596 1737 651 dum
1759 598 1828 651 suis

990 685 1125 739 nebesac
1140 685 1342 740 voluntatibus
1362 685 1579 756 abrenuntiant,
1604 690 1634 741 et
1648 685 1757 740 divinae
1773 702 1831 741 vo·

990 773 1093 828 lentati
1109 773 1346 829 obedientibus
1361 777 1407 829 est
1424 775 1502 846 quod
1518 775 1622 830 beatus
1641 776 1748 831 Petrus
1767 775 1829 831 Do·

990 862 1069 917 mino
1087 862 1161 917 dixit
1174 878 1180 916 :
1193 862 1273 917 Eece
1296 879 1350 918 nos
1367 862 1542 936 reliquimus
1560 865 1665 930 omnia,
1683 870 1714 920 et
1732 865 1832 919 secuti

990 967 1090 1006 sumus
1106 956 1144 1007 te.
1163 951 1213 1006 Sic
1228 954 1257 1006 et
1271 953 1445 1024 negociator
1467 954 1597 1024 prudens
1617 955 1740 1009 furente
1772 969 1828 1008 una

101 1043 205 1099 merito
216 1043 413 1113 propinquum
429 1040 547 1095 Christo
563 1057 622 1095 non
631 1040 776 1112 agnoscit.
789 1039 825 1094 Et
836 1056 935 1095 coram
987 1041 1122 1112 pretiosa
1138 1041 1313 1113 margarita,
1326 1041 1409 1096 dedit
1420 1043 1515 1097 orrrnia
1525 1059 1587 1113 sua,
1598 1050 1627 1098 et
1643 1059 1780 1115 eearpara
1787 1043 1828 1096 rit

103 1134 192 1203 Boea,
209 1131 238 1187 id
254 1134 300 1186 est
316 1130 448 1201 quolibet
471 1129 676 1184 ecclesiastico
699 1129 819 1184 doctore
842 1131 935 1186 verbo

104 1221 257 1293 sepientiae
268 1223 295 1274 et
310 1219 444 1273 scientiae
453 1218 552 1288 divite,
563 1221 591 1272 et
604 1219 745 1273 virtutum
762 1218 867 1291 rigore
881 1235 935 1290 po-

104 1314 193 1382 tente,
207 1309 431 1365 suscitationem
447 1307 609 1378 spiritualis
625 1308 749 1362 seminis
764 1307 801 1361 ad
816 1323 936 1363 conser-

101 1401 228 1455 vandam
242 1398 454 1470 perennitatem
469 1395 629 1450 Christiani
643 1397 771 1452 nominis
787 1397 937 1453 humiliter

101 1487 235 1560 requirit.
247 1487 299 1540 Est
312 1486 390 1539 enim
401 1484 735 1540 doctoreeclesiasticus
752 1487 935 1558 propinquus

102 1577 220 1633 Christo
235 1575 329 1647 gratia
345 1573 497 1643 doctrinae,
515 1573 569 1627 sed
584 1578 695 1645 pastor,
709 1577 756 1629 cei
772 1577 936 1631 animarem

102 1682 173 1722 eura
189 1664 349 1719 commissa
365 1665 420 1733 cst,
437 1663 630 1734 propinquior
645 1667 690 1719 est
705 1664 803 1720 debito
820 1669 847 1720 et
863 1665 935 1720 obli·

991 1145 1054 1184 eam
1063 1129 1183 1199 (Mattb.
1195 1131 1270 1198 xm).
1285 1130 1426 1186 Dixerent
1435 1131 1564 1202 majores
1576 1135 1645 1188 natu
1652 1132 1827 1188 Bethlehem

990 1218 1027 1272 ad
1042 1219 1121 1275 Booz
1138 1218 1262 1274 :Faciet
1277 1219 1358 1274 Deus
1368 1221 1443 1274 bane
1458 1220 1623 1291 mufiercm,
1640 1238 1703 1294 quae
1718 1221 1825 1293 inpre-

991 1306 1073 1363 ditur
1081 1308 1194 1363 domum
1202 1313 1288 1377 tuam,
1301 1308 1378 1363 sicut
1389 1308 1503 1364 flacbcl
1511 1315 1541 1364 et
1552 1311 1645 1380 Liam,
1656 1327 1721 1384 quae
1728 1309 1826 1366 aedib-

992 1402 1135 1452 carerrmt
1146 1397 1260 1453 domum
1275 1397 1375 1453 Israel
1387 1398 1488 1465 (flrrtb.
1498 1400 1570 1470 xiv).
1581 1399 1723 1455 seniores
1739 1399 1828 1454 Reth-

991 1485 1087 1540 lehem
1104 1502 1156 1556 pro
1174 1486 1252 1541 lluth
1268 1486 1347 1542 Booz
1362 1491 1456 1557 orent,
1479 1489 1548 1560 quia
1569 1488 1692 1560 perfecti
1717 1489 1825 1562 quique

991 1575 1020 1629 in
1037 1578 1139 1630 sancta
1156 1575 1290 1630 Ecclesia
1315 1576 1468 1645 praelatum
1483 1577 1723 1638 ecclesiasticum
1737 1582 1766 1634 et
1780 1582 1826 1633 to-

991 1668 1048 1718 tem
1064 1666 1326 1737 congregationem
1341 1665 1580 1721 illicommissam
1596 1668 1746 1723 continuis
1762 1684 1825 1723 ore·

101 1756 220 1829 gatione
236 1753 394 1824 pastoralis
410 1769 499 1808 curae.
512 1753 574 1817 Quo
587 1769 685 1807 coram
697 1755 868 1810 senioribus
884 1755 935 1809 lle
949 1727 976 1790 Β
991 1753 1123 1808 tionibus
1138 1753 1288 1824 adjurent.
1302 1753 1338 1808 Et
1348 1754 1594 1824 quemadmodum
1606 1755 1720 1811 flaehel
1735 1761 1763 1812 et
1774 1757 1825 1811 hia

102 1845 241 1914 thlehem,
254 1843 282 1897 id
293 1845 339 1896 est
344 1841 572 1912 perfectioribus
580 1845 690 1897 sanctae
698 1842 842 1898 Ecclesiae
849 1845 932 1915 viris,

100 1931 437 2000 reverenteradmonite,
448 1936 478 1985 ut
490 1948 560 1986 eure
578 1948 678 1986 curam
696 1933 755 1986 sibi
772 1932 935 2003 injunctam

102 2024 226 2095 sataget,
244 2023 312 2076 dum
329 2021 377 2074 ille
392 2021 422 2074 id
438 2021 559 2091 implore
580 2024 709 2089 recusat,
735 2021 834 2076 divina
854 2039 934 2093 soepe

102 2113 293 2184 dispensante
306 2112 409 2182 gratie,
427 2109 513 2182 quasi
532 2113 689 2181 utrumque
704 2111 933 2166 calceamentum

101 2203 213 2272 amittit,
232 2202 302 2256 dum
321 2217 421 2255 ceram
443 2199 608 2272 regiminis,
630 2216 785 2271 perquam
802 2204 934 2255 sanctam

100 2291 266 2348 Ecclesiam
277 2290 422 2361 spirituali
436 2289 519 2359 prole
536 2289 695 2344 fecundare
716 2290 869 2359 debuerat,
886 2291 933 2344 di·

99 2381 196 2452 mittit,
213 2384 241 2435 et
262 2379 486 2434 ecclesiasticus
510 2378 613 2432 docter
636 2381 792 2450 utrumque
818 2378 931 2434 calcea-

100 2473 229 2525 mentum
244 2468 360 2539 accipit,
377 2468 445 2521 dum
455 2466 793 2538 ejuslocosubrogatus,
806 2468 934 2523 verboet

97 2557 236 2629 ‘exemplo
252 2560 384 2611 sanctam
401 2555 576 2624 Ecclesiam,
588 2555 663 2609 utad
675 2555 933 2611 honoremChristi

101 2645 246 2717 spirituali
263 2644 375 2699 semine
391 2643 576 2712 fecundetur,
602 2645 789 2697 incessanter
803 2644 931 2699 instruit.

101 2734 323 2802 Sicloeodudae,
336 2731 474 2786 blathiam
483 2731 685 2802 apostolorum
694 2735 816 2788 senatus
826 2733 934 2788 substi-

100 2825 164 2894 tuit,
181 2827 209 2878 et
224 2823 289 2878 loco
301 2823 470 2878 ludaeorum
482 2821 631 2890 plenitudo
643 2821 775 2893 gentium
785 2821 933 2876 subintra-

100 2914 233 2984 vit,sieut
242 2913 306 2983 ipsc
319 2911 461 2966 Dominus
470 2911 484 2965 l
489 2910 628 2965 udeeisait
637 2927 643 2966 :
651 2912 676 2964 A
682 2912 839 2966 uicesima
850 2911 935 2967 robis

993 1842 1213 1897 aedificaverunt
1235 1842 1354 1897 domum
1379 1843 1481 1912 lsrael,
1510 1843 1567 1898 ista
1598 1843 1676 1898 lluth
1706 1845 1824 1901 domum

992 1932 1070 1986 Booz
1084 1931 1219 2002 aedificat,
1235 1930 1303 1985 dum
1320 1937 1421 1986 sancta
1437 1935 1630 2004 congregatio
1646 1934 1727 1988 fideli
1743 1951 1823 1990 eom-

995 2021 1088 2075 missa
1104 2020 1236 2091 praelato,
1254 2024 1282 2074 et
1296 2020 1362 2092 ejus
1379 2020 1542 2076 ministerio
1565 2022 1691 2092 spiritali
1716 2024 1828 2079 semine

991 2110 1160 2179 fecundata,
1188 2109 1350 2180 spiritalem
1374 2110 1415 2163 illi
1444 2110 1587 2181 sobolem,
1613 2111 1696 2166 viros
1713 2112 1825 2168 seilicet

991 2200 1152 2269 spiritales,
1172 2199 1247 2253 alios
1262 2200 1292 2253 in
1304 2199 1547 2270 contemplatione
1562 2201 1691 2271 quietos,
1709 2202 1784 2258 alios
1800 2203 1827 2258 in

991 2288 1106 2343 actione
1121 2287 1300 2358 laboriosos,
1312 2287 1495 2358 multiplicat.
1509 2288 1544 2342 Et
1555 2291 1601 2343 est
1612 2289 1643 2343 in
1657 2290 1825 2363 exemplum

991 2377 1108 2431 virtutis
1122 2376 1153 2430 in
1164 2375 1302 2448 Ephrata,
1329 2376 1398 2430 dem
1412 2376 1479 2448 ejus
1501 2377 1668 2433 obedientia
1690 2378 1783 2434 claret
1795 2381 1825 2435 in

992 2464 1151 2520 universali
1183 2464 1327 2520 Ecclesia.
1352 2464 1389 2519 Et
1411 2464 1499 2520 habet
1524 2465 1641 2522 celebre
1662 2483 1772 2523 nomen
1795 2468 1825 2523 in

991 2553 1173 2622 Bethlehem,
1182 2553 1311 2624 damper
1325 2553 1494 2608 universam
1501 2554 1667 2611 Ecclesiam
1675 2556 1824 2612 celebrem

990 2643 1124 2715 aspergit
1139 2643 1316 2713 opinionem.
1334 2642 1445 2698 Domus
1471 2643 1598 2716 denique
1618 2645 1700 2700 Booz
1722 2645 1759 2702 de
1775 2662 1824 2702 se-

989 2733 1079 2802 mine,
1096 2732 1174 2804 quod
1189 2732 1231 2786 illi
1247 2732 1390 2786 Dominus
1415 2749 1453 2787 ex
1481 2748 1516 2786 ea
1543 2733 1600 2804 dat,
1626 2735 1704 2790 sieut
1719 2735 1825 2792 domus

991 2821 1114 2890 Pheres,
1131 2837 1218 2892 quem
1234 2820 1360 2875 Thamar
1370 2822 1484 2892 peperit
1494 2821 1579 2876 dudae
1591 2838 1598 2893 3
1610 2823 1679 2879 dum
1690 2824 1824 2897 plerique

991 2925 1073 2965 exea
1090 2909 1156 2981 ejus
1172 2910 1381 2981 praedicatione
1393 2911 1494 2981 geniti,
1511 2926 1528 2964 a
1542 2912 1672 2982 peccatis
1688 2914 1823 2983 pristinis

99 3021 225 3077 regnum
237 3004 339 3072 Debet
351 3001 472 3056 dabitur·
486 3001 571 3072 penti
589 3000 714 3054 facienti
733 3002 850 3055 fruetus
869 3001 934 3073 ejus
953 3000 1185 3083 camaritudine
1199 2999 1404 3054 saluberrimae
1428 3000 1629 3056 confessionis
1644 3003 1774 3076 purgati,
1791 3019 1823 3058 ne

101 3093 219 3165 (Mattb.
233 3095 305 3162 xxi).
320 3092 394 3145 l-line
410 3091 549 3161 estquod
564 3091 704 3160 episeopo
720 3089 932 3161 Philadelphiae

100 3184 221 3239 dieitur:
235 3182 312 3236 Tene
321 3181 396 3254 quod
405 3180 508 3247 babes,
521 3186 550 3233 ut
566 3195 650 3234 rremo
661 3179 787 3250 accipiat
797 3195 933 3234 coronam

101 3281 179 3329 team
202 3274 303 3345 (rlpoc.
325 3272 378 3341 m).
398 3270 474 3324 Hine
499 3271 544 3323 cst
568 3269 655 3322 etiam
685 3268 763 3339 quod
793 3267 933 3339 episcopo

101 3363 213 3434 Ephesi
237 3363 345 3416 dicitur
365 3376 370 3414 z
390 3359 493 3413 Habeo
516 3359 675 3412 adversum
700 3363 728 3411 te
740 3374 842 3429 pauca,
860 3357 935 3430 quod

101 3453 363 3508 charitatemtuam
367 3450 494 3521 primam
501 3447 781 3520 1·eliqm'sti.bfemor
788 3448 934 3503 estounde

101 3541 264 3606 excideris
279 3545 307 3593 et
318 3555 372 3609 ape
379 3537 595 3608 peonitentiam,
609 3542 638 3590 et
652 3536 749 3608 prima
768 3552 856 3608 opera
874 3536 932 3592 fae.

101 3631 157 3686 Sin
169 3627 397 3693 animamarum
407 3625 530 3680 tibicito
541 3632 571 3679 et
581 3625 704 3680 movebo
724 3625 933 3680 candelabrum

103 3727 180 3776 teum
203 3720 240 3774 de
256 3718 319 3773 leco
336 3717 500 3787 suottlpoc.
519 3716 560 3784 n).
578 3713 792 3769 Candelabrum
808 3730 933 3786 nemque

101 3809 262 3883 cujuslibet
273 3807 391 3878 reprobi
398 3805 527 3876 pastoris
537 3804 646 3859 deloco
655 3819 709 3858 suo
717 3805 934 3874 movetur,dum

101 3894 612 3968 ecelesiasticadignitasillicollala,
623 3893 812 3966 exigentibus
826 3911 933 3966 peeca-

100 3992 139 4046 tis
150 3990 217 4061 ejus
227 3989 305 4042 velet
317 3985 410 4039 inutili
422 3987 450 4038 et
470 3984 592 4055 indigno
608 3983 749 4054 aufertur,
767 3987 795 4038 et
808 3985 844 4038 ad
859 3985 932 4039 alte-

100 4095 166 4133 rum
180 4076 367 4143 transfertur,
381 4077 409 4127 et
418 4073 457 4126 illi
470 4073 549 4126 refut
560 4073 650 4144 digno
662 4076 688 4126 te
701 4072 853 4129 fructuoso
864 4090 932 4129 eon-

101 4167 204 4222 fertur.
215 4164 299 4229 Quod
315 4160 494 4217 erebrofreri
506 4160 652 4230 videmeS,
669 4164 700 4215 ut
719 4162 866 4231 videlieet,
884 4179 932 4218 re-

100 4256 203 4328 probis
219 4255 254 4309 de
271 4268 324 4307 sua
340 4251 465 4306 statione
481 4250 672 4320 propulsatis
684 4250 732 4303 alii
753 4251 818 4306 loco
831 4268 933 4307 eorum

992 3089 1097 3144 deinde
1113 3088 1190 3143 dono
1205 3088 1355 3159 praecipue
1366 3089 1499 3144 scientiae
1514 3094 1543 3144 et
1557 3091 1674 3146 virtutis
1691 3107 1708 3146 a
1724 3093 1822 3147 multis

991 3178 1058 3232 aliis
1073 3177 1171 3248 dirisi,
1184 3177 1311 3232 culmine
1320 3179 1737 3249 nonnunquamecclesiastici
1747 3182 1823 3254 regi·

991 3268 1079 3322 minis
1102 3271 1254 3322 merentur
1269 3266 1400 3322 exaltari.
1417 3268 1545 3322 Thamar
1558 3269 1636 3323 enim
1651 3270 1823 3341 interprete·

990 3360 1039 3412 tur
1048 3357 1223 3425 amaritudo,
1239 3356 1331 3428 dedas
1347 3356 1505 3428 conbteus,
1521 3357 1635 3413 f'hares
1650 3358 1682 3413 cli
1688 3361 1772 3415 risio.
1788 3359 1823 3414 Et

990 3447 1020 3500 in
1036 3447 1093 3501 hoe
1114 3445 1275 3517 progenies
1298 3446 1420 3516 Pheres,
1444 3463 1532 3518 quem
1556 3447 1684 3502 Thamar
1699 3449 1821 3520 peperit,

991 3535 1059 3591 inde
1075 3536 1163 3607 longe
1178 3535 1214 3588 ab
1230 3534 1297 3588 aliis
1314 3535 1451 3590 tribubus
1475 3536 1603 3591 filiorum
1619 3536 1713 3592 lsrael
1728 3537 1822 3593 divisa

991 3625 1112 3693 exstitit,
1125 3624 1204 3695 quod
1219 3639 1298 3677 exea
1309 3623 1420 3695 regalis
1430 3625 1559 3696 dignitas
1569 3627 1730 3697 prooessit,
1747 3627 1823 3682 sicut

990 3717 1019 3768 et
1042 3714 1072 3768 in
1095 3713 1172 3768 libro
1195 3712 1274 3768 fluth
1304 3713 1479 3784 declaratur,
1505 3714 1556 3769 ubi
1580 3715 1725 3785 seriptum
1753 3719 1822 3772 est:

990 3802 1109 3857 Pheres
1118 3802 1339 3874 penuitEsren,
1351 3802 1451 3857 le'sroa
1458 3804 1663 3875 qerruitAram
1673 3805 1768 3860 Aram
1776 3821 1823 3877 qe·

991 3891 1822 3963 nuitArrrinadab,ArninadabpenuitNaesson,Naasson

988 3982 1091 4055 perluit
1104 3980 1233 4050 Salinae,
1250 3979 1370 4034 Safmen
1387 3981 1491 4052 penult
1511 3981 1599 4052 Boos,
1616 3982 1698 4038 Boot
1720 3984 1824 4056 gennit

992 4070 1084 4139 Obed,
1101 4070 1266 4123 scilicetex
1280 4069 1368 4135 lietb,
1388 4068 1471 4124 Obed
1494 4072 1598 4143 penae
1623 4071 1685 4126 lsai
1704 4069 1821 4146 [desseb

990 4159 1051 4215 fsai
1061 4157 1168 4233 [desse]
1184 4159 1287 4230 penae
1301 4158 1400 4213 David
1411 4175 1524 4231 regem.

1025 4249 1051 4304 N
1055 4266 1110 4304 une
1127 4264 1209 4321 crgo,
1223 4247 1402 4317 charissimi,
1412 4249 1448 4303 ad
1460 4249 1662 4321 nosmetipsos
1673 4255 1824 4307 reverten-

100 4345 326 4412 substituantur,
338 4339 757 4413 perquosecelesiasticajura
769 4343 932 4399 secundum
948 4341 975 4403 D
990 4344 1035 4395 tes
1051 4339 1139 4394 istum
1155 4337 1339 4408 spiritualem
1353 4336 1431 4392 Booz
1447 4354 1565 4410 semper
1578 4339 1667 4395 nobis
1688 4356 1823 4412 praeesse

99 4434 445 4491 debitumexerceaetur.

35 4553 36 4557 ,
134 4526 215 4580 'falls
226 4525 353 4595 donique
362 4525 463 4593 pastor
474 4521 577 4576 merito
593 4520 789 4576 discalceatus
802 4526 932 4593 vocatur,

99 4616 168 4671 dem
188 4615 368 4670 munimento
395 4612 478 4668 verbi
503 4616 531 4667 ct
562 4610 698 4682 exempli,
729 4617 870 4683 quantum
897 4613 934 4667 ad

99 4703 336 4759 ecclesiasticum
365 4705 478 4772 spectat
496 4701 701 4770 ministerium,
724 4701 878 4772 spoliatur,
903 4705 932 4756 et

99 4795 253 4863 utriusque
269 4792 373 4845 merito
389 4789 569 4860 praemioque
592 4789 766 4845 denudatur.
793 4790 848 4855 Qui
862 4791 932 4845 dum

100 4879 825 4949 suaevitiositatisfamiliamgencrareetprotclere
836 4880 932 4952 diligit

99 4970 297 5026 calceamenta
315 4967 536 5038 praedicationis
558 4971 586 5022 ct
606 4969 796 5038 operationis,
822 4969 931 5040 quibus

98 5075 171 5115 suos
186 5060 216 5112 in
232 5058 466 5128 preparationem
483 5057 637 5129 Evangelii
650 5057 732 5128 pacis
748 5060 862 5114 munire
878 5058 931 5112 de-

97 5149 170 5220 buit,
187 5147 271 5203 eltcri
287 5147 435 5218 relinquit.
455 5147 522 5218 Sed,
549 5146 673 5203 utinaml
700 5148 864 5202 seeundum
878 5148 930 5201 im·

98 5239 298 5313 precationem
310 5237 474 5291 l‘selmistoe
483 5252 489 5290 :
499 5236 657 5291 Fiantnati
664 5238 729 5309 ejus
737 5237 930 5292 ininterr'tam

96 5330 128 5384 in
151 5328 347 5401 generatione
373 5341 427 5379 nna
453 5324 590 5379 deleatur
615 5342 719 5380 nemen
743 5326 807 5398 rjus
834 5326 929 5396 (Psal.

97 5418 189 5490 crau).
199 5417 397 5480 Cunetavero,
414 5413 606 5486 quaefucruut
621 5414 931 5487 defuncti,inposses·

97 5503 933 5579 aionemprivilegioejusuteutistranseuntquinpraeser·

95 5596 147 5663 tim
156 5597 251 5657 saneti
262 5593 421 5674 etperfeeti
431 5595 563 5654 rectores
578 5593 742 5653 animarum
756 5608 846 5675 opere
861 5610 928 5675 qne

991 4429 1206 4496 desideremus,
1222 4429 1250 4480 et
1265 4426 1345 4480 illum
1370 4427 1503 4482 inutilem
1517 4428 1717 4500 propinquum
1732 4446 1825 4502 seper

971 4554 973 4560 ·
990 4535 1046 4574 nos
1061 4532 1187 4588 regnare
1202 4515 1405 4571 formidemus.
1415 4516 1537 4581 Quando
1547 4517 1644 4573 bonus
1655 4523 1760 4588 pastor
1770 4519 1825 4576 Ee·

991 4608 1090 4663 clasiae
1102 4607 1197 4674 datur,
1210 4621 1247 4658 ex
1262 4604 1340 4659 dono
1357 4605 1410 4659 Dei
1418 4609 1474 4660 est.
1484 4605 1606 4671 Quande
1614 4611 1713 4662 autem
1722 4624 1825 4680 repro·

989 4697 1046 4752 bus
1057 4698 1176 4767 praeest,
1189 4694 1319 4765 peccatis
1329 4692 1480 4749 hominurn
1489 4695 1679 4768 exigentibus
1691 4700 1747 4767 est,
1755 4699 1825 4770 quie

989 4787 1172 4854 Deussuper
1188 4788 1305 4855 gentem
1321 4786 1350 4838 ot
1371 4799 1462 4854 super
1485 4800 1589 4840 omnes
1612 4784 1749 4842 homines
1775 4803 1825 4843 re-

990 4891 1081 4948 gnare
1097 4873 1167 4928 facit
1182 4873 1330 4928 hominem
1352 4873 1535 4945 hypocritam
1561 4878 1680 4946 propter
1702 4881 1825 4947 peccata

988 4965 1088 5037 populi
1099 4964 1175 5035 (deb.
1189 4962 1303 5034 xxxrrl.
1316 4963 1383 5018 Non
1392 4967 1439 5019 est
1449 4963 1825 5037 ergojudienadusaplebe

988 5059 1085 5111 rector
1094 5053 1289 5122 inordinatae,
1306 5054 1375 5107 (lum
1390 5052 1486 5125 magis
1502 5052 1638 5108 noverint
1658 5053 1759 5125 populi
1776 5055 1825 5110 sui

988 5144 1084 5199 fuisso
1092 5142 1187 5198 meriti
1198 5141 1333 5213 perversi
1344 5142 1478 5214 regimen
1489 5142 1663 5212 suscepisse
1672 5144 1824 5214 pontificis

987 5233 1063 5288 Nam
1078 5248 1131 5303 pro
1156 5231 1269 5286 meritis
1293 5230 1423 5301 plebium
1448 5231 1615 5302 disponitur
1635 5248 1652 5287 a
1678 5233 1739 5289 Deo
1764 5235 1825 5290 vita

987 5325 1145 5391 rectorem,
1159 5320 1294 5392 exemplo
1306 5320 1398 5375 David
1407 5321 1568 5391 peccantis,
1581 5322 1824 5393 adcomparetio-

988 5427 1055 5467 nem
1070 5409 1296 5483 principumqui
1307 5425 1344 5464 ex
1355 5409 1459 5465 merito
1470 5409 1567 5482 plebis
1577 5411 1822 5483 prevaricantur.

988 5500 1109 5570 Quodsi
1125 5516 1141 5556 a
1156 5497 1213 5555 fide
1228 5497 1441 5555 exorbitaverit
1453 5502 1562 5571 rector,
1579 5502 1649 5557 tune
1663 5500 1823 5560 nsubditis

988 5590 1224 5671 arguendusest.
1234 5588 1291 5649 Pro
1307 5587 1441 5653 moribus
1456 5604 1528 5651 vero
1542 5588 1680 5669 reprobis
1694 5588 1825 5655 maun·
