3796 6022
149 283 208 358 eoi

512 283 732 355 aersumx
752 286 810 353 au
832 266 1025 354 uocantis
1045 262 1193 352 oense
1210 272 1470 352 boemanni

1821 285 1882 354 ³68

148 509 184 548 eo
193 493 345 565 modoque
349 493 475 565 pauisvi
480 493 589 565 rusqui
594 493 631 547 dc
642 491 714 563 eaelo
721 490 983 563 desceridittibid.)
996 471 1026 536 Α
1041 490 1342 563 Patripchliristum,
1352 495 1379 547 et
1387 491 1520 564 agendas
1528 490 1879 561 assentasseperipsum

148 582 319 638 manducari
330 581 435 653 possit.
449 580 542 654 Igitur
550 581 601 653 qui
611 583 681 636 tunc
696 597 734 636 ex
749 580 812 635 sola
827 579 983 636 dilectione
1041 580 1098 636 sub
1113 596 1172 652 quo
1183 582 1280 636 tremit
1291 581 1388 636 omnis
1397 583 1540 651 potestas.
1553 580 1683 634 Tandem
1694 582 1791 634 sacrat
1800 579 1879 633 dona

127 671 281 747 *exhibuit
300 687 333 725 se
356 671 453 741 talem,
481 674 510 725 ιιι
535 670 636 725 lancea
659 669 803 741 perforari
824 673 937 740 posset,
954 674 983 723 et
1040 669 1195 724 sacranda.
1213 670 1287 724 Nota
1303 668 1432 742 singula.
1452 668 1522 723 limo
1537 669 1634 723 omnia
1649 668 1787 723 Christus
1803 668 1875 739 egit.

147 775 336 830 nuncusque
354 760 389 813 ad
410 759 498 813 finem
513 759 616 813 saeculi
632 775 665 812 se
681 759 767 813 talem
783 758 913 828 exhibet,
932 757 982 829 qui
1037 757 1111 812 Post
1129 774 1235 828 preces
1260 760 1341 813 venit
1359 758 1395 811 ad
1416 757 1581 828 discipulos
1597 757 1700 810 dicens
1718 772 1724 811 :
1749 756 1877 828 Vipilute

146 848 176 903 in
187 851 377 933 sacramento
393 848 562 902 manducari
578 848 684 917 possit.

181 936 245 992 Hoc
257 940 474 991 sacramentum
484 937 858 991 lirmumcutumcstcontra
865 935 979 1002 hostes,

1038 851 1067 900 et
1082 852 1165 901 orate
1180 847 1284 916 (ibid.)
1305 846 1415 900 Deinde
1436 845 1529 900 dicit:
1545 845 1752 917 DormiteJ'nm
1774 851 1804 899 et
1823 861 1876 899 re·

1038 936 1165 1006 quiescit
1189 936 1198 1003 ij
1202 935 1289 1006 ibid.)
1308 934 1378 989 Post
1394 935 1459 988 lime
1482 935 1598 989 oblatus
1614 936 1669 988 cst.
1690 934 1765 988 Dum
1778 933 1873 1004 jussit

123 1020 181 1081 ‘de
197 1041 254 1097 quo
271 1024 405 1079 Ecclesia
420 1025 448 1079 iu
463 1025 625 1095 Propheta:
639 1024 764 1079 I'urasti
778 1025 809 1078 iu
825 1029 981 1095 cuiispurtu
1036 1023 1176 1094 vigilare,
1198 1023 1352 1093 calciavit,
1373 1024 1441 1094 quia
1462 1023 1544 1078 salus
1565 1023 1649 1077 adest
1668 1023 1873 1095 vigilantibus

143 1112 209 1170 meo
224 1129 355 1168 mensam
369 1112 463 1184 (I'sal.
481 1112 575 1179 xxnl).
589 1113 652 1166 lloc
664 1116 881 1167 sacramentum
893 1112 980 1166 viati-

1037 1112 1112 1166 Dum
1123 1112 1209 1167 dixit:
1220 1112 1321 1181 Orate,
1330 1112 1665 1167 monuitsursumcomta
1674 1111 1795 1180 habere,
1804 1113 1874 1183 quia

145 1219 213 1258 cum
229 1205 275 1256 est
289 1200 513 1255 ascendentium
530 1201 564 1254 de
580 1200 687 1256 exsilio
707 1201 742 1254 ad
758 1202 891 1271 patriam.
918 1200 981 1254 Hoc
1037 1216 1095 1254 nou
1112 1205 1181 1255 sunt
1197 1201 1306 1255 oranda
1318 1201 1376 1255 nisi
1391 1216 1458 1272 quie
1469 1216 1591 1255 sursum
1607 1204 1684 1255 sunt.
1700 1200 1774 1254 Dum
1785 1204 1875 1254 vocat

144 1291 222 1346 enim
248 1288 474 1362 significabatur
497 1304 550 1359 per
574 1305 680 1343 manna
697 1306 702 1344 :
721 1289 792 1343 illud
813 1289 891 1343 enim
913 1292 981 1358 post
1036 1290 1072 1342 ad
1088 1289 1222 1361 requiem
1237 1291 1341 1344 dicens
1354 1306 1359 1344 :
1374 1290 1518 1360 Dormitc,
1536 1294 1634 1344 mouet
1650 1291 1760 1360 gratius
1770 1305 1872 1360 agere.

143 1379 299 1435 transitum
315 1378 406 1432 maris
423 1376 516 1432 liubri
532 1376 600 1431 siliis
616 1377 707 1432 lsrael
717 1377 816 1432 datum
828 1377 881 1432 luit
892 1378 979 1432 viati-

139 1455 211 1522 cum
221 1467 431 1538 perdesertum
444 1465 478 1520 ud
491 1470 598 1520 terram
608 1466 829 1537 promissionis.
844 1466 906 1520 lloe
918 1467 979 1537 spi·

141 1557 227 1613 ritate
235 1571 341 1620 manna
353 1554 498 1610 Dominici
510 1555 644 1626 corporis
656 1557 725 1626 post
734 1555 913 1626 baptismum
924 1555 977 1610 da-

141 1650 190 1702 tur
213 1644 383 1714 ChritianiS,
413 1643 463 1715 qui
492 1641 600 1723 habent
621 1645 797 1713 potestatem
822 1643 899 1698 filios
924 1644 976 1698 Dei

1035 1376 1090 1442 Qui
1106 1379 1184 1433 enim
1200 1379 1361 1449 requiescit
1383 1377 1506 1448 amalo,
1523 1381 1629 1450 gratus
1644 1377 1705 1432 Deo
1725 1377 1871 1445 eflicitur,

1035 1466 1114 1536 qaod
1130 1469 1176 1520 est
1192 1467 1304 1538 gratias
1319 1468 1346 1521 ei
1362 1482 1462 1539 agere.
1479 1466 1514 1520 Et
1533 1471 1564 1520 ιιι
1585 1464 1674 1538 digne
1691 1466 1751 1520 Deo
1767 1467 1872 1538 gratiae

1033 1554 1201 1620 reddantur,
1233 1555 1263 1608 id
1287 1558 1342 1623 est,
1367 1560 1398 1610 ιιι
1427 1555 1484 1609 vita
1512 1558 1614 1609 nostra
1644 1560 1788 1610 consonet
1817 1570 1871 1610 su-

1033 1645 1135 1713 pernis
1151 1644 1277 1713 civibus
1302 1646 1365 1699 orat
1387 1644 1530 1698 sacerdos
1552 1659 1659 1714 preces
1681 1648 1799 1697 nostias
1815 1644 1870 1696 ud-

142 1735 217 1806 fieri,
233 1737 264 1788 ut
279 1721 418 1803 boopane
434 1731 570 1802 angelico
581 1747 633 1801 per
644 1731 794 1786 desertum
808 1731 900 1805 hujus
915 1748 975 1787 sae-
989 1780 1017 1845 B
1030 1731 1117 1803 jungi
1132 1732 1257 1788 vocibus
1274 1733 1463 1805 angelorum,
1475 1733 1524 1804 qui
1540 1748 1594 1803 per
1608 1732 1760 1788 tlhristum
1775 1731 1869 1802 maje-

142 1823 200 1879 culi
217 1823 254 1878 ad
274 1826 382 1877 terram
399 1820 560 1875 viventium
575 1820 758 1890 perveniant.
773 1819 906 1875 Eumden
921 1837 974 1891 pa·
1032 1823 1136 1876 statem
1151 1821 1248 1877 Patris
1262 1821 1390 1892 laudant,
1406 1822 1527 1877 adorant
1542 1826 1630 1893 atque
1645 1821 1866 1891 concelebrant,

114 1970 117 1975 ,
141 1927 208 1969 nem
216 1912 372 1967 manducat
387 1909 474 1964 homo
486 1894 658 1981 et‘angelus.
670 1907 728 1963 Sed
740 1908 827 1962 homo
839 1909 934 1963 adhuc
945 1911 973 1964 iu

139 2001 296 2068 medicina,
306 1999 431 2071 angelus
438 1997 500 2068 jam
510 1998 539 2051 in
548 1997 673 2052 deliciis.
684 1997 869 2052 Solctautem
880 2000 974 2069 queri

139 2090 176 2146 dc
194 2092 379 2144 sacramento
391 2092 489 2141 utrum
503 2086 646 2141 Dominus
669 2102 778 2157 corpus
793 2102 880 2140 suum
895 2102 973 2141 mor-

137 2179 195 2234 tale
210 2179 323 2234 dederit
337 2175 493 2247 discipulis
507 2175 571 2230 suis
587 2178 653 2229 unte
668 2176 850 2245 passionem,
867 2192 904 2229 an
920 2176 972 2229 im·

137 2267 271 2337 mortale,
290 2266 369 2338 quod
385 2265 481 2336 magis
504 2263 663 2333 credimus,
685 2267 713 2316 et
732 2263 879 2334 quomodo
903 2267 972 2319 tunc

136 2357 232 2427 potuit
242 2357 312 2410 dare
324 2370 433 2423 corpus
444 2352 607 2406 immortale
620 2368 686 2406 cum
702 2354 783 2406 essct
798 2353 862 2422 ipse
873 2353 970 2407 adhuc

108 2498 112 2505 ,
137 2443 290 2498 mortalis?
299 2443 337 2495 lli
346 2442 439 2512 quaeri
449 2439 743 2512 potestquomodode
754 2440 876 2513 Virgine
885 2441 970 2495 nasci

108 2588 112 2593 ,
135 2533 245 2604 potuit,
261 2533 289 2586 et
303 2530 450 2602 quomodo
467 2544 545 2583 nunc
561 2544 670 2598 corpus
687 2527 754 2598 ejus
770 2532 862 2584 totum
877 2529 908 2583 in
924 2530 969 2583 di-

135 2621 236 2675 versis
258 2621 332 2676 locis
348 2619 436 2674 simul
452 2633 522 2672 esse
539 2618 649 2688 possit,
665 2619 694 2671 et
718 2618 865 2688 quomodo
883 2620 969 2688 panis

135 2713 165 2767 et
178 2709 279 2765 vinum
295 2710 324 2762 in
339 2724 447 2779 corpus
464 2710 491 2761 et
506 2705 683 2778 sauguinem
698 2708 828 2778 transcat
843 2723 901 2762 non
918 2723 970 2777 per

102 2794 122 2915 )
133 2799 284 2869 unionem,
310 2798 362 2852 scd
379 2812 433 2868 per
451 2796 734 2866 transmutationem,
754 2800 782 2850 et
803 2796 892 2850 multa
912 2796 969 2850 hu·

130 2887 265 2961 jusmodi
281 2904 347 2958 quac
360 2887 389 2939 in
404 2886 460 2939 lioc
472 2887 656 2938 sacramento
668 2885 740 2937 mira
753 2885 898 2939 videntur.
916 2883 970 2939 Est

133 2977 213 3034 onim
227 2980 376 3032 secretum
393 2974 449 3029 hoc
466 2975 683 3026 sacramentum
699 2977 728 3026 et
742 2973 892 3027 miraculis
908 2974 969 3044 ple·

1031 1913 1060 1965 ct
1083 1913 1220 1979 tremunt,
1245 1913 1272 1964 ct
1293 1926 1369 1982 qnos
1398 1913 1476 1964 tauto
1500 1910 1643 1981 mysterio
1665 1910 1768 1964 missae
1797 1926 1864 1964 cer-

1031 2002 1091 2053 tum
1107 2003 1153 2054 est
1167 1999 1285 2068 adesse,
1308 1999 1357 2052 ubi
1381 1999 1437 2053 ima
1452 1998 1656 2071 adjunguntur
1678 2000 1817 2070 supernis
1838 2003 1865 2054 ct

1031 2086 1119 2143 homo
1143 2088 1203 2143 Deo
1226 2087 1365 2143 sociatur.
1390 2087 1502 2142 Dehinc
1520 2089 1619 2142 statim
1634 2088 1744 2142 chorus
1760 2093 1864 2159 gratus

1030 2177 1065 2231 dc
1094 2177 1242 2248 perceptis
1271 2180 1299 2231 et
1327 2176 1362 2230 de
1390 2177 1580 2247 percipientis
1610 2177 1697 2231 donis
1722 2177 1864 2248 hymnum

1030 2268 1126 2320 cantat
1146 2265 1323 2337 angelicum,
1350 2281 1437 2336 quem
1461 2265 1585 2320 realistis
1609 2265 1711 2320 militia
1737 2266 1863 2320 clamare

1028 2370 1087 2409 nou
1113 2358 1221 2409 cessat.
1247 2353 1373 2426 inquo,
1404 2356 1435 2408 ut
1458 2355 1488 2408 in
1515 2354 1591 2409 libro
1614 2355 1690 2408 lsaie
1718 2354 1865 2424 reperitur

1028 2443 1098 2511 (isa.
1127 2443 1178 2513 ιιι),
1210 2442 1321 2497 chorus
1350 2442 1478 2513 triplicat
1503 2442 1632 2497 Sanctus
1655 2446 1776 2513 propter
1797 2459 1864 2513 per-

1028 2547 1170 2587 sonarum
1188 2530 1369 2600 Trinitatem,
1395 2535 1423 2586 et
1447 2531 1539 2587 semel
1563 2532 1633 2587 dicit
1655 2532 1798 2586 Dominus
1818 2548 1865 2587 sa-

1027 2619 1127 2690 baotb,
1152 2621 1274 2692 propter
1302 2619 1409 2675 divium
1438 2621 1524 2690 asiae,
1555 2620 1584 2673 id
1608 2623 1664 2689 est,
1688 2621 1863 2676 substantie

1026 2710 1177 2765 unitatem.
1194 2708 1309 2764 Gratias
1329 2710 1392 2782 agit
1405 2709 1536 2765 Creatori
1556 2709 1592 2764 de
1612 2709 1777 2778 beneflciis,
1796 2726 1863 2764 cum

1027 2799 1096 2853 dicit
1107 2814 1112 2853 :
1125 2797 1217 2852 Pleni
1229 2803 1297 2852 suut
1313 2797 1381 2853 eoeli
1395 2803 1425 2853 et
1439 2804 1524 2853 terra
1534 2797 1630 2870 ploria
1647 2803 1704 2852 tua.
1719 2798 1761 2853 De
1772 2798 1862 2854 bene·

1027 2887 1103 2941 ficiis
1125 2886 1294 2959 specialiter
1308 2887 1532 2958 redemptionis,
1549 2886 1617 2941 dum
1635 2890 1740 2955 cantat,
1761 2888 1862 2943 Beue-

1027 2976 1125 3030 dictus
1143 2976 1192 3047 qui
1213 2976 1294 3030 veuit
1313 2975 1345 3029 iu
1363 2976 1480 3030 nominc
1496 2976 1626 3031 Domini.
1649 2976 1703 3031 Hic
1720 2976 1862 3032 vexillum

102 3120 107 3127 .
131 3081 203 3125 num
217 3069 246 3122 ot
259 3065 432 3137 mysterium
448 3062 648 3117 inscrutabile.
662 3062 746 3117 Unde
756 3063 835 3134 quia,
847 3062 968 3138 dumlde
986 3063 1125 3157 coracis
1141 3064 1318 3134 imprimitur
1325 3065 1393 3134 quia
1407 3062 1545 3119 Christus
1560 3080 1613 3135 pcr
1628 3081 1745 3120 crucem
1760 3067 1863 3120 trium·

132 3170 168 3213 eo
183 3159 355 3225 tractamus,
371 3169 461 3225 supra
477 3168 532 3206 nos
548 3153 699 3221 rimamur,
715 3151 790 3206 adid
803 3152 967 3223 quadresi-
1025 3154 1136 3224 phavit,
1163 3156 1266 3207 etuas
1289 3152 1470 3223 triumphare
1499 3153 1578 3208 iacit.
1621 3154 1736 3210 Chorus
1776 3156 1863 3210 iterat

130 3245 277 3301 duumest
286 3245 383 3298 vicina
394 3243 500 3297 domus
512 3243 682 3295 advocetur.
699 3239 782 3306 Quod
794 3243 821 3295 si
837 3257 892 3295 nec
902 3243 967 3311 ipsa

130 3332 292 3403 suffecerit,
311 3333 379 3402 igne
394 3331 473 3402 quod
489 3331 621 3384 remanet
637 3328 836 3399 comburatur,
853 3329 909 3383 hoe
921 3333 968 3384 est

129 3420 253 3492 Spiritui
276 3424 380 3474 sancto
406 3420 546 3487 tradatur,
569 3419 620 3489 qui
644 3419 742 3472 omnia
766 3417 914 3472 subtiliter
938 3421 967 3472 ct

128 3509 216 3581 plene
232 3509 371 3578 intuetur,
389 3509 439 3578 qui
456 3507 505 3561 ubi
520 3507 582 3560 vult
597 3511 625 3561 et
639 3510 780 3578 quantum
794 3506 857 3561 vult
873 3507 966 3578 spirat

129 3602 159 3654 ot
173 3598 278 3654 erudit.
295 3598 381 3652 Nunc
399 3600 496 3651 autem
513 3596 549 3649 ad
568 3596 623 3650 hoe
640 3595 797 3650 redeamus
814 3596 894 3667 quod
913 3612 964 3650 sa-

129 3688 247 3758 cerdos,
259 3692 392 3756 utsupra
403 3685 544 3755 diximus,
557 3683 641 3738 ollcrt
653 3683 728 3737 dona
739 3684 774 3737 ad
790 3683 963 3739 sacrificau-

99 3844 102 3849 ,
128 3777 209 3849 dum,
224 3793 330 3849 panem
343 3775 458 3830 scilicet
472 3778 501 3828 et
515 3774 625 3842 viuum,
638 3773 690 3828 sed
703 3776 731 3827 ot
746 3773 964 3844 vinosuperud-

128 3866 208 3922 ditur
236 3882 321 3938 aqua.
338 3865 402 3918 Hoc
426 3864 551 3918 forsitan
566 3862 694 3931 miraris,
716 3863 771 3918 sed
786 3866 815 3917 et
827 3862 887 3918 'hoo
903 3878 964 3918 ma-

128 3971 220 4026 gnum
235 3958 281 4009 cst
296 3956 524 4007 sacramentum.
538 3950 622 4005 Unde
637 3950 735 4005 labilis
746 3950 834 4005 homo
847 3954 964 4006 etmor-

128 4043 211 4113 talis,
235 4043 299 4096 hacc
315 4043 402 4095 misto
419 4041 487 4094 vino
503 4039 653 4112 signiticat
673 4039 822 4094 homiuem
846 4041 965 4096 Christo

96 4198 101 4205 .
127 4131 242 4187 unitum
257 4147 323 4185 cum
339 4130 485 4200 sanguine
501 4128 621 4182 Christi.
648 4127 702 4192 Qui
723 4132 841 4200 separat
859 4144 965 4201 aquam

128 4225 218 4293 negat
229 4221 368 4275 unionem
379 4217 523 4272 Christiet
533 4215 687 4271 Ecclesiae.
696 4216 814 4272 Rursus
822 4218 887 4273 lraec
899 4221 965 4274 ideo

1025 3243 1165 3298 Hosauna
1176 3241 1207 3295 in
1219 3236 1359 3308 excelsis,
1372 3245 1403 3296 ιιι
1416 3243 1567 3297 salvemur
1580 3258 1705 3315 corporo
1721 3247 1749 3298 et
1763 3244 1861 3299 anima

1023 3331 1101 3386 inter
1115 3330 1250 3402 angelos.
1263 3331 1335 3386 Post
1350 3330 1414 3385 liaec
1423 3331 1565 3387 sacerdos
1576 3332 1728 3388 Secretum
1740 3334 1852 3405 incipit.

1025 3420 1088 3475 Hoc
1105 3437 1121 3474 a
1137 3418 1315 3492 quibusdam
1329 3419 1423 3474 missa
1438 3424 1562 3476 vocetur
1581 3423 1649 3493 quia
1665 3423 1695 3477 in
1713 3423 1861 3492 primitiva

1024 3508 1159 3565 Ecclesia
1180 3508 1382 3564 catechumeni
1406 3508 1542 3565 solebant
1561 3511 1707 3565 interesse
1727 3511 1860 3567 celebra-

1021 3600 1095 3654 tioni
1109 3599 1212 3653 missua
1223 3613 1319 3669 usquc
1333 3598 1369 3652 ad
1386 3599 1653 3669 consecrationem,
1670 3603 1699 3654 et
1712 3604 1781 3655 tunc
1799 3603 1858 3656 ela-

1020 3686 1857 3746 mabatdiaconusdiccnsCateebumeniexsauctorasllt

1020 3777 1088 3848 quia
1104 3781 1173 3830 tunc
1188 3774 1379 3830 mittebantur
1393 3774 1484 3845 toras,
1502 3776 1558 3832 hoo
1573 3779 1745 3848 mysterium
1761 3780 1855 3834 missa

1020 3865 1191 3920 vocabatur.
1208 3862 1361 3919 Secretum
1377 3867 1474 3919 autcm
1489 3865 1556 3920 ideo
1571 3866 1775 3936 appellabatur
1789 3870 1858 3940 quia

1021 3958 1137 4008 secreta
1152 3967 1226 4007 voce
1242 3953 1403 4024 peragitur.
1422 3954 1453 4007 ln
1469 3954 1615 4023 primitiva
1632 3959 1730 4011 autem
1753 3957 1860 4012 Eccle-

1022 4043 1066 4098 sia
1082 4043 1139 4096 alta
1153 4058 1228 4095 voce
1245 4041 1460 4111 proferebatur,
1483 4041 1577 4097 donoc
1592 4046 1729 4114 pastores
1744 4063 1859 4101 memo-

1020 4134 1094 4187 riter
1109 4146 1144 4186 ex
1165 4131 1335 4202 quotidiano
1350 4146 1408 4184 usu
1424 4130 1514 4185 verba
1533 4133 1710 4204 retinentes,
1737 4135 1765 4188 in
1781 4151 1859 4190 cam-

1021 4222 1069 4292 pis
1094 4220 1196 4275 eadem
1227 4220 1392 4273 cantabant.
1427 4220 1484 4273 Sed
1514 4221 1571 4290 ipsi
1602 4222 1700 4277 divina
1728 4226 1858 4280 vindicta

128 4310 273 4382 coniungi
288 4309 405 4378 debent,
423 4308 491 4378 quia
508 4306 580 4359 nihil
599 4306 721 4376 prodest
739 4306 808 4360 lons
827 4307 968 4382 baptismi
1022 4310 1133 4364 ibidem
1160 4308 1297 4378 percussi
1327 4311 1405 4363 sunt.
1431 4308 1515 4363 Unde
1545 4310 1680 4365 Ecclesia
1703 4316 1859 4369 consucvit

127 4400 193 4455 sine
208 4398 354 4470 sanguine
370 4395 491 4465 illu-isti,
508 4410 562 4448 nec
579 4395 703 4466 sanguis
721 4395 785 4448 sine
801 4396 963 4471 baptismo,
979 4405 1008 4468 1)
1022 4401 1142 4469 propter
1152 4397 1347 4451 reverentiam
1358 4400 1468 4451 tantum
1480 4399 1651 4468 mysterium
1663 4407 1858 4475 seeretoage·

91 4544 95 4549 ,
127 4473 284 4560 utrumque
293 4487 329 4540 dc
339 4487 428 4539 latere
439 4484 549 4539 Christi
559 4484 695 4537 manavit.
704 4482 758 4547 Qui
771 4501 862 4539 unum
874 4488 963 4543 dcmit

93 4632 96 4637 .
125 4596 186 4635 non
201 4579 329 4633 imitatur
340 4575 512 4645 mysterium
521 4573 682 4644 passionis.
695 4572 841 4628 Sacerdos
851 4580 960 4632 tantum

125 4650 309 4738 inempturus
332 4650 550 4719 sacramentum
578 4666 641 4717 orat
661 4665 692 4716 ut
713 4663 805 4717 oratio
831 4668 960 4720 onmium

91 4810 93 4814 .
126 4757 186 4812 sibi
194 4756 362 4810 auxilietur.
374 4753 457 4808 Unde
468 4757 497 4806 et
507 4751 642 4807 Ecclesia
653 4768 706 4821 pro
718 4767 753 4806 eo
765 4753 939 4809 oratdiecns
952 4778 960 4810 :

125 4844 260 4916 Spiritus
274 4849 395 4898 sauctus
409 4843 601 4914 superveniet
618 4842 648 4895 in
660 4846 698 4912 te,
708 4847 737 4896 ct
756 4842 852 4897 virtus
862 4843 960 4900 Altis-

125 4932 196 4989 simi
209 4932 398 4987 obumbrabit
411 4932 467 4985 tibi
480 4931 561 5003 (Luc.
573 4932 603 5002 1).
616 4930 669 4984 Vel
680 4930 751 4985 illud
768 4951 777 4986 :
792 4932 894 4988 Mittat
904 4935 961 4989 tibi

87 5075 93 5083 ,
124 5021 268 5079 Dominus
281 5019 423 5075 auxilium
438 5019 474 5073 de
489 5027 598 5085 sancto,
618 5024 647 5074 ct
662 5021 698 5075 de
713 5021 786 5075 Sion
799 5027 917 5078 tucatur
932 5031 960 5078 te

124 5110 219 5184 (Psoi.
237 5114 309 5181 xix).
327 5108 381 5163 Vel
399 5123 405 5163 :
424 5106 471 5162 Sit
485 5123 597 5161 memor
610 5110 705 5163 omnis
720 5110 916 5169 sacrificiitui
931 5119 960 5168 et

106 5199 324 5275 ΙΙιοιοοιιιιειιιιιι
348 5203 426 5250 tuum
442 5211 553 5267 pinque
570 5197 621 5250 liat
642 5198 761 5269 (ibid),
787 5201 834 5254 vel
849 5202 960 5274 aliquid

82 5344 86 5352 ,
123 5286 307 5361 hujusmodi.
324 5284 462 5340 Posthac
478 5284 619 5339 sacerdos
634 5289 750 5341 secreto
761 5303 850 5343 orans
865 5289 960 5363 signi·

123 5378 192 5437 tlcat
203 5379 335 5433 secretas
343 5371 567 5445 precesChnsti
578 5373 704 5429 dicentis
717 5375 839 5448 :Pater,
852 5378 881 5433 si
889 5378 960 5435 neri

84 5512 89 5523 .
120 5472 230 5547 potest,
245 5469 378 5522 transeat
394 5480 410 5520 a
425 5478 472 5519 me
487 5461 567 5517 calin
579 5463 638 5518 iste
652 5464 771 5537 (Mattb.
787 5469 880 5539 xxvi).

79 5622 94 5641 ..
140 5557 233 5637 ,Post
248 5568 355 5633 preces
373 5551 516 5610 sacerdos
539 5551 646 5609 salutat
670 5552 811 5629 populum
839 5557 959 5616 sublimi

123 5643 958 5727 voce‚o'tmoaetsuraumhaberecordaetgratiaaagere

1021 4504 1063 4543 re.
1080 4489 1233 4542 Secretum
1249 4486 1335 4539 etiam
1351 4485 1468 4554 dicitur,
1486 4488 1553 4557 quia
1571 4488 1787 4552 humauuratio
1804 4509 1857 4546 ne-

1020 4592 1167 4649 qunquam
1184 4574 1433 4645 plenarietantum
1447 4578 1621 4646 mysterium
1638 4594 1744 4649 capere
1759 4585 1856 4650 potest

1019 4667 1064 4721 Ad
1080 4665 1159 4737 quod
1175 4664 1404 4735 significandam
1426 4666 1530 4720 merito
1556 4671 1670 4721 secreta
1686 4684 1760 4724 voce
1774 4670 1854 4724 cele-

1018 4756 1130 4809 bratur.
1171 4754 1212 4807 Dc
1250 4753 1307 4807 hoc
1342 4756 1421 4808 tanto
1450 4757 1478 4808 et
1516 4759 1574 4809 tam
1608 4761 1724 4812 secreto
1755 4758 1853 4813 alticio

1018 4859 1164 4900 summam
1183 4842 1314 4896 breviter
1332 4845 1499 4914 tangamus.

1053 4931 1200 4989 Sacerdos
1226 4932 1318 5003 igitur
1341 4932 1493 4987 Secretum
1514 4933 1617 4988 missae
1633 4930 1789 4990 celebrans
1805 4951 1853 4990 rc-

1016 5023 1177 5096 praesentat
1204 5036 1238 5075 ea
1263 5036 1329 5091 qum
1355 5021 1424 5076 olim
1444 5021 1577 5092 pontifex
1601 5024 1672 5095 agit,
1698 5040 1765 5096 qum
1793 5025 1852 5079 illm

1016 5110 1227 5183 praeilguravit.
1244 5111 1329 5165 Nunc
1351 5126 1423 5182 ergo
1444 5111 1692 5169 considerandum
1707 5117 1754 5167 ost
1772 5115 1851 5185 quod

1016 5200 1157 5272 templum
1182 5199 1234 5253 Dei
1259 5199 1329 5253 olim
1354 5199 1484 5254 divisum
1505 5203 1568 5255 erat
1589 5201 1620 5255 in
1639 5201 1714 5257 duas
1737 5207 1850 5275 partes,

1015 5291 1083 5345 velo
1104 5288 1300 5360 interposit03
1324 5288 1454 5359 priorem
1478 5291 1575 5345 autem
1598 5293 1712 5362 partem
1731 5291 1775 5347 illi
1795 5308 1851 5348 vo-

1016 5379 1122 5437 cabant
1148 5381 1260 5449 sancta,
1284 5366 1520 5435 interiora'varo
1544 5383 1849 5438 sanctasanctorum.

1015 5467 1164 5543 Quidquid
1178 5481 1252 5542 ergo
1268 5467 1298 5523 in
1318 5467 1417 5524 alticio
1433 5469 1536 5525 missae
1551 5470 1651 5544 agitur
1664 5472 1731 5526 ante
1747 5468 1851 5527 Secre-

1015 5563 1096 5630 tum,
1125 5556 1212 5630 quasi
1232 5556 1264 5614 in
1287 5557 1351 5614 mdo
1374 5556 1477 5632 priora
1501 5560 1557 5617 ost.
1586 5557 1672 5628 Quod
1697 5563 1795 5618 autom
1820 5561 1851 5617 in

1015 5651 1135 5709 Secreto
1172 5648 1287 5725 agitur,
1326 5647 1401 5707 intra
1433 5652 1536 5710 sancta
1569 5652 1750 5712 sanctorum.
1780 5648 1850 5710 Erat
