3796 6022
67 262 129 335 965'
710 260 938 330 SERMONES
962 262 1150 332 CENTUM.
1378 336 1382 343 ,
1733 269 1794 340 966

66 473 231 529 militudine
241 474 278 528 ad
298 472 355 526 ima
373 469 468 540 curvi,
481 483 609 539 superna
621 469 768 539 nesciunt,
782 472 810 523 et
826 468 900 524 solis
914 450 944 514 Α
958 472 1056 525 tantur
1070 471 1140 542 quid
1159 470 1196 524 ad
1213 486 1317 526 vocem
1334 458 1451 528 Domini
1467 473 1592 530 salutem
1607 475 1666 531 sibi
1683 476 1790 535 factam

66 580 100 618 sc
110 560 463 618 transitoriisbcstialitcr
478 559 667 630 immergunt.
680 557 716 612 itt
731 557 800 612 dum
811 574 844 613 se
858 559 901 612 in·-
959 558 1025 613 aliis
1042 560 1152 614 studuit
1168 560 1312 627 nuntiare,
1325 565 1354 616 et
1369 578 1422 632 per
1437 562 1605 634 Decapolim
1616 565 1790 635 praedicare.

66 653 254 724 quinamento
267 652 366 707 earnis
380 653 429 704 aut
440 647 563 719 spiritus
575 647 719 717 polluunt,
732 663 814 702 more
830 664 901 718 por·
958 647 1115 718 Decapolis
1131 651 1254 720 quaeest
1272 651 1355 721 regio
1368 651 1470 706 decem
1481 653 1639 725 civitatum,
1657 659 1791 712 sanctam

66 758 170 796 corum
181 742 210 795 in
221 742 407 812 lutopastum
418 741 563 810 quaerunt.
577 737 642 792 Heu
653 753 741 808 quam
749 737 903 805 multiplex
957 736 1122 791 Ecclesiam
1138 739 1288 810 designat,
1306 756 1372 810 quae
1391 741 1569 814 Deculogum
1584 743 1662 816 legis
1678 750 1789 803 servat.

65 834 113 886 est
123 831 277 885 multitudo
287 829 344 884 ista
359 843 527 900 porcorum,
545 827 697 881 bominum
715 826 830 881 scilicet
847 826 902 881 be-
956 825 991 879 Et
1006 826 1034 879 in
1051 826 1189 897 Decapoli
1206 827 1331 883 salutem
1356 829 1413 883 sibi
1437 830 1543 885 factam
1566 833 1722 905 praedicat,
1739 837 1790 906 qui

66 919 193 974 stialiter
206 922 235 974 et
248 919 372 989 turpiter
386 918 559 986 viventium,
576 919 604 970 ct
616 932 735 986 poreoS,
748 917 799 987 qui
811 916 840 969 in
856 916 902 969 in·
956 914 1213 969 sanetaeEcclesiae
1224 915 1790 981 fidelibusadieboloseliberatumesse

67 1009 146 1064 simis
157 1011 268 1063 tantum
283 1007 395 1063 bonum
406 1022 493 1061 suum
505 1008 651 1076 querunt,
664 1003 853 1059 imitantium!
867 1005 904 1059 Ut
956 1002 1057 1056 verbis
1073 1006 1102 1056 et
1117 1004 1257 1073 operibus
1271 1005 1359 1060 honis
1371 1007 1562 1064 demonstrat.
1575 1010 1752 1069 Studeamus
1762 1017 1792 1071 et

66 1099 146 1153 enim
157 1098 193 1152 de
204 1097 328 1169 paganis
340 1100 368 1152 et
379 1096 492 1152 tud-'eis
503 1095 735 1166 taceamus,quis
747 1109 902 1149 numerare
956 1107 1022 1161 uos,
1036 1091 1062 1146 si
1071 1092 1200 1147 noudum
1212 1093 1328 1149 liberati
1340 1112 1454 1167 sumus,
1465 1097 1607 1154 adiabolo
1619 1100 1749 1174 liberari,
1762 1107 1791 1161 et

66 1190 170 1259 posset
186 1184 381 1241 multitudinis
399 1184 542 1239 falsorum
557 1184 809 1252 flrristianornm,
834 1185 901 1254 qni,
956 1181 983 1235 si
992 1179 1053 1252 jam
1063 1197 1118 1236 nos
1128 1181 1270 1238 liberatos
1278 1186 1790 1264 cognoscimus,salutemaliispres·

65 1275 355 1348 quamvisbaptisma
364 1272 559 1345 perceperint,
568 1273 685 1344 spiritui
693 1275 796 1343 gratim
805 1278 903 1327 tamen
956 1270 1093 1340 dicimus,
1107 1286 1193 1342 quam
1205 1287 1261 1326 nos
1273 1272 1440 1329 obtinuisse
1453 1278 1628 1350 gaudemus,
1641 1296 1789 1340 memores

66 1364 273 1421 contumeliam
286 1363 440 1431 facientes,
457 1362 532 1416 male
543 1362 671 1416 vivendo
683 1362 718 1416 de
731 1362 902 1432 semetipsis
956 1358 1023 1430 ejus
1035 1360 1114 1431 quod
1125 1360 1269 1431 scriptum
1280 1364 1343 1416 est:
1361 1362 1417 1428 Qui
1425 1381 1481 1420 nou
1494 1372 1540 1421 est
1549 1384 1672 1441 mecum,
1686 1379 1789 1429 contra

65 1470 134 1509 enm
149 1453 345 1525 expulerunt,
367 1456 395 1507 et
422 1451 580 1506 horrendis
596 1467 630 1506 se
655 1450 821 1506 sceleribus
837 1451 903 1521 pol·
954 1455 1065 1513 meest,
1079 1455 1109 1504 ct
1120 1450 1169 1522 qni
1179 1466 1235 1504 non
1247 1450 1361 1524 colligit
1367 1469 1495 1524 meeum,
1507 1455 1656 1529 dispergit
1666 1459 1787 1528 (Mattlr.

66 1543 204 1598 luerunt‘.t
218 1541 272 1607 Qui
289 1545 385 1597 tamen
404 1542 462 1595 duo
479 1541 568 1595 millia
583 1539 748 1612 figuraliter
762 1555 832 1595 esse
844 1539 902 1594 dici
956 1537 1018 1605 xu),
1030 1539 1298 1608 (Lae.x1).Etitem
1311 1557 1320 1606 :¹
1332 1541 1485 1611 Quiandit,
1499 1544 1593 1600 dieat:
1608 1545 1789 1621 l'cni(Apoo.

65 1635 191 1703 possent
205 1648 211 1688 :
225 1633 293 1701 duo,
308 1631 375 1702 quia
387 1630 478 1685 divisi
489 1634 558 1685 sunt
575 1630 697 1698 abon03
710 1629 814 1698 millia,
834 1629 902 1700 quia
956 1626 1060 1698 xxxu).
1073 1628 1158 1683 Nunc
1172 1644 1244 1701 ergo
1264 1630 1309 1684 sic
1319 1631 1484 1703 audiamus,
1497 1637 1526 1688 et
1544 1634 1589 1690 sie
1607 1635 1741 1693 dicamus
1760 1639 1791 1695 in

66 1720 192 1792 perfecti
207 1724 276 1776 sunt
291 1721 321 1774 in
337 1719 424 1775 malo.
437 1720 531 1791 Legio
551 1734 624 1791 ergo
636 1718 672 1773 ab
684 1718 804 1773 homine
816 1717 902 1788 pulsa
955 1716 1013 1788 via,
1027 1720 1057 1770 ut
1065 1718 1246 1773 remunerari
1263 1734 1427 1775 mereamur
1445 1721 1587 1793 lupatria.
1600 1725 1683 1791 Quod
1703 1726 1791 1784 nobis

65 1810 357 1882 porcosingreditnr,
370 1809 438 1880 quia
449 1808 600 1864 daemones
612 1807 729 1876 abillis,
742 1808 793 1878 qui
804 1807 840 1861 ad
851 1807 898 1861 vi·
918 1777 943 1839 Β
960 1808 1102 1877 praestare
1114 1807 1252 1879 dignetur
1260 1808 1350 1862 tosus
1360 1809 1497 1865 Christus
1515 1812 1657 1871 Dominus
1668 1819 1790 1891 noster,

65 1903 125 1954 tam
141 1903 280 1954 aeternam
294 1898 496 1969 praedestinati
520 1901 602 1963 sunt,
628 1898 821 1968 pergratiam
838 1898 899 1952 lle·
959 1895 1069 1967 quicst
1085 1896 1354 1952 Deusbenedictus
1370 1898 1535 1957 insaecula.

66 1989 229 2060 demptoris
240 1988 343 2060 fugati,
356 1987 442 2042 malis
454 1987 529 2042 male
545 1987 715 2042 viventibus
734 1991 762 2042 et
771 1986 899 2042 terrenis
1254 1986 1383 2042 SEllllO
1402 1988 1500 2045 XXX.

64 2077 286 2133 intendentibus
297 2077 495 2132 dominantur.
508 2076 590 2141 Quod
601 2080 766 2131 tamennon
778 2075 898 2146 faciunt,
1109 2075 1143 2129 In
1159 2074 1232 2131 festi
1237 2076 1328 2132 ritate
1345 2078 1431 2133 unius
1444 2079 1637 2138 confessoris.

66 2167 125 2222 nisi
140 2167 230 2222 tcsus
245 2167 329 2238 prins
345 2166 496 2236 concedat,
513 2165 582 2236 quia
598 2181 652 2220 nec
669 2165 763 2220 malos
788 2167 899 2220 tentare
989 2163 1081 2220 Home
1089 2167 1205 2237 quidam
1211 2182 1343 2239 peregre
1351 2167 1547 2238 proficiscens
1558 2173 1674 2226 vocavit
1682 2186 1790 2232 servos

65 2259 260 2327 praesumunt,
277 2255 336 2310 nisi
350 2255 531 2326 potententia
543 2255 642 2308 divina
651 2254 808 2325 permittat.
821 2254 900 2308 Grex
954 2269 1032 2324 suos,
1045 2261 1074 2309 et
1083 2254 1166 2309 dedit
1175 2255 1239 2310 ttbs
1250 2255 1382 2311 bonasus
1394 2257 1603 2329 (elfattlrmxv).
1613 2260 1707 2318 Homo
1718 2263 1790 2320 iste-

65 2361 136 2401 rero
148 2360 307 2416 porcorum
318 2361 334 2398 a
345 2345 463 2416 legione
474 2345 504 2399 in
515 2359 596 2399 mare
606 2344 817 2415 praecipitatur,
830 2343 899 2397 dum
955 2345 1001 2397 est
1016 2342 1165 2414 Christus,
1183 2345 1263 2399 servi
1279 2345 1448 2416 Christiani,
1469 2347 1612 2417 protectio
1633 2353 1788 2422 ascensio,

65 2449 119 2506 ρει
134 2434 285 2490 daemones
300 2434 444 2488 malarum
460 2435 641 2488 universitas
662 2433 700 2487 ad
724 2431 900 2489 infernalem
954 2431 1032 2487 bona
1043 2433 1128 2500 done,
1140 2434 1789 2513 quinquetalentaexteriorscientiaquinque

65 2524 290 2579 amaritudinem
305 2523 485 2594 perducitur.
955 2522 1097 2576 sensibus
1114 2523 1269 2594 acquisita,
1281 2523 1339 2578 duo
1357 2523 1463 2579 talenta
1473 2525 1640 2583 intellectus
1651 2531 1679 2583 et
1690 2544 1792 2600 opera·

105 2613 249 2669 Viderunt
259 2613 395 2668 domines
405 2613 542 2667 civitatis
553 2613 635 2667 illius
654 2628 669 2668 a
689 2612 808 2685 legione
820 2611 899 2668 libe·
954 2611 994 2666 tio
1010 2611 1097 2678 bona,
1115 2628 1206 2666 unum
1217 2611 1356 2668 talentum
1368 2613 1535 2669 intellectus
1551 2618 1672 2687 tantam,
1689 2619 1790 2674 multi·

64 2707 161 2758 ratum
172 2703 282 2758 sedere
297 2702 335 2757 ad
342 2702 438 2774 pedes
455 2702 526 2758 desu
540 2704 678 2757 restitum
690 2707 718 2756 et
729 2718 810 2756 same
819 2717 901 2756 men·
954 2701 1072 2771 plieatio
1083 2701 1269 2772 talentorum,
1279 2703 1449 2758 exercitatio
1461 2703 1601 2759 virtutum
1613 2707 1789 2765 etexltibitio

67 2793 114 2860 tis,
130 2797 159 2846 et
170 2792 342 2847 timuerunt.
352 2791 456 2847 Sessio
468 2793 504 2846 ad
515 2793 608 2862 pedes
620 2791 736 2846 Domini
752 2792 902 2863 significat
954 2789 1100 2845 bonorum
1112 2807 1234 2862 operum
1245 2793 1281 2846 ad
1291 2792 1533 2863 justificationem
1549 2795 1698 2868 propriam
1709 2801 1737 2853 et
1753 2799 1791 2854 ad

65 2879 270 2948 humilitatem,
284 2883 312 2935 et
322 2879 468 2935 bonorum
480 2895 603 2950 opernm
613 2880 814 2950 imitationem,
829 2896 901 2935 vcs—
955 2881 1253 2935 utilitatcmalienam.
1266 2880 1388 2950 Sorvae,
1401 2883 1450 2952 qui
1463 2885 1621 2952 pecuniam
1632 2885 1748 2942 Domini
1759 2889 1790 2946 iu

65 2968 900 3042 titusbonamactionem,sanitasmentisjustifrcatianem.
957 2971 1066 3024 terram
1077 2969 1243 3039 abscondit,
1264 2969 1413 3040 significat
1431 2969 1524 3027 falsos
1536 2973 1792 3049 Christianos,qui

64 3061 106 3116 Et
117 3065 301 3133 rogaverunt
311 3059 421 3114 desum.
446 3064 474 3113 nt
486 3058 658 3113 discederet
669 3058 707 3112 de
718 3056 830 3112 finibus
851 3073 901 3113 eo·
919 3093 945 3155 C
958 3060 1111 3127 acceptum
1122 3059 1272 3129 ingenium
1283 3059 1313 3112 in
1330 3059 1420 3114 rebus
1432 3062 1560 3116 terrenis
1571 3065 1599 3116 et
1608 3065 1789 3121 transitoriis

65 3167 141 3205 rum.
154 3149 236 3204 Sicut
248 3149 353 3203 Petrus
366 3163 477 3203 memor
488 3147 657 3219 fragilitatis
668 3163 732 3203 suae
741 3147 815 3202 dixit
825 3163 830 3202 :
839 3147 901 3202 Exi
960 3147 1139 3216 expleudum,
1155 3146 1290 3202 arctioris
1301 3147 1369 3202 vitae
1379 3149 1443 3203 vies
1454 3149 1571 3221 ingredi
1581 3154 1723 3226 metuunt,
1740 3169 1792 3209 ao-

65 3255 147 3309 arnc,
159 3238 291 3307 Domine,
304 3239 370 3310 qttia
381 3239 466 3293 bomo
473 3243 614 3309 peccator
624 3243 693 3291 sunt
704 3237 785 3308 (Luc.
796 3237 837 3309 v),
856 3237 901 3291 sic
960 3240 1074 3306 ceptam
1094 3236 1235 3291 divinitus
1247 3237 1400 3292 scientiam
1410 3238 1477 3292 aliis
1486 3240 1677 3309 praedicando
1692 3244 1792 3299 mutti-

23 3367 26 3372 »
65 3332 95 3384 et
106 3329 154 3384 isti
166 3329 263 3384 adbuc
272 3327 382 3382 infirmi
392 3329 561 3397 timuerunt,
574 3330 603 3382 et
621 3343 687 3382 cum
698 3328 777 3382 atde
790 3326 900 3381 finibus
958 3326 1069 3396 plicare
1092 3326 1315 3397 parvipendunt,
1337 3326 1518 3384 erubeseunt
1542 3334 1570 3385 et
1591 3333 1791 3397 contemnunt.

27 3459 29 3462 <
64 3434 169 3473 eorum
187 3417 354 3473 discederet
372 3420 563 3489 rogaverunt.
580 3417 629 3470 Ait
646 3416 737 3471 lesus
756 3417 899 3472 liberato:
957 3416 1040 3470 Meto
1056 3415 1106 3470 ubi
1121 3431 1177 3470 non
1192 3416 1348 3484 seminari,
1365 3433 1514 3492 congrego
1537 3420 1586 3475 nbi
1609 3436 1665 3476 non
1680 3423 1791 3494 sparsi.

22 3548 28 3553 -
69 3507 150 3562 Vnde
160 3508 192 3561 in
204 3507 318 3563 deinum
330 3511 406 3561 tumn
419 3506 456 3561 ad
467 3513 541 3575 tuoe,
553 3505 804 3560 etannuntraillis
813 3521 901 3578 quan·
958 3503 1049 3570 Quasi
1064 3504 1163 3559 dieat:
1188 3504 1255 3559 Non
1272 3504 1370 3561 solum
1390 3507 1427 3562 ab
1452 3508 1513 3563 illis
1534 3507 1643 3579 quihus
1668 3511 1794 3583 gratiam

65 3603 95 3651 ta
108 3596 165 3652 tibi
175 3597 319 3652 Dominus
330 3595 449 3665 fecerit,
463 3601 491 3650 et
504 3597 647 3651 misertus
657 3595 697 3650 sit
710 3595 762 3650 tuf.
776 3595 840 3650 Hoc
852 3611 902 3650 ex·
959 3595 1099 3665 operandi
1122 3597 1150 3649 ct
1172 3595 1355 3665 praedicendi
1377 3596 1468 3651 tribui
1492 3597 1620 3653 fructum
1646 3600 1746 3670 operis
1766 3602 1796 3658 et

13 3725 19 3729 -
63 3684 904 3757 emplodoceturquisqne,suisprimumsalutemsibisac·
959 3683 1178 3754 praedicationis
1202 3684 1333 3756 requiro,
1357 3685 1411 3739 sed
1433 3688 1461 3740 et
1483 3685 1560 3756 illos,
1588 3687 1697 3758 quibus
1719 3689 1794 3747 nihil
1871 3744 1875 3752 ,

62 3779 127 3830 tam
136 3775 309 3845 praedicare,
322 3778 412 3828 eteos
423 3773 460 3827 ad
471 3773 598 3828 salutem
608 3773 903 3844 percipiendampro-
959 3773 1062 3843 gratiae
1071 3772 1169 3843 tribui,
1188 3789 1241 3843 pro
1253 3772 1487 3829 infructuositate
1503 3778 1530 3829 et
1550 3776 1704 3833 sterilitate
1719 3792 1789 3832 oon·

66 3879 190 3935 vocare,
203 3865 271 3935 quia
282 3866 309 3918 et
325 3863 389 3934 ipse
400 3863 444 3917 eis
455 3865 577 3933 propter
587 3863 793 3935 cognationem
805 3863 904 3918 carnis
960 3861 1076 3917 demna.
1092 3862 1191 3918 Serre
1204 3861 1289 3929 male,
1303 3867 1332 3916 et
1340 3862 1438 3934 piper.
1452 3862 1559 3934 Serre,
1571 3864 1640 3936 quia
1651 3865 1794 3921 mihiaer·

66 3953 168 4025 magis
183 3953 298 4008 debitor
308 3968 377 4007 esse
386 3951 544 4020 videtur,et
552 3951 627 4022 ipsis
637 3951 905 4006 forsitanillioitius
959 3951 1022 4005 vire
1033 3950 1192 4005 debuisses
1201 3950 1592 4022 operandoetpraedicando,
1603 3952 1795 4011 melemalum

68 4042 193 4097 credent
203 4040 467 4114 quamalien0.Scd
477 4040 656 4111 quammulti
674 4040 749 4095 intra
763 4040 905 4095 ambitum
959 4039 1475 4111 faciendo,pigerabonocessando.
1486 4041 1621 4113 Oportuit
1631 4045 1798 4100 teconnm't·

68 4135 183 4187 sanetae
198 4131 341 4186 Ecclesiae
364 4131 564 4199 eontinentur,
582 4131 632 4201 qui
657 4130 713 4185 hoe
738 4129 905 4200 exemplum
961 4129 1507 4202 ter-epecuniamnrcamnurnrnulariis,
1520 4132 1796 4207 etrenienseqoce·

67 4221 191 4276 minime
206 4223 371 4291 sequutum
395 4218 489 4284 Quam
510 4218 686 4288 multisunt,
714 4219 765 4290 qui
788 4219 824 4272 de
840 4218 904 4272 suis
956 4217 1795 4294 pisscmqnedmeumestcunrusura.Nummulariisunt‚

67 4311 243 4382 parantibus
253 4309 404 4380 inquirunt
412 4312 509 4363 utrum
521 4324 645 4378 corpore
656 4308 721 4363 sani
734 4307 905 4379 siut,ut1·um
961 4307 1010 4378 qui
1021 4307 1118 4361 audita
1127 4307 1347 4378 praedicatione,
1355 4308 1432 4365 tacto
1440 4309 1577 4381 etverbo,
1588 4312 1800 4384 eaqureaudie·

67 4399 198 4454 habeant
213 4400 333 4468 vietum,
349 4402 449 4452 utrum
471 4399 627 4468 vestitum,
645 4398 770 4469 domae,
792 4413 903 4469 agros,
919 4421 946 4484 D
961 4399 1029 4450 runt
1046 4396 1239 4466 multiplicare
1259 4400 1459 4470 satagunt.Ac
1477 4400 1504 4453 si
1519 4400 1630 4455 diceret
1647 4416 1653 4455 :
1670 4402 1799 4472 Accepta

68 4502 176 4558 equos,
192 4502 313 4559 greges,
326 4491 486 4556 sarmenta,
498 4503 612 4554 aurum,
625 4488 790 4560 argentum,
802 4503 905 4557 paoem
964 4485 1057 4558 gratia
1072 4501 1137 4551 mna
1152 4487 1238 4541 bonae
1255 4488 1418 4558 operationi
1434 4492 1462 4543 et
1484 4489 1686 4558 praedicationi
1704 4491 1801 4545 inten-

66 4576 277 4646 temperalem‚
302 4579 401 4631 utrum
416 4577 542 4648 gratiam
559 4579 710 4647 potentum
732 4579 760 4631 et
783 4577 906 4632 divitum
963 4575 1210 4630 deredebuisses.
1227 4576 1309 4641 Quod
1322 4577 1348 4631 si
1364 4576 1502 4646 fecisseS,
1515 4593 1575 4632 non
1586 4577 1683 4633 solum
1692 4580 1730 4647 te,
1743 4576 1800 4634 sed

67 4665 254 4739 possideant,
271 4667 299 4720 et
314 4665 359 4721 sie
374 4666 411 4721 de
426 4666 464 4720 iis
480 4683 547 4738 quae
567 4666 603 4719 nd
620 4681 745 4737 corpora
760 4668 907 4738 pertinent
962 4671 990 4719 et
1005 4665 1080 4720 alios
1095 4665 1203 4719 multos
1219 4665 1354 4736 exemplo
1377 4669 1405 4720 et
1428 4666 1521 4721 verbo
1546 4668 1595 4723 tuo
1619 4666 1692 4721 mibi
1706 4667 1800 4722 lucri-

70 4756 274 4811 circaamioos
286 4772 358 4811 suos
373 4755 581 4824 sollicitisunt3
600 4755 682 4809 dciis
694 4770 776 4822 vero,
789 4772 856 4826 quea
871 4756 907 4810 ad
960 4753 1100 4809 fecisses.
1118 4754 1177 4809 Sed
1193 4755 1262 4824 quia
1277 4768 1330 4823 per
1344 4754 1494 4825 pigritiam
1509 4758 1598 4824 tuam,
1617 4771 1675 4826 qua
1688 4771 1705 4810 a
1720 4756 1800 4812 bono

71 4845 200 4899 salutem
214 4845 378 4899 animarum
393 4845 661 4912 necessariasunt,
679 4843 908 4898 sollicitudinem
962 4843 1104 4912 cessasti3
1123 4846 1150 4898 ct
1166 4858 1218 4913 per
1237 4842 1377 4897 malitiam
1394 4847 1483 4913 tuam,
1499 4859 1556 4914 qua
1571 4843 1680 4900 malum
1691 4844 1801 4918 fecisti,

73 4933 187 4989 nullam
202 4932 322 5005 geruntl
340 4934 516 4988 Timcndum
534 4936 579 4987 cst
601 4936 711 4996 auten,
728 4948 765 4987 ne
781 4932 856 4987 tales
871 4934 910 4988 ad
965 4931 1103 4985 damnum
1118 4932 1189 4985 mihi
1204 4947 1263 4987 nou
1279 4931 1607 5003 solumjustitlcationis
1617 4934 1759 5007 tuamen
1773 4937 1803 4992 et

73 5021 195 5094 antiqua
210 5023 279 5077 vitia
293 5022 404 5094 relapsi
419 5026 498 5093 sunt,
515 5026 543 5077 et
558 5021 637 5094 quod
659 5023 717 5093 ipsi
736 5021 799 5095 jam
814 5023 909 5077 salute
963 5020 1067 5075 alienae
1083 5021 1223 5091 intulisti3
1248 5025 1276 5076 et
1300 5022 1366 5076 ideo
1381 5020 1549 5100 <le-malitia
1573 5027 1601 5078 et
1619 5024 1739 5099 pigritia
1752 5028 1803 5082 tna

75 5115 206 5182 careant,
217 5128 304 5183 quam
314 5129 368 5168 nce
378 5113 443 5168 suis
453 5112 615 5183 praedicare
631 5115 743 5167 curant.
759 5110 813 5176 Qui
830 5128 910 5166 nam·
959 5110 1042 5182 juste
1053 5114 1080 5165 te
1091 5127 1185 5182 arguo
1197 5113 1225 5164 et
1236 5111 1409 5167 condemno.
1431 5111 1536 5168 Tollite
1552 5113 1589 5169 ab
1601 5130 1635 5170 eo
1645 5116 1801 5185 talentum,

75 5216 135 5272 qne
150 5202 320 5271 spirituales
335 5205 414 5273 sunt,
436 5205 464 5257 et
488 5201 538 5273 qui
561 5216 596 5255 ca
611 5217 677 5272 quae
703 5204 772 5257 sunt
788 5203 911 5274 spiritns
965 5201 1069 5256 etdate
1080 5202 1108 5255 ei
1117 5200 1166 5273 qui
1174 5199 1372 5256 lrabctdeccm
1383 5201 1503 5257 talenta.
1516 5201 1602 5258 Omni
1608 5205 1687 5260 enim
1694 5205 1807 5260 baben·

77 5290 217 5358 sentiunt,
230 5291 266 5346 de
277 5292 342 5346 suis
353 5292 511 5363 diligenter
522 5291 682 5362 inquirunt,
691 5309 728 5348 an
739 5293 799 5348 sint
807 5310 823 5348 a
831 5293 911 5348 vitiis
966 5292 989 5345 ti
1000 5291 1121 5346 dabitur
1129 5290 1336 5356 etabundabit,
1348 5293 1377 5347 ειΙ
1387 5299 1494 5364 autem,
1505 5296 1561 5348 etc.
1575 5294 1700 5349 Habenti
1716 5292 1805 5348 meri·

75 5379 155 5451 puri,
171 5395 188 5433 a
205 5381 441 5452 peccatisliberi,
454 5380 614 5437 virtutibus
630 5383 723 5453 ditati,
738 5383 826 5438 bonis
840 5398 912 5454 ope·
966 5383 1027 5435 tum
1042 5380 1159 5434 dabitur
1172 5379 1336 5450 praemium.
1354 5382 1484 5437 Dabitur·
1494 5386 1636 5454 quantum
1651 5382 1688 5436 ad
1707 5396 1805 5438 remu·

76 5467 163 5524 ribus
178 5468 268 5541 pleni,
291 5473 389 5525 utrum
405 5487 507 5542 pacem
525 5471 578 5525 Dei
593 5470 720 5526 babeant
736 5488 801 5527 cum
817 5472 912 5526 omni·
966 5470 1157 5540 nerationem,
1184 5469 1348 5525 abundabit
1363 5476 1505 5542 quantum
1520 5472 1556 5526 ad
1579 5452 1803 5530 beatitudinem.

77 5557 149 5630 hus,
166 5562 265 5616 utrum
287 5561 400 5616 bonum
421 5565 581 5632 operentur
595 5561 632 5615 ad
656 5577 769 5633 omnes,
786 5562 913 5616 maxime
966 5559 1122 5630 Eleatem,
1135 5559 1184 5632 qui
1194 5560 1351 5616 nonhabet
1364 5562 1504 5632 etiamid,
1518 5560 1807 5634 quodlraoerevide·

80 5647 120 5714 ad
130 5647 311 5729 domesticos
321 5651 400 5729 ttdei.
410 5650 578 5712 letieteuim
587 5650 744 5727 liberatum
753 5651 844 5709 istum
854 5649 916 5715 imi·
967 5648 1806 5733 hatureafereturabeo3quintalsusquisquetlhristtaq
