<?xml version="1.0" encoding="UTF-8"?>
<!DOCTYPE html PUBLIC "-//W3C//DTD XHTML 1.0 Transitional//EN"
    "http://www.w3.org/TR/xhtml1/DTD/xhtml1-transitional.dtd">
<html xmlns="http://www.w3.org/1999/xhtml" xml:lang="en" lang="en">
 <head>
  <title>
</title>
<meta http-equiv="Content-Type" content="text/html;charset=utf-8" />
  <meta name='ocr-system' content='tesseract 3.04.00' />
  <meta name='ocr-capabilities' content='ocr_page ocr_carea ocr_par ocr_line ocrx_word'/>
</head>
<body>
  <div class='ocr_page' id='page_1' title='image "./patrologiaecurs28unkngoog_0275.png"; bbox 0 0 3796 6022; ppageno 0'>
   <div class='ocr_carea' id='block_1_1' title="bbox 110 300 1867 407">
    <p class='ocr_par' dir='ltr' id='par_1_1' title="bbox 110 300 1867 407">
     <span class='ocr_line' id='line_1_1' title="bbox 110 300 1867 407; baseline 0.001 -1"><span class='ocrx_word' id='word_1_1' title='bbox 110 320 187 406; x_wconf 79' lang='lat' dir='ltr'>&#39;aaa</span> <span class='ocrx_word' id='word_1_2' title='bbox 520 310 1456 406; x_wconf 73' lang='lat' dir='ltr'>aranumxanuuaomsoanaanoaaanica</span> <span class='ocrx_word' id='word_1_3' title='bbox 1794 300 1867 407; x_wconf 76' lang='grc' dir='ltr'>ιε’</span> 
     </span>
    </p>
   </div>
   <div class='ocr_carea' id='block_1_2' title="bbox 19 521 1897 2760">
    <p class='ocr_par' dir='ltr' id='par_1_2' title="bbox 19 521 1897 2760">
     <span class='ocr_line' id='line_1_2' title="bbox 127 521 1845 616; baseline 0 -18"><span class='ocrx_word' id='word_1_4' title='bbox 127 542 246 598; x_wconf 88' lang='lat' dir='ltr'>lationis</span> <span class='ocrx_word' id='word_1_5' title='bbox 262 543 418 616; x_wconf 76' lang='lat' dir='ltr'>refrigerio</span> <span class='ocrx_word' id='word_1_6' title='bbox 433 545 573 614; x_wconf 91' lang='lat' dir='ltr'>percepto</span> <span class='ocrx_word' id='word_1_7' title='bbox 584 541 614 598; x_wconf 93' lang='lat' dir='ltr'>in</span> <span class='ocrx_word' id='word_1_8' title='bbox 625 558 678 613; x_wconf 91' lang='lat' dir='ltr'>spe</span> <span class='ocrx_word' id='word_1_9' title='bbox 689 541 905 613; x_wconf 80' lang='lat' dir='ltr'>propitiationis</span> <span class='ocrx_word' id='word_1_10' title='bbox 917 541 960 596; x_wconf 92' lang='lat' dir='ltr'>di·</span> <span class='ocrx_word' id='word_1_11' title='bbox 974 521 1004 584; x_wconf 62' lang='lat' dir='ltr'>A</span> <span class='ocrx_word' id='word_1_12' title='bbox 1018 541 1122 610; x_wconf 90' lang='lat' dir='ltr'>titudo,</span> <span class='ocrx_word' id='word_1_13' title='bbox 1140 540 1217 594; x_wconf 88' lang='lat' dir='ltr'>sicut</span> <span class='ocrx_word' id='word_1_14' title='bbox 1231 541 1262 595; x_wconf 91' lang='lat' dir='ltr'>in</span> <span class='ocrx_word' id='word_1_15' title='bbox 1276 541 1368 612; x_wconf 91' lang='lat' dir='ltr'>vitiis,</span> <span class='ocrx_word' id='word_1_16' title='bbox 1384 542 1424 596; x_wconf 91' lang='lat' dir='ltr'>ita</span> <span class='ocrx_word' id='word_1_17' title='bbox 1438 545 1466 597; x_wconf 89' lang='lat' dir='ltr'>at</span> <span class='ocrx_word' id='word_1_18' title='bbox 1482 542 1512 598; x_wconf 91' lang='lat' dir='ltr'>in</span> <span class='ocrx_word' id='word_1_19' title='bbox 1522 543 1681 599; x_wconf 86' lang='lat' dir='ltr'>virtutibus</span> <span class='ocrx_word' id='word_1_20' title='bbox 1692 543 1845 599; x_wconf 88' lang='lat' dir='ltr'>invenitur.</span> 
     </span>
     <span class='ocr_line' id='line_1_3' title="bbox 127 629 1847 703; baseline -0.001 -16"><span class='ocrx_word' id='word_1_21' title='bbox 127 631 204 687; x_wconf 87' lang='lat' dir='ltr'>vinae</span> <span class='ocrx_word' id='word_1_22' title='bbox 219 632 390 703; x_wconf 90' lang='lat' dir='ltr'>requiescit.</span> <span class='ocrx_word' id='word_1_23' title='bbox 1020 629 1134 682; x_wconf 78' lang='lat' dir='ltr'>Dicitur</span> <span class='ocrx_word' id='word_1_24' title='bbox 1148 629 1177 682; x_wconf 92' lang='lat' dir='ltr'>in</span> <span class='ocrx_word' id='word_1_25' title='bbox 1192 629 1268 684; x_wconf 87' lang='lat' dir='ltr'>libro</span> <span class='ocrx_word' id='word_1_26' title='bbox 1283 630 1339 685; x_wconf 84' lang='lat' dir='ltr'>tob</span> <span class='ocrx_word' id='word_1_27' title='bbox 1353 646 1358 685; x_wconf 90' lang='lat'>:</span> <span class='ocrx_word' id='word_1_28' title='bbox 1377 630 1490 687; x_wconf 86' lang='lat' dir='ltr'>Procul</span> <span class='ocrx_word' id='word_1_29' title='bbox 1504 631 1647 687; x_wconf 85' lang='lat' dir='ltr'>adoratur</span> <span class='ocrx_word' id='word_1_30' title='bbox 1660 631 1781 698; x_wconf 84' lang='lat' dir='ltr'>bellum,</span> <span class='ocrx_word' id='word_1_31' title='bbox 1799 647 1847 687; x_wconf 81' lang='lat' dir='ltr'>ex·</span> 
     </span>
     <span class='ocr_line' id='line_1_4' title="bbox 187 712 1896 790; baseline 0 -16"><span class='ocrx_word' id='word_1_32' title='bbox 187 721 249 774; x_wconf 82' lang='lat' dir='ltr'>Tin.</span> <span class='ocrx_word' id='word_1_33' title='bbox 266 719 327 775; x_wconf 87' lang='lat' dir='ltr'>CX.</span> <span class='ocrx_word' id='word_1_34' title='bbox 344 721 388 775; x_wconf 89' lang='lat' dir='ltr'>De</span> <span class='ocrx_word' id='word_1_35' title='bbox 403 720 516 775; x_wconf 85' lang='lat' dir='ltr'>duobus</span> <span class='ocrx_word' id='word_1_36' title='bbox 531 721 644 775; x_wconf 91' lang='lat' dir='ltr'>nuntiis</span> <span class='ocrx_word' id='word_1_37' title='bbox 659 720 698 776; x_wconf 85' lang='lat' dir='ltr'>ad</span> <span class='ocrx_word' id='word_1_38' title='bbox 712 736 765 775; x_wconf 88' lang='lat' dir='ltr'>nos</span> <span class='ocrx_word' id='word_1_39' title='bbox 779 719 892 774; x_wconf 90' lang='lat' dir='ltr'>missis.</span> <span class='ocrx_word' id='word_1_40' title='bbox 1020 717 1218 773; x_wconf 76' lang='lat' dir='ltr'>hortationem</span> <span class='ocrx_word' id='word_1_41' title='bbox 1242 724 1272 772; x_wconf 90' lang='grc' dir='ltr'>ει</span> <span class='ocrx_word' id='word_1_42' title='bbox 1298 718 1435 774; x_wconf 88' lang='lat' dir='ltr'>ululatum</span> <span class='ocrx_word' id='word_1_43' title='bbox 1461 721 1615 775; x_wconf 77' lang='lat' dir='ltr'>exercitus</span> <span class='ocrx_word' id='word_1_44' title='bbox 1637 720 1715 790; x_wconf 72' lang='lat' dir='ltr'>(aleb.</span> <span class='ocrx_word' id='word_1_45' title='bbox 1737 719 1847 790; x_wconf 80' lang='lat' dir='ltr'>xxxix).</span> <span class='ocrx_word' id='word_1_46' title='bbox 1893 712 1896 719; x_wconf 58' lang='lat'><em>¹</em></span> 
     </span>
     <span class='ocr_line' id='line_1_5' title="bbox 162 806 1847 882; baseline 0.001 -19"><span class='ocrx_word' id='word_1_47' title='bbox 162 808 231 864; x_wconf 88' lang='lat' dir='ltr'>Fuit</span> <span class='ocrx_word' id='word_1_48' title='bbox 241 809 325 864; x_wconf 78' lang='lat' dir='ltr'>bomo</span> <span class='ocrx_word' id='word_1_49' title='bbox 334 810 473 864; x_wconf 90' lang='lat' dir='ltr'>missusa</span> <span class='ocrx_word' id='word_1_50' title='bbox 490 810 551 865; x_wconf 86' lang='lat' dir='ltr'>Deo</span> <span class='ocrx_word' id='word_1_51' title='bbox 566 810 614 865; x_wconf 90' lang='lat' dir='ltr'>cni</span> <span class='ocrx_word' id='word_1_52' title='bbox 630 825 733 864; x_wconf 89' lang='lat' dir='ltr'>nomen</span> <span class='ocrx_word' id='word_1_53' title='bbox 749 815 816 863; x_wconf 88' lang='lat' dir='ltr'>erat</span> <span class='ocrx_word' id='word_1_54' title='bbox 832 809 963 863; x_wconf 66' lang='lat' dir='ltr'>loannes</span> <span class='ocrx_word' id='word_1_55' title='bbox 1020 806 1115 860; x_wconf 80' lang='lat' dir='ltr'>Habet</span> <span class='ocrx_word' id='word_1_56' title='bbox 1126 808 1203 860; x_wconf 90' lang='lat' dir='ltr'>enim</span> <span class='ocrx_word' id='word_1_57' title='bbox 1214 807 1352 862; x_wconf 91' lang='lat' dir='ltr'>vitiorum</span> <span class='ocrx_word' id='word_1_58' title='bbox 1364 809 1517 865; x_wconf 89' lang='lat' dir='ltr'>multitudo</span> <span class='ocrx_word' id='word_1_59' title='bbox 1528 825 1631 882; x_wconf 87' lang='lat' dir='ltr'>regem</span> <span class='ocrx_word' id='word_1_60' title='bbox 1641 825 1696 865; x_wconf 92' lang='lat' dir='ltr'>seu</span> <span class='ocrx_word' id='word_1_61' title='bbox 1707 809 1847 882; x_wconf 88' lang='lat' dir='ltr'>reginam,</span> 
     </span>
     <span class='ocr_line' id='line_1_6' title="bbox 126 895 1896 970; baseline -0.001 -16"><span class='ocrx_word' id='word_1_62' title='bbox 126 898 220 970; x_wconf 74' lang='lat' dir='ltr'>(dean.</span> <span class='ocrx_word' id='word_1_63' title='bbox 233 899 263 968; x_wconf 85' lang='lat'>1).</span> <span class='ocrx_word' id='word_1_64' title='bbox 278 899 360 953; x_wconf 89' lang='lat' dir='ltr'>Duos</span> <span class='ocrx_word' id='word_1_65' title='bbox 370 900 490 953; x_wconf 88' lang='lat' dir='ltr'>nuntios</span> <span class='ocrx_word' id='word_1_66' title='bbox 499 900 579 953; x_wconf 91' lang='lat' dir='ltr'>misit</span> <span class='ocrx_word' id='word_1_67' title='bbox 589 899 669 954; x_wconf 90' lang='lat' dir='ltr'>Deus</span> <span class='ocrx_word' id='word_1_68' title='bbox 679 899 708 952; x_wconf 94' lang='lat' dir='ltr'>in</span> <span class='ocrx_word' id='word_1_69' title='bbox 718 899 797 953; x_wconf 90' lang='lat' dir='ltr'>hunc</span> <span class='ocrx_word' id='word_1_70' title='bbox 809 898 960 967; x_wconf 86' lang='lat' dir='ltr'>mundum,</span> <span class='ocrx_word' id='word_1_71' title='bbox 1020 895 1108 949; x_wconf 88' lang='lat' dir='ltr'>habet</span> <span class='ocrx_word' id='word_1_72' title='bbox 1124 898 1152 950; x_wconf 90' lang='grc' dir='ltr'>ει</span> <span class='ocrx_word' id='word_1_73' title='bbox 1167 896 1269 965; x_wconf 83' lang='grc' dir='ltr'><strong>(ιιιεεε,</strong></span> <span class='ocrx_word' id='word_1_74' title='bbox 1287 897 1374 951; x_wconf 88' lang='lat' dir='ltr'>babet</span> <span class='ocrx_word' id='word_1_75' title='bbox 1390 901 1418 951; x_wconf 90' lang='lat' dir='ltr'>et</span> <span class='ocrx_word' id='word_1_76' title='bbox 1433 898 1559 969; x_wconf 92' lang='lat' dir='ltr'>populos</span> <span class='ocrx_word' id='word_1_77' title='bbox 1574 901 1602 953; x_wconf 88' lang='lat' dir='ltr'>et</span> <span class='ocrx_word' id='word_1_78' title='bbox 1617 898 1778 954; x_wconf 86' lang='lat' dir='ltr'>exercitus.</span> <span class='ocrx_word' id='word_1_79' title='bbox 1797 899 1848 953; x_wconf 85' lang='lat' dir='ltr'>Re·</span> <span class='ocrx_word' id='word_1_80' title='bbox 1893 910 1896 931; x_wconf 77' lang='lat'>³</span> 
     </span>
     <span class='ocr_line' id='line_1_7' title="bbox 127 985 1848 1058; baseline 0 -16"><span class='ocrx_word' id='word_1_81' title='bbox 127 1002 248 1042; x_wconf 83' lang='lat' dir='ltr'>servum</span> <span class='ocrx_word' id='word_1_82' title='bbox 263 990 291 1041; x_wconf 89' lang='lat' dir='ltr'>et</span> <span class='ocrx_word' id='word_1_83' title='bbox 307 987 422 1042; x_wconf 84' lang='lat' dir='ltr'>Filium.</span> <span class='ocrx_word' id='word_1_84' title='bbox 441 987 527 1042; x_wconf 86' lang='lat' dir='ltr'>Prius</span> <span class='ocrx_word' id='word_1_85' title='bbox 542 1004 663 1042; x_wconf 89' lang='lat' dir='ltr'>servum</span> <span class='ocrx_word' id='word_1_86' title='bbox 673 991 704 1042; x_wconf 93' lang='lat' dir='ltr'>nt</span> <span class='ocrx_word' id='word_1_87' title='bbox 720 986 959 1055; x_wconf 76' lang='lat' dir='ltr'>comminaretur,</span> <span class='ocrx_word' id='word_1_88' title='bbox 1020 985 1090 1056; x_wconf 89' lang='lat' dir='ltr'>gina</span> <span class='ocrx_word' id='word_1_89' title='bbox 1104 988 1150 1039; x_wconf 89' lang='lat' dir='ltr'>est</span> <span class='ocrx_word' id='word_1_90' title='bbox 1165 985 1318 1055; x_wconf 88' lang='lat' dir='ltr'>superbia,</span> <span class='ocrx_word' id='word_1_91' title='bbox 1343 987 1435 1041; x_wconf 87' lang='lat' dir='ltr'>duces</span> <span class='ocrx_word' id='word_1_92' title='bbox 1457 987 1527 1041; x_wconf 86' lang='lat' dir='ltr'>vitia</span> <span class='ocrx_word' id='word_1_93' title='bbox 1543 988 1687 1058; x_wconf 89' lang='lat' dir='ltr'>capitalia,</span> <span class='ocrx_word' id='word_1_94' title='bbox 1703 987 1848 1042; x_wconf 86' lang='lat' dir='ltr'>exercitus</span> 
     </span>
     <span class='ocr_line' id='line_1_8' title="bbox 126 1074 1896 1148; baseline 0.001 -19"><span class='ocrx_word' id='word_1_95' title='bbox 126 1079 230 1148; x_wconf 89' lang='lat' dir='ltr'>postea</span> <span class='ocrx_word' id='word_1_96' title='bbox 246 1076 352 1130; x_wconf 75' lang='lat' dir='ltr'>Filium</span> <span class='ocrx_word' id='word_1_97' title='bbox 367 1079 398 1130; x_wconf 88' lang='lat' dir='ltr'>ut</span> <span class='ocrx_word' id='word_1_98' title='bbox 414 1077 628 1131; x_wconf 85' lang='lat' dir='ltr'>consolaretur.</span> <span class='ocrx_word' id='word_1_99' title='bbox 641 1076 753 1131; x_wconf 84' lang='lat' dir='ltr'>Servus</span> <span class='ocrx_word' id='word_1_100' title='bbox 768 1075 863 1130; x_wconf 89' lang='lat' dir='ltr'>attulit</span> <span class='ocrx_word' id='word_1_101' title='bbox 877 1076 963 1129; x_wconf 89' lang='lat' dir='ltr'>timo·</span> <span class='ocrx_word' id='word_1_102' title='bbox 1021 1077 1066 1127; x_wconf 89' lang='lat' dir='ltr'>est</span> <span class='ocrx_word' id='word_1_103' title='bbox 1081 1074 1219 1128; x_wconf 88' lang='lat' dir='ltr'>universa</span> <span class='ocrx_word' id='word_1_104' title='bbox 1236 1075 1310 1128; x_wconf 91' lang='lat' dir='ltr'>mala</span> <span class='ocrx_word' id='word_1_105' title='bbox 1325 1075 1549 1146; x_wconf 89' lang='lat' dir='ltr'>subsequentia.</span> <span class='ocrx_word' id='word_1_106' title='bbox 1567 1076 1697 1131; x_wconf 86' lang='lat' dir='ltr'>Primum</span> <span class='ocrx_word' id='word_1_107' title='bbox 1712 1091 1786 1148; x_wconf 86' lang='lat' dir='ltr'>ergo</span> <span class='ocrx_word' id='word_1_108' title='bbox 1802 1076 1849 1131; x_wconf 88' lang='lat' dir='ltr'>du·</span> <span class='ocrx_word' id='word_1_109' title='bbox 1893 1104 1896 1131; x_wconf 90' lang='lat'><strong>:</strong></span> 
     </span>
     <span class='ocr_line' id='line_1_9' title="bbox 127 1161 1897 1235; baseline 0 -17"><span class='ocrx_word' id='word_1_110' title='bbox 127 1180 199 1231; x_wconf 87' lang='lat' dir='ltr'>rem,</span> <span class='ocrx_word' id='word_1_111' title='bbox 217 1163 310 1219; x_wconf 82' lang='lat' dir='ltr'>Filius</span> <span class='ocrx_word' id='word_1_112' title='bbox 326 1181 466 1221; x_wconf 90' lang='lat' dir='ltr'>amorem.</span> <span class='ocrx_word' id='word_1_113' title='bbox 478 1164 590 1220; x_wconf 88' lang='lat' dir='ltr'>Servus</span> <span class='ocrx_word' id='word_1_114' title='bbox 604 1165 747 1219; x_wconf 90' lang='lat' dir='ltr'>nuntiavit</span> <span class='ocrx_word' id='word_1_115' title='bbox 762 1165 964 1235; x_wconf 90' lang='lat' dir='ltr'>quodtimare-</span> <span class='ocrx_word' id='word_1_116' title='bbox 1021 1176 1073 1215; x_wconf 89' lang='lat' dir='ltr'>ces</span> <span class='ocrx_word' id='word_1_117' title='bbox 1088 1161 1226 1216; x_wconf 84' lang='lat' dir='ltr'>vitiorum</span> <span class='ocrx_word' id='word_1_118' title='bbox 1238 1164 1323 1233; x_wconf 80' lang='lat' dir='ltr'>quasi</span> <span class='ocrx_word' id='word_1_119' title='bbox 1338 1163 1367 1217; x_wconf 93' lang='lat' dir='ltr'>in</span> <span class='ocrx_word' id='word_1_120' title='bbox 1377 1179 1478 1235; x_wconf 91' lang='lat' dir='ltr'>pugna</span> <span class='ocrx_word' id='word_1_121' title='bbox 1488 1164 1724 1219; x_wconf 87' lang='lat' dir='ltr'>exhortationem</span> <span class='ocrx_word' id='word_1_122' title='bbox 1742 1164 1848 1220; x_wconf 82' lang='lat' dir='ltr'>iaciunt</span> <span class='ocrx_word' id='word_1_123' title='bbox 1893 1198 1897 1227; x_wconf 65' lang='lat'>3</span> 
     </span>
     <span class='ocr_line' id='line_1_10' title="bbox 19 1246 1897 1325; baseline 0 -18"><span class='ocrx_word' id='word_1_124' title='bbox 19 1259 22 1263; x_wconf 88' lang='grc'><strong>’</strong></span> <span class='ocrx_word' id='word_1_125' title='bbox 126 1253 320 1322; x_wconf 78' lang='lat' dir='ltr'>mua3l&#39;ilius</span> <span class='ocrx_word' id='word_1_126' title='bbox 337 1253 479 1309; x_wconf 90' lang='lat' dir='ltr'>revelavit</span> <span class='ocrx_word' id='word_1_127' title='bbox 494 1254 572 1325; x_wconf 87' lang='lat' dir='ltr'>quod</span> <span class='ocrx_word' id='word_1_128' title='bbox 588 1268 765 1308; x_wconf 89' lang='lat' dir='ltr'>amaremus.</span> <span class='ocrx_word' id='word_1_129' title='bbox 783 1253 847 1307; x_wconf 89' lang='lat' dir='ltr'>Duo</span> <span class='ocrx_word' id='word_1_130' title='bbox 867 1252 961 1323; x_wconf 88' lang='lat' dir='ltr'>enim,</span> <span class='ocrx_word' id='word_1_131' title='bbox 1020 1250 1088 1320; x_wconf 91' lang='lat' dir='ltr'>quia</span> <span class='ocrx_word' id='word_1_132' title='bbox 1104 1250 1252 1305; x_wconf 90' lang='lat' dir='ltr'>hominem</span> <span class='ocrx_word' id='word_1_133' title='bbox 1267 1251 1296 1305; x_wconf 94' lang='lat' dir='ltr'>in</span> <span class='ocrx_word' id='word_1_134' title='bbox 1311 1253 1423 1307; x_wconf 89' lang='lat' dir='ltr'>ratione</span> <span class='ocrx_word' id='word_1_135' title='bbox 1439 1251 1565 1307; x_wconf 81' lang='lat' dir='ltr'>faciendi</span> <span class='ocrx_word' id='word_1_136' title='bbox 1582 1252 1753 1323; x_wconf 79' lang='lat' dir='ltr'>decipiunt3</span> <span class='ocrx_word' id='word_1_137' title='bbox 1770 1269 1849 1308; x_wconf 84' lang='lat' dir='ltr'>exer·</span> <span class='ocrx_word' id='word_1_138' title='bbox 1894 1246 1897 1255; x_wconf 83' lang='grc'><strong>’</strong></span> 
     </span>
     <span class='ocr_line' id='line_1_11' title="bbox 128 1339 1850 1413; baseline 0 -17"><span class='ocrx_word' id='word_1_139' title='bbox 128 1341 235 1396; x_wconf 85' lang='lat' dir='ltr'>iratres</span> <span class='ocrx_word' id='word_1_140' title='bbox 248 1342 428 1413; x_wconf 81' lang='lat' dir='ltr'>charissimi,</span> <span class='ocrx_word' id='word_1_141' title='bbox 440 1342 615 1398; x_wconf 87' lang='lat' dir='ltr'>abscondita</span> <span class='ocrx_word' id='word_1_142' title='bbox 626 1345 710 1397; x_wconf 90' lang='lat' dir='ltr'>erant</span> <span class='ocrx_word' id='word_1_143' title='bbox 717 1342 754 1396; x_wconf 91' lang='lat' dir='ltr'>ab</span> <span class='ocrx_word' id='word_1_144' title='bbox 764 1340 859 1397; x_wconf 90' lang='lat' dir='ltr'>oculis</span> <span class='ocrx_word' id='word_1_145' title='bbox 869 1340 963 1395; x_wconf 90' lang='lat' dir='ltr'>homi·</span> <span class='ocrx_word' id='word_1_146' title='bbox 1021 1339 1098 1394; x_wconf 89' lang='lat' dir='ltr'>citus</span> <span class='ocrx_word' id='word_1_147' title='bbox 1112 1343 1210 1394; x_wconf 86' lang='lat' dir='ltr'>autem</span> <span class='ocrx_word' id='word_1_148' title='bbox 1223 1345 1327 1410; x_wconf 89' lang='lat' dir='ltr'>postea</span> <span class='ocrx_word' id='word_1_149' title='bbox 1342 1341 1428 1412; x_wconf 89' lang='lat' dir='ltr'>quasi</span> <span class='ocrx_word' id='word_1_150' title='bbox 1445 1357 1512 1395; x_wconf 85' lang='lat' dir='ltr'>curn</span> <span class='ocrx_word' id='word_1_151' title='bbox 1527 1341 1639 1396; x_wconf 86' lang='lat' dir='ltr'>ululatu</span> <span class='ocrx_word' id='word_1_152' title='bbox 1659 1341 1762 1411; x_wconf 86' lang='lat' dir='ltr'>irruit,</span> <span class='ocrx_word' id='word_1_153' title='bbox 1787 1342 1850 1413; x_wconf 89' lang='lat' dir='ltr'>quia</span> 
     </span>
     <span class='ocr_line' id='line_1_12' title="bbox 127 1429 1897 1502; baseline -0.001 -16"><span class='ocrx_word' id='word_1_154' title='bbox 127 1431 186 1499; x_wconf 85' lang='lat' dir='ltr'>nis,</span> <span class='ocrx_word' id='word_1_155' title='bbox 203 1434 312 1485; x_wconf 88' lang='lat' dir='ltr'>aeterna</span> <span class='ocrx_word' id='word_1_156' title='bbox 328 1431 404 1486; x_wconf 89' lang='lat' dir='ltr'>mala</span> <span class='ocrx_word' id='word_1_157' title='bbox 419 1434 447 1486; x_wconf 91' lang='lat' dir='ltr'>et</span> <span class='ocrx_word' id='word_1_158' title='bbox 462 1434 572 1486; x_wconf 88' lang='lat' dir='ltr'>aeterna</span> <span class='ocrx_word' id='word_1_159' title='bbox 590 1431 685 1501; x_wconf 90' lang='lat' dir='ltr'>bona,</span> <span class='ocrx_word' id='word_1_160' title='bbox 707 1435 735 1485; x_wconf 91' lang='grc' dir='ltr'>ει</span> <span class='ocrx_word' id='word_1_161' title='bbox 749 1446 808 1485; x_wconf 93' lang='lat' dir='ltr'>non</span> <span class='ocrx_word' id='word_1_162' title='bbox 825 1429 963 1501; x_wconf 78' lang='lat' dir='ltr'>praevidit</span> <span class='ocrx_word' id='word_1_163' title='bbox 1020 1431 1089 1499; x_wconf 90' lang='lat' dir='ltr'>post</span> <span class='ocrx_word' id='word_1_164' title='bbox 1104 1430 1228 1499; x_wconf 90' lang='lat' dir='ltr'>primam</span> <span class='ocrx_word' id='word_1_165' title='bbox 1244 1430 1470 1502; x_wconf 83' lang='lat' dir='ltr'>suggestionem</span> <span class='ocrx_word' id='word_1_166' title='bbox 1482 1434 1661 1501; x_wconf 87' lang='lat' dir='ltr'>susceptam,</span> <span class='ocrx_word' id='word_1_167' title='bbox 1673 1431 1760 1486; x_wconf 89' lang='lat' dir='ltr'>turba</span> <span class='ocrx_word' id='word_1_168' title='bbox 1771 1431 1850 1485; x_wconf 92' lang='lat' dir='ltr'>vitio·</span> <span class='ocrx_word' id='word_1_169' title='bbox 1894 1468 1897 1497; x_wconf 68' lang='lat' dir='ltr'>r</span> 
     </span>
     <span class='ocr_line' id='line_1_13' title="bbox 128 1518 1851 1590; baseline -0.001 -16"><span class='ocrx_word' id='word_1_170' title='bbox 128 1518 216 1574; x_wconf 90' lang='lat' dir='ltr'>homo</span> <span class='ocrx_word' id='word_1_171' title='bbox 227 1520 274 1574; x_wconf 93' lang='lat' dir='ltr'>vel</span> <span class='ocrx_word' id='word_1_172' title='bbox 288 1519 362 1574; x_wconf 89' lang='lat' dir='ltr'>mala</span> <span class='ocrx_word' id='word_1_173' title='bbox 371 1520 420 1575; x_wconf 91' lang='lat' dir='ltr'>illa</span> <span class='ocrx_word' id='word_1_174' title='bbox 431 1523 461 1575; x_wconf 88' lang='lat' dir='ltr'>ut</span> <span class='ocrx_word' id='word_1_175' title='bbox 472 1519 654 1589; x_wconf 87' lang='lat' dir='ltr'>caveret,vcl</span> <span class='ocrx_word' id='word_1_176' title='bbox 663 1520 739 1574; x_wconf 87' lang='lat' dir='ltr'>bona</span> <span class='ocrx_word' id='word_1_177' title='bbox 748 1522 779 1574; x_wconf 89' lang='lat' dir='ltr'>ut</span> <span class='ocrx_word' id='word_1_178' title='bbox 787 1519 962 1590; x_wconf 87' lang='lat' dir='ltr'>requireret.</span> <span class='ocrx_word' id='word_1_179' title='bbox 1022 1532 1087 1570; x_wconf 90' lang='lat' dir='ltr'>rum</span> <span class='ocrx_word' id='word_1_180' title='bbox 1103 1533 1234 1588; x_wconf 85' lang='lat' dir='ltr'>sequens</span> <span class='ocrx_word' id='word_1_181' title='bbox 1249 1519 1279 1572; x_wconf 94' lang='lat' dir='ltr'>in</span> <span class='ocrx_word' id='word_1_182' title='bbox 1294 1518 1447 1588; x_wconf 87' lang='lat' dir='ltr'>deceptam</span> <span class='ocrx_word' id='word_1_183' title='bbox 1460 1522 1588 1574; x_wconf 92' lang='lat' dir='ltr'>mentem</span> <span class='ocrx_word' id='word_1_184' title='bbox 1600 1535 1666 1573; x_wconf 90' lang='lat' dir='ltr'>cum</span> <span class='ocrx_word' id='word_1_185' title='bbox 1676 1519 1816 1574; x_wconf 89' lang='lat' dir='ltr'>violentia</span> <span class='ocrx_word' id='word_1_186' title='bbox 1825 1522 1851 1573; x_wconf 88' lang='lat' dir='ltr'>et</span> 
     </span>
     <span class='ocr_line' id='line_1_14' title="bbox 128 1604 1850 1680; baseline -0.001 -18"><span class='ocrx_word' id='word_1_187' title='bbox 128 1607 175 1663; x_wconf 80' lang='lat' dir='ltr'>Ad</span> <span class='ocrx_word' id='word_1_188' title='bbox 189 1608 253 1662; x_wconf 91' lang='lat' dir='ltr'>sola</span> <span class='ocrx_word' id='word_1_189' title='bbox 269 1609 428 1678; x_wconf 75' lang='lat' dir='ltr'>praesentia</span> <span class='ocrx_word' id='word_1_190' title='bbox 446 1609 549 1664; x_wconf 89' lang='lat' dir='ltr'>oculos</span> <span class='ocrx_word' id='word_1_191' title='bbox 568 1613 686 1679; x_wconf 87' lang='lat' dir='ltr'>apertos</span> <span class='ocrx_word' id='word_1_192' title='bbox 697 1608 839 1677; x_wconf 90' lang='lat' dir='ltr'>habebat,</span> <span class='ocrx_word' id='word_1_193' title='bbox 855 1611 883 1662; x_wconf 90' lang='lat' dir='ltr'>et</span> <span class='ocrx_word' id='word_1_194' title='bbox 896 1608 963 1661; x_wconf 86' lang='lat' dir='ltr'>ideo</span> <span class='ocrx_word' id='word_1_195' title='bbox 1021 1604 1147 1660; x_wconf 89' lang='lat' dir='ltr'>tumultu</span> <span class='ocrx_word' id='word_1_196' title='bbox 1160 1607 1300 1676; x_wconf 90' lang='lat' dir='ltr'>impetum</span> <span class='ocrx_word' id='word_1_197' title='bbox 1315 1605 1394 1662; x_wconf 82' lang='lat' dir='ltr'>iacit.</span> <span class='ocrx_word' id='word_1_198' title='bbox 1411 1607 1460 1661; x_wconf 93' lang='lat' dir='ltr'>Sic</span> <span class='ocrx_word' id='word_1_199' title='bbox 1474 1610 1503 1661; x_wconf 91' lang='lat' dir='ltr'>et</span> <span class='ocrx_word' id='word_1_200' title='bbox 1515 1608 1673 1662; x_wconf 78' lang='lat' dir='ltr'>virtutibus</span> <span class='ocrx_word' id='word_1_201' title='bbox 1690 1607 1795 1680; x_wconf 83' lang='lat' dir='ltr'>regina</span> <span class='ocrx_word' id='word_1_202' title='bbox 1810 1609 1850 1662; x_wconf 87' lang='lat' dir='ltr'>est</span> 
     </span>
     <span class='ocr_line' id='line_1_15' title="bbox 129 1693 1848 1769; baseline -0.001 -18"><span class='ocrx_word' id='word_1_203' title='bbox 129 1696 273 1767; x_wconf 89' lang='lat' dir='ltr'>quianon</span> <span class='ocrx_word' id='word_1_204' title='bbox 288 1697 408 1751; x_wconf 90' lang='lat' dir='ltr'>videbat</span> <span class='ocrx_word' id='word_1_205' title='bbox 423 1697 510 1752; x_wconf 90' lang='lat' dir='ltr'>bomo</span> <span class='ocrx_word' id='word_1_206' title='bbox 532 1697 583 1752; x_wconf 91' lang='lat' dir='ltr'>nbi</span> <span class='ocrx_word' id='word_1_207' title='bbox 605 1698 702 1769; x_wconf 87' lang='lat' dir='ltr'>magis</span> <span class='ocrx_word' id='word_1_208' title='bbox 727 1697 869 1767; x_wconf 90' lang='lat' dir='ltr'>oportuit,</span> <span class='ocrx_word' id='word_1_209' title='bbox 886 1695 964 1749; x_wconf 88' lang='lat' dir='ltr'>indi·</span> <span class='ocrx_word' id='word_1_210' title='bbox 1022 1693 1172 1749; x_wconf 89' lang='lat' dir='ltr'>humilitas</span> <span class='ocrx_word' id='word_1_211' title='bbox 1186 1710 1192 1763; x_wconf 81' lang='lat'>3</span> <span class='ocrx_word' id='word_1_212' title='bbox 1209 1695 1312 1764; x_wconf 88' lang='lat' dir='ltr'>duces,</span> <span class='ocrx_word' id='word_1_213' title='bbox 1328 1695 1507 1766; x_wconf 85' lang='lat' dir='ltr'>principales</span> <span class='ocrx_word' id='word_1_214' title='bbox 1523 1696 1668 1766; x_wconf 79' lang='lat' dir='ltr'>virtutes3</span> <span class='ocrx_word' id='word_1_215' title='bbox 1692 1697 1848 1763; x_wconf 84' lang='lat' dir='ltr'>exercitus,</span> 
     </span>
     <span class='ocr_line' id='line_1_16' title="bbox 128 1782 1848 1893; baseline -0.001 -54"><span class='ocrx_word' id='word_1_216' title='bbox 128 1785 221 1839; x_wconf 89' lang='lat' dir='ltr'>canda</span> <span class='ocrx_word' id='word_1_217' title='bbox 236 1788 319 1839; x_wconf 89' lang='lat' dir='ltr'>erant</span> <span class='ocrx_word' id='word_1_218' title='bbox 334 1785 377 1839; x_wconf 94' lang='lat' dir='ltr'>illi</span> <span class='ocrx_word' id='word_1_219' title='bbox 391 1802 458 1856; x_wconf 81' lang='lat' dir='ltr'>quae</span> <span class='ocrx_word' id='word_1_220' title='bbox 473 1786 635 1841; x_wconf 81' lang='lat' dir='ltr'>nesciebat.</span> <span class='ocrx_word' id='word_1_221' title='bbox 654 1786 740 1840; x_wconf 89' lang='lat' dir='ltr'>Venit</span> <span class='ocrx_word' id='word_1_222' title='bbox 756 1786 887 1840; x_wconf 81' lang='lat' dir='ltr'>ioannes</span> <span class='ocrx_word' id='word_1_223' title='bbox 904 1785 963 1839; x_wconf 90' lang='lat' dir='ltr'>cla·</span> <span class='ocrx_word' id='word_1_224' title='bbox 978 1830 1005 1893; x_wconf 79' lang='lat' dir='ltr'><strong>B</strong></span> <span class='ocrx_word' id='word_1_225' title='bbox 1021 1782 1167 1837; x_wconf 90' lang='lat' dir='ltr'>bonorum</span> <span class='ocrx_word' id='word_1_226' title='bbox 1182 1783 1373 1838; x_wconf 86' lang='lat' dir='ltr'>universitas.</span> <span class='ocrx_word' id='word_1_227' title='bbox 1391 1783 1427 1838; x_wconf 84' lang='lat' dir='ltr'>Et</span> <span class='ocrx_word' id='word_1_228' title='bbox 1439 1787 1596 1855; x_wconf 88' lang='lat' dir='ltr'>postquam</span> <span class='ocrx_word' id='word_1_229' title='bbox 1610 1785 1714 1855; x_wconf 83' lang='lat' dir='ltr'>primae</span> <span class='ocrx_word' id='word_1_230' title='bbox 1728 1785 1848 1839; x_wconf 79' lang='lat' dir='ltr'>virtutes</span> 
     </span>
     <span class='ocr_line' id='line_1_17' title="bbox 128 1871 1849 1947; baseline -0.001 -20"><span class='ocrx_word' id='word_1_231' title='bbox 128 1889 228 1928; x_wconf 88' lang='lat' dir='ltr'>mans:</span> <span class='ocrx_word' id='word_1_232' title='bbox 243 1874 399 1929; x_wconf 88' lang='lat' dir='ltr'>Genimina</span> <span class='ocrx_word' id='word_1_233' title='bbox 417 1875 596 1946; x_wconf 83' lang='lat' dir='ltr'>viperarum,</span> <span class='ocrx_word' id='word_1_234' title='bbox 615 1874 772 1947; x_wconf 84' lang='lat' dir='ltr'>quiavobis</span> <span class='ocrx_word' id='word_1_235' title='bbox 782 1875 963 1930; x_wconf 83' lang='lat' dir='ltr'>monstrabit</span> <span class='ocrx_word' id='word_1_236' title='bbox 1021 1872 1058 1926; x_wconf 91' lang='lat' dir='ltr'>ab</span> <span class='ocrx_word' id='word_1_237' title='bbox 1073 1871 1190 1926; x_wconf 89' lang='lat' dir='ltr'>homine</span> <span class='ocrx_word' id='word_1_238' title='bbox 1207 1888 1274 1926; x_wconf 88' lang='lat' dir='ltr'>cum</span> <span class='ocrx_word' id='word_1_239' title='bbox 1290 1872 1415 1943; x_wconf 91' lang='lat' dir='ltr'>quadam</span> <span class='ocrx_word' id='word_1_240' title='bbox 1430 1874 1543 1927; x_wconf 89' lang='lat' dir='ltr'>ratione</span> <span class='ocrx_word' id='word_1_241' title='bbox 1555 1873 1771 1943; x_wconf 89' lang='lat' dir='ltr'>suscipiuntur,</span> <span class='ocrx_word' id='word_1_242' title='bbox 1787 1887 1849 1927; x_wconf 86' lang='lat' dir='ltr'>mox</span> 
     </span>
     <span class='ocr_line' id='line_1_18' title="bbox 128 1960 1848 2036; baseline -0.002 -19"><span class='ocrx_word' id='word_1_243' title='bbox 128 1961 235 2034; x_wconf 73' lang='lat' dir='ltr'>fugere</span> <span class='ocrx_word' id='word_1_244' title='bbox 250 1979 265 2017; x_wconf 88' lang='lat' dir='ltr'>a</span> <span class='ocrx_word' id='word_1_245' title='bbox 284 1968 409 2018; x_wconf 86' lang='lat' dir='ltr'>ventura</span> <span class='ocrx_word' id='word_1_246' title='bbox 425 1964 493 2018; x_wconf 87' lang='lat' dir='ltr'>ira?</span> <span class='ocrx_word' id='word_1_247' title='bbox 507 1964 599 2036; x_wconf 77' lang='lat' dir='ltr'>Agite</span> <span class='ocrx_word' id='word_1_248' title='bbox 613 1963 730 2018; x_wconf 73' lang='lat' dir='ltr'>tructus</span> <span class='ocrx_word' id='word_1_249' title='bbox 745 1964 853 2036; x_wconf 75' lang='lat' dir='ltr'>dignos</span> <span class='ocrx_word' id='word_1_250' title='bbox 864 1964 961 2035; x_wconf 84' lang='lat' dir='ltr'>poeni-</span> <span class='ocrx_word' id='word_1_251' title='bbox 1021 1961 1201 2015; x_wconf 87' lang='lat' dir='ltr'>universitae</span> <span class='ocrx_word' id='word_1_252' title='bbox 1217 1960 1363 2015; x_wconf 90' lang='lat' dir='ltr'>bonorum</span> <span class='ocrx_word' id='word_1_253' title='bbox 1378 1963 1483 2031; x_wconf 93' lang='lat' dir='ltr'>sponte</span> <span class='ocrx_word' id='word_1_254' title='bbox 1500 1961 1704 2033; x_wconf 85' lang='lat' dir='ltr'>subsequitur.</span> <span class='ocrx_word' id='word_1_255' title='bbox 1722 1961 1792 2017; x_wconf 91' lang='lat' dir='ltr'>ldeo</span> <span class='ocrx_word' id='word_1_256' title='bbox 1806 1961 1848 2014; x_wconf 90' lang='lat' dir='ltr'>hio</span> 
     </span>
     <span class='ocr_line' id='line_1_19' title="bbox 131 2048 1850 2124; baseline 0 -20"><span class='ocrx_word' id='word_1_257' title='bbox 131 2051 233 2105; x_wconf 67' lang='lat' dir='ltr'>tentia)</span> <span class='ocrx_word' id='word_1_258' title='bbox 248 2052 367 2124; x_wconf 81' lang='grc' dir='ltr'><strong>(ιιειιι.</strong></span> <span class='ocrx_word' id='word_1_259' title='bbox 386 2054 438 2122; x_wconf 90' lang='grc' dir='ltr'><strong>ιιι).</strong></span> <span class='ocrx_word' id='word_1_260' title='bbox 456 2053 577 2107; x_wconf 90' lang='lat' dir='ltr'>Nuntiat</span> <span class='ocrx_word' id='word_1_261' title='bbox 591 2052 765 2124; x_wconf 89' lang='lat' dir='ltr'>periculum,</span> <span class='ocrx_word' id='word_1_262' title='bbox 778 2051 883 2107; x_wconf 89' lang='lat' dir='ltr'>suadet</span> <span class='ocrx_word' id='word_1_263' title='bbox 895 2067 963 2106; x_wconf 90' lang='lat' dir='ltr'>can·</span> <span class='ocrx_word' id='word_1_264' title='bbox 1021 2048 1147 2119; x_wconf 90' lang='lat' dir='ltr'>primum</span> <span class='ocrx_word' id='word_1_265' title='bbox 1162 2049 1254 2103; x_wconf 90' lang='lat' dir='ltr'>ducas</span> <span class='ocrx_word' id='word_1_266' title='bbox 1268 2049 1367 2119; x_wconf 90' lang='lat' dir='ltr'>posuit</span> <span class='ocrx_word' id='word_1_267' title='bbox 1381 2050 1529 2120; x_wconf 78' lang='lat' dir='ltr'>myrrham</span> <span class='ocrx_word' id='word_1_268' title='bbox 1544 2053 1572 2103; x_wconf 91' lang='lat' dir='ltr'>et</span> <span class='ocrx_word' id='word_1_269' title='bbox 1587 2050 1674 2119; x_wconf 81' lang='lat' dir='ltr'>thus3</span> <span class='ocrx_word' id='word_1_270' title='bbox 1690 2052 1760 2120; x_wconf 91' lang='lat' dir='ltr'>post</span> <span class='ocrx_word' id='word_1_271' title='bbox 1775 2064 1850 2104; x_wconf 76' lang='lat' dir='ltr'>exer</span> 
     </span>
     <span class='ocr_line' id='line_1_20' title="bbox 130 2137 1690 2210; baseline -0.001 -15"><span class='ocrx_word' id='word_1_272' title='bbox 130 2141 228 2207; x_wconf 89' lang='lat' dir='ltr'>telam,</span> <span class='ocrx_word' id='word_1_273' title='bbox 253 2142 381 2196; x_wconf 89' lang='lat' dir='ltr'>ostendit</span> <span class='ocrx_word' id='word_1_274' title='bbox 404 2141 572 2196; x_wconf 91' lang='lat' dir='ltr'>consilium.</span> <span class='ocrx_word' id='word_1_275' title='bbox 599 2142 699 2196; x_wconf 91' lang='lat' dir='ltr'>Bonus</span> <span class='ocrx_word' id='word_1_276' title='bbox 723 2157 842 2209; x_wconf 84' lang='lat' dir='ltr'>servus,</span> <span class='ocrx_word' id='word_1_277' title='bbox 865 2141 963 2195; x_wconf 91' lang='lat' dir='ltr'>bonus</span> <span class='ocrx_word' id='word_1_278' title='bbox 1022 2137 1122 2208; x_wconf 86' lang='lat' dir='ltr'>citum,</span> <span class='ocrx_word' id='word_1_279' title='bbox 1140 2138 1313 2192; x_wconf 88' lang='lat' dir='ltr'>universum</span> <span class='ocrx_word' id='word_1_280' title='bbox 1328 2137 1516 2210; x_wconf 86' lang='lat' dir='ltr'>pigmentarii</span> <span class='ocrx_word' id='word_1_281' title='bbox 1528 2138 1690 2208; x_wconf 90' lang='lat' dir='ltr'>pulverem.</span> 
     </span>
     <span class='ocr_line' id='line_1_21' title="bbox 131 2228 1850 2316; baseline -0.001 -18"><span class='ocrx_word' id='word_1_282' title='bbox 131 2229 263 2298; x_wconf 86' lang='lat' dir='ltr'>nuntius,</span> <span class='ocrx_word' id='word_1_283' title='bbox 272 2229 320 2298; x_wconf 70' lang='lat' dir='ltr'>Pie</span> <span class='ocrx_word' id='word_1_284' title='bbox 331 2228 472 2298; x_wconf 67' lang='lat' dir='ltr'>SfflVifflSr</span> <span class='ocrx_word' id='word_1_285' title='bbox 482 2229 689 2301; x_wconf 62' lang='lat' dir='ltr'>P0l⁸⁰qUOHd⁰</span> <span class='ocrx_word' id='word_1_286' title='bbox 700 2229 872 2284; x_wconf 60' lang='lat' dir='ltr'>miseriem</span> <span class='ocrx_word' id='word_1_287' title='bbox 883 2271 890 2300; x_wconf 68' lang='grc' dir='ltr'><strong>ι</strong></span> <span class='ocrx_word' id='word_1_288' title='bbox 902 2244 965 2299; x_wconf 68' lang='grc' dir='ltr'>ΡθΓ·</span> <span class='ocrx_word' id='word_1_289' title='bbox 1022 2246 1085 2301; x_wconf 84' lang='grc' dir='ltr'><strong>Τιτ,</strong></span> <span class='ocrx_word' id='word_1_290' title='bbox 1096 2244 1185 2300; x_wconf 80' lang='lat' dir='ltr'>cxli.</span> <span class='ocrx_word' id='word_1_291' title='bbox 1199 2244 1243 2298; x_wconf 83' lang='lat' dir='ltr'>lle</span> <span class='ocrx_word' id='word_1_292' title='bbox 1261 2244 1358 2299; x_wconf 84' lang='lat' dir='ltr'>tribus</span> <span class='ocrx_word' id='word_1_293' title='bbox 1372 2244 1471 2313; x_wconf 76' lang='lat' dir='ltr'>lestis,</span> <span class='ocrx_word' id='word_1_294' title='bbox 1485 2245 1641 2316; x_wconf 81' lang='lat' dir='ltr'>virginum,</span> <span class='ocrx_word' id='word_1_295' title='bbox 1653 2243 1850 2299; x_wconf 69' lang='lat' dir='ltr'>confessorum</span> 
     </span>
     <span class='ocr_line' id='line_1_22' title="bbox 131 2314 1748 2386; baseline -0.001 -15"><span class='ocrx_word' id='word_1_296' title='bbox 131 2316 203 2371; x_wconf 88' lang='lat' dir='ltr'>cutit</span> <span class='ocrx_word' id='word_1_297' title='bbox 213 2332 332 2386; x_wconf 91' lang='lat' dir='ltr'>servus,</span> <span class='ocrx_word' id='word_1_298' title='bbox 342 2320 372 2372; x_wconf 90' lang='lat' dir='ltr'>ut</span> <span class='ocrx_word' id='word_1_299' title='bbox 381 2320 466 2372; x_wconf 91' lang='lat' dir='ltr'>sanet</span> <span class='ocrx_word' id='word_1_300' title='bbox 477 2318 629 2372; x_wconf 79' lang='lat' dir='ltr'>Dominus,</span> <span class='ocrx_word' id='word_1_301' title='bbox 641 2317 743 2372; x_wconf 89' lang='lat' dir='ltr'>Videte</span> <span class='ocrx_word' id='word_1_302' title='bbox 750 2318 825 2372; x_wconf 89' lang='lat' dir='ltr'>dnos</span> <span class='ocrx_word' id='word_1_303' title='bbox 833 2318 962 2372; x_wconf 87' lang='lat' dir='ltr'>nuntios:</span> <span class='ocrx_word' id='word_1_304' title='bbox 1135 2322 1165 2369; x_wconf 83' lang='lat' dir='ltr'>et</span> <span class='ocrx_word' id='word_1_305' title='bbox 1175 2320 1349 2386; x_wconf 76' lang='lat' dir='ltr'>martyrum,</span> <span class='ocrx_word' id='word_1_306' title='bbox 1363 2321 1392 2369; x_wconf 88' lang='lat' dir='ltr'>et</span> <span class='ocrx_word' id='word_1_307' title='bbox 1403 2316 1440 2370; x_wconf 88' lang='lat' dir='ltr'>da</span> <span class='ocrx_word' id='word_1_308' title='bbox 1451 2315 1526 2371; x_wconf 84' lang='lat' dir='ltr'>bono</span> <span class='ocrx_word' id='word_1_309' title='bbox 1539 2314 1748 2370; x_wconf 74' lang='lat' dir='ltr'>consessionis.</span> 
     </span>
     <span class='ocr_line' id='line_1_23' title="bbox 137 2403 1851 2494; baseline 0.002 -38"><span class='ocrx_word' id='word_1_310' title='bbox 137 2403 223 2459; x_wconf 85' lang='lat' dir='ltr'>Venit</span> <span class='ocrx_word' id='word_1_311' title='bbox 237 2404 376 2473; x_wconf 62' lang='lat' dir='ltr'>ioannes,</span> <span class='ocrx_word' id='word_1_312' title='bbox 394 2421 450 2459; x_wconf 92' lang='lat' dir='ltr'>non</span> <span class='ocrx_word' id='word_1_313' title='bbox 465 2407 646 2460; x_wconf 86' lang='lat' dir='ltr'>manducans</span> <span class='ocrx_word' id='word_1_314' title='bbox 661 2422 715 2460; x_wconf 87' lang='lat' dir='ltr'>nec</span> <span class='ocrx_word' id='word_1_315' title='bbox 726 2406 834 2460; x_wconf 83' lang='lat' dir='ltr'>bibens</span> <span class='ocrx_word' id='word_1_316' title='bbox 844 2406 963 2473; x_wconf 78' lang='grc' dir='ltr'><strong>(ιιειιι.</strong></span> <span class='ocrx_word' id='word_1_317' title='bbox 1060 2422 1392 2494; x_wconf 54' lang='grc' dir='ltr'><strong>ιεθεωωθθῑὸῃῃᾶῑῃω,</strong></span> <span class='ocrx_word' id='word_1_318' title='bbox 1402 2422 1542 2494; x_wconf 68' lang='lat' dir='ltr'>Magnum</span> <span class='ocrx_word' id='word_1_319' title='bbox 1552 2420 1704 2494; x_wconf 52' lang='lat' dir='ltr'>gaudium,</span> <span class='ocrx_word' id='word_1_320' title='bbox 1716 2436 1851 2494; x_wconf 63' lang='lat' dir='ltr'>magnum</span> 
     </span>
     <span class='ocr_line' id='line_1_24' title="bbox 130 2492 1852 2583; baseline 0.002 -23"><span class='ocrx_word' id='word_1_321' title='bbox 130 2492 193 2560; x_wconf 69' lang='lat' dir='ltr'>x¹lt</span> <span class='ocrx_word' id='word_1_322' title='bbox 218 2493 386 2562; x_wconf 57' lang='lat' dir='ltr'>elffiml’lum</span> <span class='ocrx_word' id='word_1_323' title='bbox 409 2494 609 2563; x_wconf 64' lang='lat' dir='ltr'>Pffissilesstiffli</span> <span class='ocrx_word' id='word_1_324' title='bbox 637 2492 721 2547; x_wconf 63' lang='lat' dir='ltr'>Velm</span> <span class='ocrx_word' id='word_1_325' title='bbox 742 2492 822 2548; x_wconf 57' lang='lat' dir='ltr'>filius</span> <span class='ocrx_word' id='word_1_326' title='bbox 837 2494 965 2549; x_wconf 55' lang='lat' dir='ltr'>¹1⁰¹¹¹f¹²¹¹⁸</span> <span class='ocrx_word' id='word_1_327' title='bbox 1023 2510 1141 2566; x_wconf 86' lang='lat' dir='ltr'>festum.</span> <span class='ocrx_word' id='word_1_328' title='bbox 1155 2511 1267 2564; x_wconf 88' lang='lat' dir='ltr'>Bonum</span> <span class='ocrx_word' id='word_1_329' title='bbox 1279 2511 1429 2583; x_wconf 87' lang='lat' dir='ltr'>gaudium,</span> <span class='ocrx_word' id='word_1_330' title='bbox 1445 2510 1555 2565; x_wconf 90' lang='lat' dir='ltr'>bonum</span> <span class='ocrx_word' id='word_1_331' title='bbox 1566 2509 1685 2565; x_wconf 84' lang='lat' dir='ltr'>festum.</span> <span class='ocrx_word' id='word_1_332' title='bbox 1703 2510 1773 2565; x_wconf 90' lang='lat' dir='ltr'>Tria</span> <span class='ocrx_word' id='word_1_333' title='bbox 1788 2513 1852 2565; x_wconf 88' lang='lat' dir='ltr'>sunt</span> 
     </span>
     <span class='ocr_line' id='line_1_25' title="bbox 131 2579 1851 2678; baseline 0.001 -27"><span class='ocrx_word' id='word_1_334' title='bbox 131 2579 311 2678; x_wconf 56' lang='lat' dir='ltr'><em>QMWHS</em></span> <span class='ocrx_word' id='word_1_335' title='bbox 322 2585 351 2635; x_wconf 68' lang='lat'>0²</span> <span class='ocrx_word' id='word_1_336' title='bbox 363 2581 472 2636; x_wconf 62' lang='lat' dir='ltr'>bfbfflls</span> <span class='ocrx_word' id='word_1_337' title='bbox 482 2581 591 2652; x_wconf 73' lang='lat' dir='ltr'>(ibid),</span> <span class='ocrx_word' id='word_1_338' title='bbox 608 2581 776 2652; x_wconf 64' lang='lat' dir='ltr'>ffifflml&#39;lum</span> <span class='ocrx_word' id='word_1_339' title='bbox 792 2581 964 2637; x_wconf 65' lang='lat' dir='ltr'>¹¹¹i801&#39;500P·</span> <span class='ocrx_word' id='word_1_340' title='bbox 1023 2599 1113 2654; x_wconf 84' lang='lat' dir='ltr'>festa:</span> <span class='ocrx_word' id='word_1_341' title='bbox 1124 2599 1211 2654; x_wconf 80' lang='lat' dir='ltr'>Festa</span> <span class='ocrx_word' id='word_1_342' title='bbox 1222 2599 1383 2672; x_wconf 85' lang='lat' dir='ltr'>virginum,</span> <span class='ocrx_word' id='word_1_343' title='bbox 1396 2599 1503 2654; x_wconf 82' lang='lat' dir='ltr'>festum</span> <span class='ocrx_word' id='word_1_344' title='bbox 1515 2598 1733 2668; x_wconf 81' lang='lat' dir='ltr'>confessorum,</span> <span class='ocrx_word' id='word_1_345' title='bbox 1747 2598 1851 2654; x_wconf 78' lang='lat' dir='ltr'>festum</span> 
     </span>
     <span class='ocr_line' id='line_1_26' title="bbox 130 2667 1854 2760; baseline 0.002 -22"><span class='ocrx_word' id='word_1_346' title='bbox 130 2667 197 2722; x_wconf 68' lang='lat' dir='ltr'>fflae·</span> <span class='ocrx_word' id='word_1_347' title='bbox 214 2667 717 2739; x_wconf 63' lang='lat' dir='ltr'>Mteltu¹¹¹lll0l’t0lmfllt1h⁰¹¹¹5¹¹i⁸²</span> <span class='ocrx_word' id='word_1_348' title='bbox 734 2670 858 2726; x_wconf 56' lang='lat' dir='ltr'>alterum</span> <span class='ocrx_word' id='word_1_349' title='bbox 877 2686 964 2741; x_wconf 68' lang='lat' dir='ltr'>awr-</span> <span class='ocrx_word' id='word_1_350' title='bbox 1023 2687 1854 2760; x_wconf 61' lang='lat' dir='ltr'>martyrum.ttestumvirginumtacitquiobservantiam·</span> 
     </span>
    </p>
   </div>
   <div class='ocr_carea' id='block_1_3' title="bbox 127 2755 1861 5786">
    <p class='ocr_par' dir='ltr' id='par_1_3' title="bbox 127 2755 1861 5786">
     <span class='ocr_line' id='line_1_27' title="bbox 129 2755 1853 2831; baseline -0.001 -1"><span class='ocrx_word' id='word_1_351' title='bbox 129 2759 176 2810; x_wconf 52' lang='lat'>²⁹?</span> <span class='ocrx_word' id='word_1_352' title='bbox 190 2755 268 2810; x_wconf 73' lang='lat' dir='ltr'>h⁰¹¹⁸</span> <span class='ocrx_word' id='word_1_353' title='bbox 284 2757 347 2811; x_wconf 69' lang='lat' dir='ltr'>Dei·</span> <span class='ocrx_word' id='word_1_354' title='bbox 1023 2777 1131 2831; x_wconf 85' lang='lat' dir='ltr'>stitutis</span> <span class='ocrx_word' id='word_1_355' title='bbox 1141 2777 1352 2831; x_wconf 88' lang='lat' dir='ltr'>conscientiam</span> <span class='ocrx_word' id='word_1_356' title='bbox 1360 2777 1512 2831; x_wconf 87' lang='lat' dir='ltr'>exhilarat.</span> <span class='ocrx_word' id='word_1_357' title='bbox 1521 2775 1853 2831; x_wconf 80' lang='lat' dir='ltr'>Festumconiesaorum</span> 
     </span>
     <span class='ocr_line' id='line_1_28' title="bbox 129 2862 1852 2938; baseline 0.001 -21"><span class='ocrx_word' id='word_1_358' title='bbox 129 2862 191 2917; x_wconf 87' lang='lat' dir='ltr'>Trr.</span> <span class='ocrx_word' id='word_1_359' title='bbox 203 2862 279 2918; x_wconf 77' lang='lat' dir='ltr'>cxl.</span> <span class='ocrx_word' id='word_1_360' title='bbox 292 2863 336 2918; x_wconf 84' lang='lat' dir='ltr'>lle</span> <span class='ocrx_word' id='word_1_361' title='bbox 347 2865 468 2920; x_wconf 83' lang='lat' dir='ltr'>deserto</span> <span class='ocrx_word' id='word_1_362' title='bbox 484 2865 559 2937; x_wconf 84' lang='lat' dir='ltr'>quod</span> <span class='ocrx_word' id='word_1_363' title='bbox 572 2871 618 2920; x_wconf 90' lang='lat' dir='ltr'>est</span> <span class='ocrx_word' id='word_1_364' title='bbox 629 2881 682 2921; x_wconf 88' lang='lat' dir='ltr'>cor</span> <span class='ocrx_word' id='word_1_365' title='bbox 692 2866 822 2921; x_wconf 77' lang='lat' dir='ltr'>lerninis</span> <span class='ocrx_word' id='word_1_366' title='bbox 830 2884 839 2930; x_wconf 85' lang='lat'>,·</span> <span class='ocrx_word' id='word_1_367' title='bbox 851 2865 889 2920; x_wconf 88' lang='lat' dir='ltr'>de</span> <span class='ocrx_word' id='word_1_368' title='bbox 903 2866 963 2920; x_wconf 89' lang='lat' dir='ltr'>vir·</span> <span class='ocrx_word' id='word_1_369' title='bbox 1023 2865 1093 2920; x_wconf 87' lang='lat' dir='ltr'>fauit</span> <span class='ocrx_word' id='word_1_370' title='bbox 1104 2866 1165 2937; x_wconf 88' lang='lat' dir='ltr'>qui,</span> <span class='ocrx_word' id='word_1_371' title='bbox 1178 2866 1232 2919; x_wconf 89' lang='lat' dir='ltr'>atsi</span> <span class='ocrx_word' id='word_1_372' title='bbox 1246 2865 1367 2938; x_wconf 88' lang='lat' dir='ltr'>gloriari</span> <span class='ocrx_word' id='word_1_373' title='bbox 1379 2880 1438 2919; x_wconf 90' lang='lat' dir='ltr'>non</span> <span class='ocrx_word' id='word_1_374' title='bbox 1453 2868 1551 2936; x_wconf 89' lang='lat' dir='ltr'>potest</span> <span class='ocrx_word' id='word_1_375' title='bbox 1566 2864 1601 2919; x_wconf 91' lang='lat' dir='ltr'>de</span> <span class='ocrx_word' id='word_1_376' title='bbox 1617 2864 1786 2936; x_wconf 88' lang='lat' dir='ltr'>integritate</span> <span class='ocrx_word' id='word_1_377' title='bbox 1796 2864 1852 2918; x_wconf 92' lang='lat' dir='ltr'>vir·</span> 
     </span>
     <span class='ocr_line' id='line_1_29' title="bbox 165 2933 1851 3027; baseline 0 -21"><span class='ocrx_word' id='word_1_378' title='bbox 165 2934 233 3006; x_wconf 71' lang='lat'>9⁸¹³</span> <span class='ocrx_word' id='word_1_379' title='bbox 242 2933 316 2989; x_wconf 58' lang='grc' dir='ltr'>[ΨΜ</span> <span class='ocrx_word' id='word_1_380' title='bbox 326 2942 356 2990; x_wconf 66' lang='grc' dir='ltr'>θῑ</span> <span class='ocrx_word' id='word_1_381' title='bbox 367 2937 403 2991; x_wconf 65' lang='lat'>‘¹⁰</span> <span class='ocrx_word' id='word_1_382' title='bbox 411 2937 583 3008; x_wconf 60' lang='lat' dir='ltr'>Pftmffl’lfll</span> <span class='ocrx_word' id='word_1_383' title='bbox 584 2937 612 2993; x_wconf 61' lang='lat'>1&#39;0</span> <span class='ocrx_word' id='word_1_384' title='bbox 621 2943 650 2991; x_wconf 65' lang='lat'>02</span> <span class='ocrx_word' id='word_1_385' title='bbox 665 2937 857 2992; x_wconf 64' lang='lat' dir='ltr'>⁸¹¹⁰¹¹¹⁸²be⁸=</span> <span class='ocrx_word' id='word_1_386' title='bbox 1024 2955 1166 3027; x_wconf 85' lang='lat' dir='ltr'>ginitntis,</span> <span class='ocrx_word' id='word_1_387' title='bbox 1175 2954 1347 3009; x_wconf 89' lang='lat' dir='ltr'>consolatur</span> <span class='ocrx_word' id='word_1_388' title='bbox 1357 2957 1454 3008; x_wconf 89' lang='lat' dir='ltr'>tamen</span> <span class='ocrx_word' id='word_1_389' title='bbox 1465 2955 1494 3008; x_wconf 95' lang='lat' dir='ltr'>in</span> <span class='ocrx_word' id='word_1_390' title='bbox 1506 2954 1631 3024; x_wconf 88' lang='lat' dir='ltr'>puritate</span> <span class='ocrx_word' id='word_1_391' title='bbox 1642 2951 1851 3007; x_wconf 80' lang='lat' dir='ltr'>confessionis.</span> 
     </span>
     <span class='ocr_line' id='line_1_30' title="bbox 168 3039 1854 3117; baseline -0.002 -20"><span class='ocrx_word' id='word_1_392' title='bbox 168 3039 237 3107; x_wconf 83' lang='lat' dir='ltr'>Quae</span> <span class='ocrx_word' id='word_1_393' title='bbox 248 3048 293 3097; x_wconf 91' lang='lat' dir='ltr'>est</span> <span class='ocrx_word' id='word_1_394' title='bbox 305 3043 363 3097; x_wconf 90' lang='lat' dir='ltr'>ista</span> <span class='ocrx_word' id='word_1_395' title='bbox 375 3060 437 3116; x_wconf 84' lang='lat' dir='ltr'>qma</span> <span class='ocrx_word' id='word_1_396' title='bbox 448 3045 583 3100; x_wconf 83' lang='lat' dir='ltr'>ascendit</span> <span class='ocrx_word' id='word_1_397' title='bbox 591 3061 648 3117; x_wconf 89' lang='lat' dir='ltr'>per</span> <span class='ocrx_word' id='word_1_398' title='bbox 658 3045 810 3101; x_wconf 84' lang='lat' dir='ltr'>desertum</span> <span class='ocrx_word' id='word_1_399' title='bbox 821 3045 898 3099; x_wconf 88' lang='lat' dir='ltr'>sicut</span> <span class='ocrx_word' id='word_1_400' title='bbox 909 3045 967 3099; x_wconf 90' lang='lat' dir='ltr'>vir·</span> <span class='ocrx_word' id='word_1_401' title='bbox 1023 3043 1088 3110; x_wconf 89' lang='lat' dir='ltr'>Qui,</span> <span class='ocrx_word' id='word_1_402' title='bbox 1106 3045 1161 3099; x_wconf 91' lang='lat' dir='ltr'>etsi</span> <span class='ocrx_word' id='word_1_403' title='bbox 1176 3044 1286 3098; x_wconf 91' lang='lat' dir='ltr'>bonum</span> <span class='ocrx_word' id='word_1_404' title='bbox 1301 3059 1361 3099; x_wconf 92' lang='lat' dir='ltr'>non</span> <span class='ocrx_word' id='word_1_405' title='bbox 1374 3042 1444 3097; x_wconf 84' lang='lat' dir='ltr'>fecit</span> <span class='ocrx_word' id='word_1_406' title='bbox 1454 3043 1531 3097; x_wconf 92' lang='lat' dir='ltr'>unde</span> <span class='ocrx_word' id='word_1_407' title='bbox 1552 3041 1689 3114; x_wconf 86' lang='lat' dir='ltr'>gaudeat,</span> <span class='ocrx_word' id='word_1_408' title='bbox 1706 3041 1854 3096; x_wconf 88' lang='lat' dir='ltr'>accusavit</span> 
     </span>
     <span class='ocr_line' id='line_1_31' title="bbox 129 3129 1854 3206; baseline -0.001 -21"><span class='ocrx_word' id='word_1_409' title='bbox 129 3131 197 3203; x_wconf 79' lang='lat' dir='ltr'>gula</span> <span class='ocrx_word' id='word_1_410' title='bbox 209 3129 282 3186; x_wconf 74' lang='lat' dir='ltr'>fumi</span> <span class='ocrx_word' id='word_1_411' title='bbox 292 3149 331 3187; x_wconf 75' lang='lat' dir='ltr'>ex</span> <span class='ocrx_word' id='word_1_412' title='bbox 340 3133 523 3188; x_wconf 83' lang='lat' dir='ltr'>aromatibus</span> <span class='ocrx_word' id='word_1_413' title='bbox 533 3134 665 3206; x_wconf 79' lang='lat' dir='ltr'>myrrlrm</span> <span class='ocrx_word' id='word_1_414' title='bbox 678 3135 775 3188; x_wconf 87' lang='lat' dir='ltr'>tlmris</span> <span class='ocrx_word' id='word_1_415' title='bbox 789 3140 818 3189; x_wconf 89' lang='grc' dir='ltr'>ει</span> <span class='ocrx_word' id='word_1_416' title='bbox 830 3134 967 3189; x_wconf 89' lang='lat' dir='ltr'>universi</span> <span class='ocrx_word' id='word_1_417' title='bbox 985 3136 1121 3202; x_wconf 84' lang='lat' dir='ltr'>ctamen</span> <span class='ocrx_word' id='word_1_418' title='bbox 1137 3137 1166 3189; x_wconf 91' lang='lat' dir='ltr'>et</span> <span class='ocrx_word' id='word_1_419' title='bbox 1180 3133 1355 3204; x_wconf 89' lang='lat' dir='ltr'>improbavit</span> <span class='ocrx_word' id='word_1_420' title='bbox 1369 3131 1476 3186; x_wconf 90' lang='lat' dir='ltr'>malum</span> <span class='ocrx_word' id='word_1_421' title='bbox 1492 3131 1570 3203; x_wconf 89' lang='lat' dir='ltr'>quod</span> <span class='ocrx_word' id='word_1_422' title='bbox 1585 3129 1663 3198; x_wconf 80' lang='lat' dir='ltr'>iecit,</span> <span class='ocrx_word' id='word_1_423' title='bbox 1676 3134 1708 3184; x_wconf 91' lang='lat' dir='ltr'>ut</span> <span class='ocrx_word' id='word_1_424' title='bbox 1723 3132 1854 3185; x_wconf 91' lang='lat' dir='ltr'>consola-</span> 
     </span>
     <span class='ocr_line' id='line_1_32' title="bbox 127 3219 1853 3294; baseline -0.001 -20"><span class='ocrx_word' id='word_1_425' title='bbox 127 3220 266 3292; x_wconf 86' lang='lat' dir='ltr'>pulveris</span> <span class='ocrx_word' id='word_1_426' title='bbox 274 3223 597 3294; x_wconf 74' lang='lat' dir='ltr'>pigmentariittCant.</span> <span class='ocrx_word' id='word_1_427' title='bbox 611 3224 663 3287; x_wconf 79' lang='lat' dir='ltr'>ml.</span> <span class='ocrx_word' id='word_1_428' title='bbox 675 3222 965 3279; x_wconf 88' lang='lat' dir='ltr'>Dormitetasoendit</span> <span class='ocrx_word' id='word_1_429' title='bbox 1024 3225 1133 3279; x_wconf 88' lang='lat' dir='ltr'>tionem</span> <span class='ocrx_word' id='word_1_430' title='bbox 1154 3222 1291 3277; x_wconf 89' lang='lat' dir='ltr'>inveniat.</span> <span class='ocrx_word' id='word_1_431' title='bbox 1314 3221 1435 3276; x_wconf 81' lang='lat' dir='ltr'>Festum</span> <span class='ocrx_word' id='word_1_432' title='bbox 1458 3223 1619 3291; x_wconf 75' lang='lat' dir='ltr'>martyrum</span> <span class='ocrx_word' id='word_1_433' title='bbox 1643 3219 1714 3272; x_wconf 86' lang='lat' dir='ltr'>iacit</span> <span class='ocrx_word' id='word_1_434' title='bbox 1735 3220 1785 3290; x_wconf 85' lang='lat' dir='ltr'>qui</span> <span class='ocrx_word' id='word_1_435' title='bbox 1802 3219 1853 3273; x_wconf 87' lang='lat' dir='ltr'>sub</span> 
     </span>
     <span class='ocr_line' id='line_1_33' title="bbox 132 3307 1852 3384; baseline -0.001 -21"><span class='ocrx_word' id='word_1_436' title='bbox 132 3309 201 3380; x_wconf 89' lang='lat' dir='ltr'>quia</span> <span class='ocrx_word' id='word_1_437' title='bbox 215 3309 290 3364; x_wconf 87' lang='lat' dir='ltr'>foris</span> <span class='ocrx_word' id='word_1_438' title='bbox 306 3310 467 3381; x_wconf 86' lang='lat' dir='ltr'>requiescit</span> <span class='ocrx_word' id='word_1_439' title='bbox 482 3315 510 3366; x_wconf 90' lang='lat' dir='ltr'>at</span> <span class='ocrx_word' id='word_1_440' title='bbox 525 3312 604 3366; x_wconf 88' lang='lat' dir='ltr'>intus</span> <span class='ocrx_word' id='word_1_441' title='bbox 620 3313 726 3384; x_wconf 85' lang='lat' dir='ltr'>surgit.</span> <span class='ocrx_word' id='word_1_442' title='bbox 748 3314 904 3368; x_wconf 89' lang='lat' dir='ltr'>Desertum</span> <span class='ocrx_word' id='word_1_443' title='bbox 919 3315 965 3367; x_wconf 90' lang='lat' dir='ltr'>est</span> <span class='ocrx_word' id='word_1_444' title='bbox 1022 3329 1165 3384; x_wconf 88' lang='lat' dir='ltr'>pressura</span> <span class='ocrx_word' id='word_1_445' title='bbox 1180 3310 1378 3366; x_wconf 89' lang='lat' dir='ltr'>tribulationis</span> <span class='ocrx_word' id='word_1_446' title='bbox 1396 3310 1504 3382; x_wconf 87' lang='lat' dir='ltr'>gaudet</span> <span class='ocrx_word' id='word_1_447' title='bbox 1523 3310 1554 3364; x_wconf 89' lang='lat' dir='ltr'>in</span> <span class='ocrx_word' id='word_1_448' title='bbox 1573 3324 1626 3378; x_wconf 88' lang='lat' dir='ltr'>spe</span> <span class='ocrx_word' id='word_1_449' title='bbox 1641 3307 1852 3363; x_wconf 87' lang='lat' dir='ltr'>retributionis.</span> 
     </span>
     <span class='ocr_line' id='line_1_34' title="bbox 132 3396 1854 3471; baseline -0.001 -21"><span class='ocrx_word' id='word_1_450' title='bbox 132 3397 261 3451; x_wconf 89' lang='lat' dir='ltr'>mundus</span> <span class='ocrx_word' id='word_1_451' title='bbox 272 3403 392 3469; x_wconf 89' lang='lat' dir='ltr'>propter</span> <span class='ocrx_word' id='word_1_452' title='bbox 401 3399 609 3454; x_wconf 88' lang='lat' dir='ltr'>abundantiam</span> <span class='ocrx_word' id='word_1_453' title='bbox 620 3401 689 3454; x_wconf 90' lang='lat' dir='ltr'>mali</span> <span class='ocrx_word' id='word_1_454' title='bbox 700 3404 729 3455; x_wconf 91' lang='lat' dir='ltr'>et</span> <span class='ocrx_word' id='word_1_455' title='bbox 739 3401 866 3471; x_wconf 90' lang='lat' dir='ltr'>inopiam</span> <span class='ocrx_word' id='word_1_456' title='bbox 881 3400 962 3455; x_wconf 91' lang='lat' dir='ltr'>boni.</span> <span class='ocrx_word' id='word_1_457' title='bbox 1022 3401 1224 3469; x_wconf 85' lang='lat' dir='ltr'>Considerate,</span> <span class='ocrx_word' id='word_1_458' title='bbox 1236 3399 1354 3468; x_wconf 80' lang='lat' dir='ltr'>fratres,</span> <span class='ocrx_word' id='word_1_459' title='bbox 1365 3396 1564 3454; x_wconf 75' lang='lat' dir='ltr'>conscientias</span> <span class='ocrx_word' id='word_1_460' title='bbox 1574 3398 1703 3451; x_wconf 90' lang='lat' dir='ltr'>vestras.</span> <span class='ocrx_word' id='word_1_461' title='bbox 1717 3396 1854 3469; x_wconf 85' lang='lat' dir='ltr'>Magnum</span> 
     </span>
     <span class='ocr_line' id='line_1_35' title="bbox 133 3483 1855 3561; baseline 0.001 -24"><span class='ocrx_word' id='word_1_462' title='bbox 133 3483 290 3539; x_wconf 86' lang='lat' dir='ltr'>Desertum</span> <span class='ocrx_word' id='word_1_463' title='bbox 305 3489 352 3540; x_wconf 88' lang='lat' dir='ltr'>est</span> <span class='ocrx_word' id='word_1_464' title='bbox 367 3503 418 3542; x_wconf 89' lang='lat' dir='ltr'>cor</span> <span class='ocrx_word' id='word_1_465' title='bbox 432 3487 556 3558; x_wconf 91' lang='lat' dir='ltr'>malum,</span> <span class='ocrx_word' id='word_1_466' title='bbox 572 3490 640 3560; x_wconf 91' lang='lat' dir='ltr'>quia</span> <span class='ocrx_word' id='word_1_467' title='bbox 657 3490 767 3544; x_wconf 92' lang='lat' dir='ltr'>cultum</span> <span class='ocrx_word' id='word_1_468' title='bbox 786 3506 843 3545; x_wconf 92' lang='lat' dir='ltr'>non</span> <span class='ocrx_word' id='word_1_469' title='bbox 859 3493 919 3559; x_wconf 89' lang='lat' dir='ltr'>est,</span> <span class='ocrx_word' id='word_1_470' title='bbox 937 3492 965 3544; x_wconf 90' lang='lat' dir='ltr'>et</span> <span class='ocrx_word' id='word_1_471' title='bbox 1023 3490 1131 3546; x_wconf 82' lang='lat' dir='ltr'>festum</span> <span class='ocrx_word' id='word_1_472' title='bbox 1146 3489 1215 3544; x_wconf 87' lang='lat' dir='ltr'>iacit</span> <span class='ocrx_word' id='word_1_473' title='bbox 1228 3490 1278 3560; x_wconf 87' lang='lat' dir='ltr'>qui</span> <span class='ocrx_word' id='word_1_474' title='bbox 1294 3489 1402 3561; x_wconf 87' lang='lat' dir='ltr'>gaudet</span> <span class='ocrx_word' id='word_1_475' title='bbox 1418 3487 1453 3542; x_wconf 90' lang='lat' dir='ltr'>de</span> <span class='ocrx_word' id='word_1_476' title='bbox 1467 3487 1604 3557; x_wconf 85' lang='lat' dir='ltr'>puritate.</span> <span class='ocrx_word' id='word_1_477' title='bbox 1620 3485 1684 3539; x_wconf 88' lang='lat' dir='ltr'>Nec</span> <span class='ocrx_word' id='word_1_478' title='bbox 1694 3484 1745 3540; x_wconf 91' lang='lat' dir='ltr'>ille</span> <span class='ocrx_word' id='word_1_479' title='bbox 1758 3484 1855 3540; x_wconf 84' lang='lat' dir='ltr'>exclu-</span> 
     </span>
     <span class='ocr_line' id='line_1_36' title="bbox 133 3573 1855 3650; baseline -0.001 -23"><span class='ocrx_word' id='word_1_480' title='bbox 133 3574 386 3645; x_wconf 88' lang='lat' dir='ltr'>germinatnoxin,</span> <span class='ocrx_word' id='word_1_481' title='bbox 398 3577 465 3630; x_wconf 93' lang='lat' dir='ltr'>etin</span> <span class='ocrx_word' id='word_1_482' title='bbox 477 3577 628 3632; x_wconf 78' lang='lat' dir='ltr'>eobestiae</span> <span class='ocrx_word' id='word_1_483' title='bbox 644 3577 785 3633; x_wconf 87' lang='lat' dir='ltr'>habitant.</span> <span class='ocrx_word' id='word_1_484' title='bbox 801 3577 874 3643; x_wconf 84' lang='lat' dir='ltr'>Quia</span> <span class='ocrx_word' id='word_1_485' title='bbox 886 3578 965 3632; x_wconf 90' lang='lat' dir='ltr'>enim</span> <span class='ocrx_word' id='word_1_486' title='bbox 1023 3580 1102 3634; x_wconf 90' lang='lat' dir='ltr'>ditur</span> <span class='ocrx_word' id='word_1_487' title='bbox 1116 3579 1165 3650; x_wconf 81' lang='lat' dir='ltr'>qui</span> <span class='ocrx_word' id='word_1_488' title='bbox 1182 3579 1353 3633; x_wconf 88' lang='lat' dir='ltr'>consolatur</span> <span class='ocrx_word' id='word_1_489' title='bbox 1372 3576 1401 3631; x_wconf 91' lang='lat' dir='ltr'>in</span> <span class='ocrx_word' id='word_1_490' title='bbox 1422 3575 1593 3630; x_wconf 87' lang='lat' dir='ltr'>humilitate.</span> <span class='ocrx_word' id='word_1_491' title='bbox 1609 3573 1729 3629; x_wconf 86' lang='lat' dir='ltr'>Puritas</span> <span class='ocrx_word' id='word_1_492' title='bbox 1745 3574 1782 3628; x_wconf 94' lang='lat' dir='ltr'>ad</span> <span class='ocrx_word' id='word_1_493' title='bbox 1797 3573 1855 3627; x_wconf 89' lang='lat' dir='ltr'>vir·</span> 
     </span>
     <span class='ocr_line' id='line_1_37' title="bbox 133 3662 1856 3740; baseline 0 -24"><span class='ocrx_word' id='word_1_494' title='bbox 133 3662 163 3715; x_wconf 91' lang='lat' dir='ltr'>in</span> <span class='ocrx_word' id='word_1_495' title='bbox 177 3677 212 3717; x_wconf 95' lang='lat' dir='ltr'>eo</span> <span class='ocrx_word' id='word_1_496' title='bbox 228 3664 358 3735; x_wconf 86' lang='lat' dir='ltr'>agricola</span> <span class='ocrx_word' id='word_1_497' title='bbox 373 3665 509 3721; x_wconf 87' lang='lat' dir='ltr'>Christus</span> <span class='ocrx_word' id='word_1_498' title='bbox 525 3682 583 3721; x_wconf 90' lang='lat' dir='ltr'>non</span> <span class='ocrx_word' id='word_1_499' title='bbox 599 3671 659 3737; x_wconf 86' lang='lat' dir='ltr'>est,</span> <span class='ocrx_word' id='word_1_500' title='bbox 677 3670 705 3721; x_wconf 93' lang='lat' dir='ltr'>et</span> <span class='ocrx_word' id='word_1_501' title='bbox 721 3666 807 3721; x_wconf 89' lang='lat' dir='ltr'>Pater</span> <span class='ocrx_word' id='word_1_502' title='bbox 821 3667 888 3738; x_wconf 84' lang='lat' dir='ltr'>ejus</span> <span class='ocrx_word' id='word_1_503' title='bbox 904 3683 963 3722; x_wconf 92' lang='lat' dir='ltr'>non</span> <span class='ocrx_word' id='word_1_504' title='bbox 1024 3668 1175 3740; x_wconf 87' lang='lat' dir='ltr'>ginitatem</span> <span class='ocrx_word' id='word_1_505' title='bbox 1186 3667 1326 3738; x_wconf 84' lang='lat' dir='ltr'>pertinet3</span> <span class='ocrx_word' id='word_1_506' title='bbox 1337 3666 1487 3720; x_wconf 87' lang='lat' dir='ltr'>humilitas</span> <span class='ocrx_word' id='word_1_507' title='bbox 1499 3664 1535 3718; x_wconf 89' lang='lat' dir='ltr'>ad</span> <span class='ocrx_word' id='word_1_508' title='bbox 1547 3662 1781 3719; x_wconf 80' lang='lat' dir='ltr'>consessionem.</span> <span class='ocrx_word' id='word_1_509' title='bbox 1792 3664 1856 3717; x_wconf 86' lang='lat' dir='ltr'>Pro</span> 
     </span>
     <span class='ocr_line' id='line_1_38' title="bbox 133 3750 1856 3828; baseline 0 -23"><span class='ocrx_word' id='word_1_510' title='bbox 133 3752 260 3807; x_wconf 89' lang='lat' dir='ltr'>seminat</span> <span class='ocrx_word' id='word_1_511' title='bbox 274 3753 313 3808; x_wconf 93' lang='lat' dir='ltr'>ibi</span> <span class='ocrx_word' id='word_1_512' title='bbox 329 3754 452 3808; x_wconf 89' lang='lat' dir='ltr'>verbum</span> <span class='ocrx_word' id='word_1_513' title='bbox 464 3771 561 3826; x_wconf 90' lang='lat' dir='ltr'>suum,</span> <span class='ocrx_word' id='word_1_514' title='bbox 580 3758 708 3827; x_wconf 86' lang='lat' dir='ltr'>surgunt</span> <span class='ocrx_word' id='word_1_515' title='bbox 727 3755 860 3826; x_wconf 89' lang='lat' dir='ltr'>germina</span> <span class='ocrx_word' id='word_1_516' title='bbox 880 3756 965 3811; x_wconf 88' lang='lat' dir='ltr'>vitio·</span> <span class='ocrx_word' id='word_1_517' title='bbox 1023 3760 1124 3828; x_wconf 91' lang='lat' dir='ltr'>pterea</span> <span class='ocrx_word' id='word_1_518' title='bbox 1135 3757 1187 3828; x_wconf 89' lang='lat' dir='ltr'>qui</span> <span class='ocrx_word' id='word_1_519' title='bbox 1197 3771 1256 3810; x_wconf 89' lang='lat' dir='ltr'>non</span> <span class='ocrx_word' id='word_1_520' title='bbox 1269 3754 1406 3809; x_wconf 89' lang='lat' dir='ltr'>tenuistis</span> <span class='ocrx_word' id='word_1_521' title='bbox 1423 3753 1632 3825; x_wconf 87' lang='lat' dir='ltr'>virginitatem,</span> <span class='ocrx_word' id='word_1_522' title='bbox 1648 3750 1856 3822; x_wconf 85' lang='lat' dir='ltr'>amplectimini</span> 
     </span>
     <span class='ocr_line' id='line_1_39' title="bbox 134 3840 1857 3916; baseline -0.001 -20"><span class='ocrx_word' id='word_1_523' title='bbox 134 3856 210 3911; x_wconf 87' lang='lat' dir='ltr'>rum,</span> <span class='ocrx_word' id='word_1_524' title='bbox 218 3843 321 3898; x_wconf 88' lang='lat' dir='ltr'>urtieae</span> <span class='ocrx_word' id='word_1_525' title='bbox 333 3843 592 3913; x_wconf 86' lang='lat' dir='ltr'>concupiscentiae,</span> <span class='ocrx_word' id='word_1_526' title='bbox 601 3848 629 3898; x_wconf 92' lang='lat' dir='ltr'>et</span> <span class='ocrx_word' id='word_1_527' title='bbox 640 3845 734 3915; x_wconf 76' lang='lat' dir='ltr'>spinae</span> <span class='ocrx_word' id='word_1_528' title='bbox 745 3844 965 3915; x_wconf 86' lang='lat' dir='ltr'>sollicitudinis,</span> <span class='ocrx_word' id='word_1_529' title='bbox 1025 3845 1227 3901; x_wconf 88' lang='lat' dir='ltr'>humilitatem.</span> <span class='ocrx_word' id='word_1_530' title='bbox 1237 3845 1344 3916; x_wconf 85' lang='lat' dir='ltr'>Magna</span> <span class='ocrx_word' id='word_1_531' title='bbox 1354 3843 1449 3898; x_wconf 87' lang='lat' dir='ltr'>virtus</span> <span class='ocrx_word' id='word_1_532' title='bbox 1460 3845 1506 3897; x_wconf 90' lang='lat' dir='ltr'>est</span> <span class='ocrx_word' id='word_1_533' title='bbox 1516 3841 1700 3896; x_wconf 89' lang='lat' dir='ltr'>humilitatis.</span> <span class='ocrx_word' id='word_1_534' title='bbox 1713 3840 1857 3895; x_wconf 76' lang='lat' dir='ltr'>Audacter</span> 
     </span>
     <span class='ocr_line' id='line_1_40' title="bbox 134 3928 1855 4005; baseline -0.001 -21"><span class='ocrx_word' id='word_1_535' title='bbox 134 3934 162 3985; x_wconf 95' lang='lat' dir='ltr'>et</span> <span class='ocrx_word' id='word_1_536' title='bbox 176 3931 232 3985; x_wconf 90' lang='lat' dir='ltr'>alia</span> <span class='ocrx_word' id='word_1_537' title='bbox 248 3932 332 4001; x_wconf 80' lang='lat' dir='ltr'>talia3</span> <span class='ocrx_word' id='word_1_538' title='bbox 349 3936 378 3988; x_wconf 90' lang='lat' dir='ltr'>et</span> <span class='ocrx_word' id='word_1_539' title='bbox 392 3933 584 4004; x_wconf 87' lang='lat' dir='ltr'>requiescunt</span> <span class='ocrx_word' id='word_1_540' title='bbox 598 3933 638 3987; x_wconf 92' lang='lat' dir='ltr'>ibi</span> <span class='ocrx_word' id='word_1_541' title='bbox 655 3933 810 4003; x_wconf 90' lang='lat' dir='ltr'>daemonia,</span> <span class='ocrx_word' id='word_1_542' title='bbox 828 3934 967 4004; x_wconf 85' lang='lat' dir='ltr'>quianon</span> <span class='ocrx_word' id='word_1_543' title='bbox 1025 3935 1092 3989; x_wconf 92' lang='lat' dir='ltr'>dico</span> <span class='ocrx_word' id='word_1_544' title='bbox 1107 3934 1185 4005; x_wconf 90' lang='lat' dir='ltr'>quod</span> <span class='ocrx_word' id='word_1_545' title='bbox 1197 3948 1251 3988; x_wconf 90' lang='lat' dir='ltr'>nec</span> <span class='ocrx_word' id='word_1_546' title='bbox 1262 3933 1327 4003; x_wconf 86' lang='lat' dir='ltr'>ipsa</span> <span class='ocrx_word' id='word_1_547' title='bbox 1337 3931 1494 4004; x_wconf 87' lang='lat' dir='ltr'>virginitas</span> <span class='ocrx_word' id='word_1_548' title='bbox 1506 3928 1570 3985; x_wconf 77' lang='lat' dir='ltr'>sine</span> <span class='ocrx_word' id='word_1_549' title='bbox 1580 3928 1744 3985; x_wconf 89' lang='lat' dir='ltr'>bumilitate</span> <span class='ocrx_word' id='word_1_550' title='bbox 1754 3929 1855 4000; x_wconf 82' lang='lat' dir='ltr'>placet.</span> 
     </span>
     <span class='ocr_line' id='line_1_41' title="bbox 135 4017 1856 4094; baseline -0.002 -20"><span class='ocrx_word' id='word_1_551' title='bbox 135 4020 245 4089; x_wconf 86' lang='lat' dir='ltr'>estqui</span> <span class='ocrx_word' id='word_1_552' title='bbox 262 4024 419 4075; x_wconf 82' lang='lat' dir='ltr'>exterreat.</span> <span class='ocrx_word' id='word_1_553' title='bbox 437 4021 593 4076; x_wconf 85' lang='lat' dir='ltr'>Desertum</span> <span class='ocrx_word' id='word_1_554' title='bbox 618 4023 664 4075; x_wconf 89' lang='lat' dir='ltr'>est</span> <span class='ocrx_word' id='word_1_555' title='bbox 687 4022 756 4076; x_wconf 90' lang='lat' dir='ltr'>item</span> <span class='ocrx_word' id='word_1_556' title='bbox 779 4037 831 4077; x_wconf 93' lang='lat' dir='ltr'>cor</span> <span class='ocrx_word' id='word_1_557' title='bbox 844 4022 965 4093; x_wconf 79' lang='lat' dir='ltr'>benamu,</span> <span class='ocrx_word' id='word_1_558' title='bbox 1026 4023 1188 4078; x_wconf 88' lang='lat' dir='ltr'>Humiliare</span> <span class='ocrx_word' id='word_1_559' title='bbox 1204 4038 1276 4094; x_wconf 85' lang='lat' dir='ltr'>ergo</span> <span class='ocrx_word' id='word_1_560' title='bbox 1291 4024 1321 4076; x_wconf 91' lang='grc' dir='ltr'>ει</span> <span class='ocrx_word' id='word_1_561' title='bbox 1334 4035 1520 4092; x_wconf 78' lang='lat' dir='ltr'>recognosce</span> <span class='ocrx_word' id='word_1_562' title='bbox 1531 4019 1609 4091; x_wconf 89' lang='lat' dir='ltr'>quod</span> <span class='ocrx_word' id='word_1_563' title='bbox 1619 4033 1663 4073; x_wconf 90' lang='lat' dir='ltr'>es.</span> <span class='ocrx_word' id='word_1_564' title='bbox 1681 4018 1779 4074; x_wconf 90' lang='lat' dir='ltr'>llabet</span> <span class='ocrx_word' id='word_1_565' title='bbox 1793 4017 1856 4090; x_wconf 91' lang='lat' dir='ltr'>qui-</span> 
     </span>
     <span class='ocr_line' id='line_1_42' title="bbox 133 4107 1856 4180; baseline -0.001 -20"><span class='ocrx_word' id='word_1_566' title='bbox 133 4107 202 4178; x_wconf 87' lang='lat' dir='ltr'>quie</span> <span class='ocrx_word' id='word_1_567' title='bbox 218 4108 306 4179; x_wconf 90' lang='lat' dir='ltr'>longe</span> <span class='ocrx_word' id='word_1_568' title='bbox 322 4111 394 4163; x_wconf 90' lang='lat' dir='ltr'>esta</span> <span class='ocrx_word' id='word_1_569' title='bbox 406 4109 530 4180; x_wconf 88' lang='lat' dir='ltr'>strepitu</span> <span class='ocrx_word' id='word_1_570' title='bbox 541 4113 570 4164; x_wconf 90' lang='grc' dir='ltr'>ει</span> <span class='ocrx_word' id='word_1_571' title='bbox 583 4110 718 4180; x_wconf 87' lang='lat' dir='ltr'>tumultu,</span> <span class='ocrx_word' id='word_1_572' title='bbox 730 4115 758 4165; x_wconf 91' lang='lat' dir='ltr'>et</span> <span class='ocrx_word' id='word_1_573' title='bbox 773 4127 832 4165; x_wconf 91' lang='lat' dir='ltr'>non</span> <span class='ocrx_word' id='word_1_574' title='bbox 848 4112 968 4166; x_wconf 90' lang='lat' dir='ltr'>concul-</span> <span class='ocrx_word' id='word_1_575' title='bbox 1025 4112 1093 4167; x_wconf 88' lang='lat' dir='ltr'>dam</span> <span class='ocrx_word' id='word_1_576' title='bbox 1117 4111 1269 4167; x_wconf 78' lang='lat' dir='ltr'>confessio</span> <span class='ocrx_word' id='word_1_577' title='bbox 1292 4109 1425 4166; x_wconf 90' lang='lat' dir='ltr'>oriminis</span> <span class='ocrx_word' id='word_1_578' title='bbox 1449 4124 1566 4180; x_wconf 87' lang='lat' dir='ltr'>poenam</span> <span class='ocrx_word' id='word_1_579' title='bbox 1588 4107 1809 4178; x_wconf 74' lang='lat' dir='ltr'>precedentem</span> <span class='ocrx_word' id='word_1_580' title='bbox 1829 4107 1856 4160; x_wconf 92' lang='lat' dir='ltr'>in</span> 
     </span>
     <span class='ocr_line' id='line_1_43' title="bbox 133 4195 1857 4270; baseline 0 -20"><span class='ocrx_word' id='word_1_581' title='bbox 133 4198 217 4250; x_wconf 83' lang='lat' dir='ltr'>catur</span> <span class='ocrx_word' id='word_1_582' title='bbox 223 4195 386 4267; x_wconf 82' lang='lat' dir='ltr'>frequentia</span> <span class='ocrx_word' id='word_1_583' title='bbox 393 4199 860 4270; x_wconf 87' lang='lat' dir='ltr'>terrenarumcogitationum,sad</span> <span class='ocrx_word' id='word_1_584' title='bbox 866 4201 967 4255; x_wconf 87' lang='lat' dir='ltr'>virens</span> <span class='ocrx_word' id='word_1_585' title='bbox 1025 4201 1232 4256; x_wconf 88' lang='lat' dir='ltr'>erubescentia</span> <span class='ocrx_word' id='word_1_586' title='bbox 1245 4216 1252 4270; x_wconf 83' lang='lat'>3</span> <span class='ocrx_word' id='word_1_587' title='bbox 1268 4199 1322 4254; x_wconf 91' lang='lat' dir='ltr'>sed</span> <span class='ocrx_word' id='word_1_588' title='bbox 1337 4199 1473 4269; x_wconf 86' lang='lat' dir='ltr'>sequitur</span> <span class='ocrx_word' id='word_1_589' title='bbox 1483 4197 1591 4252; x_wconf 83' lang='lat' dir='ltr'>testum</span> <span class='ocrx_word' id='word_1_590' title='bbox 1603 4195 1702 4268; x_wconf 87' lang='lat' dir='ltr'>gaudii</span> <span class='ocrx_word' id='word_1_591' title='bbox 1714 4199 1743 4252; x_wconf 87' lang='lat' dir='ltr'>et</span> <span class='ocrx_word' id='word_1_592' title='bbox 1754 4211 1857 4251; x_wconf 88' lang='lat' dir='ltr'>conso·</span> 
     </span>
     <span class='ocr_line' id='line_1_44' title="bbox 133 4284 1856 4360; baseline -0.001 -21"><span class='ocrx_word' id='word_1_593' title='bbox 133 4289 285 4356; x_wconf 87' lang='lat' dir='ltr'>permanet</span> <span class='ocrx_word' id='word_1_594' title='bbox 296 4289 325 4341; x_wconf 91' lang='lat' dir='ltr'>et</span> <span class='ocrx_word' id='word_1_595' title='bbox 336 4287 480 4353; x_wconf 80' lang='lat' dir='ltr'>floridum,</span> <span class='ocrx_word' id='word_1_596' title='bbox 490 4288 658 4360; x_wconf 85' lang='lat' dir='ltr'>etgerminn</span> <span class='ocrx_word' id='word_1_597' title='bbox 669 4289 809 4344; x_wconf 85' lang='lat' dir='ltr'>virtutum</span> <span class='ocrx_word' id='word_1_598' title='bbox 820 4289 966 4360; x_wconf 89' lang='lat' dir='ltr'>producit,</span> <span class='ocrx_word' id='word_1_599' title='bbox 1025 4289 1144 4345; x_wconf 90' lang='lat' dir='ltr'>lationis</span> <span class='ocrx_word' id='word_1_600' title='bbox 1160 4289 1283 4344; x_wconf 85' lang='lat' dir='ltr'>inbono</span> <span class='ocrx_word' id='word_1_601' title='bbox 1302 4287 1494 4342; x_wconf 87' lang='lat' dir='ltr'>conscientia.</span> <span class='ocrx_word' id='word_1_602' title='bbox 1518 4286 1600 4341; x_wconf 86' lang='lat' dir='ltr'>Bona</span> <span class='ocrx_word' id='word_1_603' title='bbox 1622 4284 1856 4356; x_wconf 89' lang='lat' dir='ltr'>recompensatio</span> 
     </span>
     <span class='ocr_line' id='line_1_45' title="bbox 134 4373 1857 4450; baseline -0.002 -20"><span class='ocrx_word' id='word_1_604' title='bbox 134 4378 163 4430; x_wconf 90' lang='lat' dir='ltr'>et</span> <span class='ocrx_word' id='word_1_605' title='bbox 178 4376 256 4431; x_wconf 88' lang='lat' dir='ltr'>canit</span> <span class='ocrx_word' id='word_1_606' title='bbox 270 4375 310 4431; x_wconf 89' lang='lat' dir='ltr'>ibi</span> <span class='ocrx_word' id='word_1_607' title='bbox 325 4379 423 4431; x_wconf 89' lang='lat' dir='ltr'>turtur</span> <span class='ocrx_word' id='word_1_608' title='bbox 436 4376 564 4447; x_wconf 87' lang='lat' dir='ltr'>Spiritus</span> <span class='ocrx_word' id='word_1_609' title='bbox 580 4380 713 4447; x_wconf 88' lang='lat' dir='ltr'>sanctus,</span> <span class='ocrx_word' id='word_1_610' title='bbox 733 4381 761 4433; x_wconf 90' lang='lat' dir='ltr'>et</span> <span class='ocrx_word' id='word_1_611' title='bbox 775 4394 834 4433; x_wconf 91' lang='lat' dir='ltr'>non</span> <span class='ocrx_word' id='word_1_612' title='bbox 850 4378 967 4433; x_wconf 88' lang='lat' dir='ltr'>auditur</span> <span class='ocrx_word' id='word_1_613' title='bbox 1026 4379 1122 4450; x_wconf 91' lang='lat' dir='ltr'>posita</span> <span class='ocrx_word' id='word_1_614' title='bbox 1133 4376 1252 4432; x_wconf 90' lang='lat' dir='ltr'>esttibi.</span> <span class='ocrx_word' id='word_1_615' title='bbox 1264 4375 1465 4431; x_wconf 87' lang='lat' dir='ltr'>Dicisbomini</span> <span class='ocrx_word' id='word_1_616' title='bbox 1475 4373 1857 4446; x_wconf 86' lang='lat' dir='ltr'>peccatumtuum,utDeus</span> 
     </span>
     <span class='ocr_line' id='line_1_46' title="bbox 133 4450 1857 4539; baseline -0.002 -19"><span class='ocrx_word' id='word_1_617' title='bbox 133 4480 193 4521; x_wconf 89' lang='lat' dir='ltr'>vox</span> <span class='ocrx_word' id='word_1_618' title='bbox 203 4464 436 4538; x_wconf 89' lang='lat' dir='ltr'>hominisneque</span> <span class='ocrx_word' id='word_1_619' title='bbox 447 4468 483 4522; x_wconf 91' lang='lat' dir='ltr'>ad</span> <span class='ocrx_word' id='word_1_620' title='bbox 493 4467 834 4538; x_wconf 89' lang='lat' dir='ltr'>hominempertinentis.</span> <span class='ocrx_word' id='word_1_621' title='bbox 844 4467 967 4539; x_wconf 85' lang='lat' dir='ltr'>Virgula</span> <span class='ocrx_word' id='word_1_622' title='bbox 983 4450 1010 4512; x_wconf 85' lang='grc' dir='ltr'>Ῑ)</span> <span class='ocrx_word' id='word_1_623' title='bbox 1025 4469 1129 4522; x_wconf 88' lang='lat' dir='ltr'>taceat.</span> <span class='ocrx_word' id='word_1_624' title='bbox 1145 4466 1267 4521; x_wconf 82' lang='lat' dir='ltr'>ludices</span> <span class='ocrx_word' id='word_1_625' title='bbox 1282 4470 1313 4521; x_wconf 90' lang='lat' dir='ltr'>tu</span> <span class='ocrx_word' id='word_1_626' title='bbox 1331 4469 1363 4520; x_wconf 91' lang='lat' dir='ltr'>ut</span> <span class='ocrx_word' id='word_1_627' title='bbox 1386 4480 1444 4520; x_wconf 89' lang='lat' dir='ltr'>uon</span> <span class='ocrx_word' id='word_1_628' title='bbox 1466 4463 1580 4536; x_wconf 81' lang='lat' dir='ltr'>judicet</span> <span class='ocrx_word' id='word_1_629' title='bbox 1601 4463 1661 4518; x_wconf 93' lang='lat' dir='ltr'>ille.</span> <span class='ocrx_word' id='word_1_630' title='bbox 1679 4461 1788 4518; x_wconf 84' lang='lat' dir='ltr'>Coram</span> <span class='ocrx_word' id='word_1_631' title='bbox 1802 4477 1857 4518; x_wconf 91' lang='lat' dir='ltr'>uno</span> 
     </span>
     <span class='ocr_line' id='line_1_47' title="bbox 133 4552 1858 4628; baseline -0.003 -18"><span class='ocrx_word' id='word_1_632' title='bbox 133 4557 213 4610; x_wconf 86' lang='lat' dir='ltr'>recta</span> <span class='ocrx_word' id='word_1_633' title='bbox 224 4558 270 4610; x_wconf 90' lang='lat' dir='ltr'>est</span> <span class='ocrx_word' id='word_1_634' title='bbox 280 4558 308 4610; x_wconf 93' lang='lat' dir='ltr'>et</span> <span class='ocrx_word' id='word_1_635' title='bbox 319 4556 440 4628; x_wconf 84' lang='lat' dir='ltr'>gracilis</span> <span class='ocrx_word' id='word_1_636' title='bbox 452 4555 482 4609; x_wconf 93' lang='lat' dir='ltr'>in</span> <span class='ocrx_word' id='word_1_637' title='bbox 494 4555 968 4628; x_wconf 83' lang='lat' dir='ltr'>longumporreota.Quietantum</span> <span class='ocrx_word' id='word_1_638' title='bbox 1026 4556 1144 4611; x_wconf 88' lang='lat' dir='ltr'>homine</span> <span class='ocrx_word' id='word_1_639' title='bbox 1161 4555 1311 4610; x_wconf 90' lang='lat' dir='ltr'>conllteris</span> <span class='ocrx_word' id='word_1_640' title='bbox 1327 4558 1358 4610; x_wconf 90' lang='lat' dir='ltr'>ut</span> <span class='ocrx_word' id='word_1_641' title='bbox 1369 4553 1557 4626; x_wconf 80' lang='lat' dir='ltr'>justificeris,</span> <span class='ocrx_word' id='word_1_642' title='bbox 1573 4569 1610 4609; x_wconf 94' lang='lat' dir='ltr'>ne</span> <span class='ocrx_word' id='word_1_643' title='bbox 1625 4567 1726 4609; x_wconf 88' lang='lat' dir='ltr'>coram</span> <span class='ocrx_word' id='word_1_644' title='bbox 1741 4552 1818 4608; x_wconf 84' lang='lat' dir='ltr'>coelo</span> <span class='ocrx_word' id='word_1_645' title='bbox 1833 4552 1858 4605; x_wconf 89' lang='grc' dir='ltr'>ει</span> 
     </span>
     <span class='ocr_line' id='line_1_48' title="bbox 134 4640 1857 4716; baseline -0.003 -17"><span class='ocrx_word' id='word_1_646' title='bbox 134 4660 255 4700; x_wconf 90' lang='lat' dir='ltr'>sursum</span> <span class='ocrx_word' id='word_1_647' title='bbox 266 4645 447 4701; x_wconf 89' lang='lat' dir='ltr'>tenditrecta</span> <span class='ocrx_word' id='word_1_648' title='bbox 458 4644 632 4712; x_wconf 88' lang='lat' dir='ltr'>essedebet,</span> <span class='ocrx_word' id='word_1_649' title='bbox 643 4645 749 4716; x_wconf 85' lang='lat' dir='ltr'>atquin</span> <span class='ocrx_word' id='word_1_650' title='bbox 761 4648 841 4699; x_wconf 93' lang='lat' dir='ltr'>arcta</span> <span class='ocrx_word' id='word_1_651' title='bbox 852 4645 966 4714; x_wconf 77' lang='lat' dir='ltr'>estvm,</span> <span class='ocrx_word' id='word_1_652' title='bbox 1026 4647 1114 4713; x_wconf 87' lang='lat' dir='ltr'>terra,</span> <span class='ocrx_word' id='word_1_653' title='bbox 1133 4659 1232 4699; x_wconf 90' lang='lat' dir='ltr'>coram</span> <span class='ocrx_word' id='word_1_654' title='bbox 1247 4643 1385 4698; x_wconf 89' lang='lat' dir='ltr'>omnibus</span> <span class='ocrx_word' id='word_1_655' title='bbox 1399 4642 1498 4715; x_wconf 78' lang='lat' dir='ltr'>angeli</span> <span class='ocrx_word' id='word_1_656' title='bbox 1514 4642 1566 4697; x_wconf 89' lang='lat' dir='ltr'>Dei</span> <span class='ocrx_word' id='word_1_657' title='bbox 1582 4640 1719 4713; x_wconf 86' lang='lat' dir='ltr'>arguaris</span> <span class='ocrx_word' id='word_1_658' title='bbox 1733 4644 1762 4696; x_wconf 87' lang='lat' dir='ltr'>et</span> <span class='ocrx_word' id='word_1_659' title='bbox 1778 4641 1857 4696; x_wconf 87' lang='lat' dir='ltr'>dam-</span> 
     </span>
     <span class='ocr_line' id='line_1_49' title="bbox 133 4730 1858 4807; baseline -0.002 -19"><span class='ocrx_word' id='word_1_660' title='bbox 133 4734 265 4806; x_wconf 85' lang='lat' dir='ltr'>gracilis,</span> <span class='ocrx_word' id='word_1_661' title='bbox 283 4736 311 4789; x_wconf 88' lang='lat' dir='ltr'>et</span> <span class='ocrx_word' id='word_1_662' title='bbox 326 4735 395 4805; x_wconf 91' lang='lat' dir='ltr'>quia</span> <span class='ocrx_word' id='word_1_663' title='bbox 409 4735 508 4807; x_wconf 87' lang='lat' dir='ltr'>longa,</span> <span class='ocrx_word' id='word_1_664' title='bbox 524 4736 671 4804; x_wconf 87' lang='lat' dir='ltr'>porrecta.</span> <span class='ocrx_word' id='word_1_665' title='bbox 688 4734 760 4788; x_wconf 89' lang='grc' dir='ltr'><strong>ιιειιι</strong></span> <span class='ocrx_word' id='word_1_666' title='bbox 775 4749 834 4789; x_wconf 88' lang='grc' dir='ltr'><strong>ιιοιι</strong></span> <span class='ocrx_word' id='word_1_667' title='bbox 850 4737 896 4788; x_wconf 85' lang='grc' dir='ltr'>εει</span> <span class='ocrx_word' id='word_1_668' title='bbox 910 4733 969 4787; x_wconf 92' lang='lat' dir='ltr'>vir·</span> <span class='ocrx_word' id='word_1_669' title='bbox 1026 4735 1118 4789; x_wconf 88' lang='lat' dir='ltr'>neris.</span> <span class='ocrx_word' id='word_1_670' title='bbox 1135 4735 1296 4804; x_wconf 87' lang='lat' dir='ltr'>Propterea</span> <span class='ocrx_word' id='word_1_671' title='bbox 1310 4732 1427 4787; x_wconf 89' lang='lat' dir='ltr'>laetetur</span> <span class='ocrx_word' id='word_1_672' title='bbox 1441 4733 1491 4803; x_wconf 94' lang='lat' dir='ltr'>qui</span> <span class='ocrx_word' id='word_1_673' title='bbox 1515 4731 1671 4786; x_wconf 76' lang='lat' dir='ltr'>confltetur</span> <span class='ocrx_word' id='word_1_674' title='bbox 1685 4745 1723 4785; x_wconf 90' lang='lat' dir='ltr'>ne</span> <span class='ocrx_word' id='word_1_675' title='bbox 1737 4730 1858 4785; x_wconf 89' lang='lat' dir='ltr'>damne-</span> 
     </span>
     <span class='ocr_line' id='line_1_50' title="bbox 133 4822 1082 4893; baseline 0.003 -18"><span class='ocrx_word' id='word_1_676' title='bbox 133 4822 204 4893; x_wconf 85' lang='lat' dir='ltr'>gula</span> <span class='ocrx_word' id='word_1_677' title='bbox 217 4822 292 4893; x_wconf 90' lang='lat' dir='ltr'>ligni</span> <span class='ocrx_word' id='word_1_678' title='bbox 307 4823 493 4878; x_wconf 85' lang='lat' dir='ltr'>insensibilis</span> <span class='ocrx_word' id='word_1_679' title='bbox 509 4825 538 4878; x_wconf 89' lang='lat' dir='ltr'>et</span> <span class='ocrx_word' id='word_1_680' title='bbox 560 4823 642 4891; x_wconf 89' lang='lat' dir='ltr'>duri,</span> <span class='ocrx_word' id='word_1_681' title='bbox 667 4823 721 4878; x_wconf 90' lang='lat' dir='ltr'>sad</span> <span class='ocrx_word' id='word_1_682' title='bbox 744 4822 815 4877; x_wconf 87' lang='lat' dir='ltr'>iuml</span> <span class='ocrx_word' id='word_1_683' title='bbox 831 4823 881 4893; x_wconf 92' lang='lat' dir='ltr'>qui</span> <span class='ocrx_word' id='word_1_684' title='bbox 898 4838 969 4892; x_wconf 89' lang='lat' dir='ltr'>spe·</span> <span class='ocrx_word' id='word_1_685' title='bbox 1026 4825 1082 4878; x_wconf 89' lang='lat' dir='ltr'>tur.</span> 
     </span>
     <span class='ocr_line' id='line_1_51' title="bbox 135 4905 1806 4979; baseline 0 -17"><span class='ocrx_word' id='word_1_686' title='bbox 135 4909 209 4963; x_wconf 90' lang='lat' dir='ltr'>ciem</span> <span class='ocrx_word' id='word_1_687' title='bbox 219 4909 317 4979; x_wconf 90' lang='lat' dir='ltr'>habet,</span> <span class='ocrx_word' id='word_1_688' title='bbox 330 4911 525 4966; x_wconf 89' lang='lat' dir='ltr'>substantiam</span> <span class='ocrx_word' id='word_1_689' title='bbox 540 4911 712 4967; x_wconf 85' lang='lat' dir='ltr'>nonhabet.</span> <span class='ocrx_word' id='word_1_690' title='bbox 729 4910 802 4966; x_wconf 83' lang='lat' dir='ltr'>Cum</span> <span class='ocrx_word' id='word_1_691' title='bbox 813 4911 891 4965; x_wconf 90' lang='lat' dir='ltr'>enim</span> <span class='ocrx_word' id='word_1_692' title='bbox 902 4927 969 4966; x_wconf 92' lang='lat' dir='ltr'>cer·</span> <span class='ocrx_word' id='word_1_693' title='bbox 1078 4911 1141 4965; x_wconf 84' lang='grc' dir='ltr'><strong>Τιτ.</strong></span> <span class='ocrx_word' id='word_1_694' title='bbox 1157 4910 1261 4965; x_wconf 88' lang='lat' dir='ltr'>CXlll.</span> <span class='ocrx_word' id='word_1_695' title='bbox 1278 4910 1323 4965; x_wconf 80' lang='lat' dir='ltr'>lle</span> <span class='ocrx_word' id='word_1_696' title='bbox 1337 4908 1428 4963; x_wconf 78' lang='lat' dir='ltr'>lastis</span> <span class='ocrx_word' id='word_1_697' title='bbox 1442 4914 1610 4964; x_wconf 89' lang='lat' dir='ltr'>sanctorum</span> <span class='ocrx_word' id='word_1_698' title='bbox 1625 4905 1806 4962; x_wconf 85' lang='lat' dir='ltr'>recolendis.</span> 
     </span>
     <span class='ocr_line' id='line_1_52' title="bbox 135 4995 1856 5071; baseline -0.002 -20"><span class='ocrx_word' id='word_1_699' title='bbox 135 4996 221 5061; x_wconf 87' lang='lat' dir='ltr'>uitur,</span> <span class='ocrx_word' id='word_1_700' title='bbox 240 4996 349 5068; x_wconf 88' lang='lat' dir='ltr'>aliquid</span> <span class='ocrx_word' id='word_1_701' title='bbox 366 5014 435 5053; x_wconf 88' lang='lat' dir='ltr'>esse</span> <span class='ocrx_word' id='word_1_702' title='bbox 450 4999 586 5067; x_wconf 85' lang='lat' dir='ltr'>videtur,</span> <span class='ocrx_word' id='word_1_703' title='bbox 604 5016 671 5054; x_wconf 91' lang='lat' dir='ltr'>cum</span> <span class='ocrx_word' id='word_1_704' title='bbox 685 5016 790 5055; x_wconf 89' lang='lat' dir='ltr'>manus</span> <span class='ocrx_word' id='word_1_705' title='bbox 802 5000 967 5071; x_wconf 88' lang='lat' dir='ltr'>apponitur,</span> <span class='ocrx_word' id='word_1_706' title='bbox 1062 5000 1106 5053; x_wconf 85' lang='lat' dir='ltr'>Ex</span> <span class='ocrx_word' id='word_1_707' title='bbox 1121 5015 1238 5071; x_wconf 81' lang='lat' dir='ltr'>magma,</span> <span class='ocrx_word' id='word_1_708' title='bbox 1254 4997 1362 5052; x_wconf 80' lang='lat' dir='ltr'>fratres</span> <span class='ocrx_word' id='word_1_709' title='bbox 1379 4997 1566 5064; x_wconf 79' lang='lat' dir='ltr'>charissimi,</span> <span class='ocrx_word' id='word_1_710' title='bbox 1586 4995 1750 5051; x_wconf 76' lang='lat' dir='ltr'>Salvator-is</span> <span class='ocrx_word' id='word_1_711' title='bbox 1765 4995 1856 5052; x_wconf 88' lang='lat' dir='ltr'>nostri</span> 
     </span>
     <span class='ocr_line' id='line_1_53' title="bbox 134 5083 1858 5160; baseline -0.002 -20"><span class='ocrx_word' id='word_1_712' title='bbox 134 5085 208 5140; x_wconf 91' lang='lat' dir='ltr'>nihil</span> <span class='ocrx_word' id='word_1_713' title='bbox 222 5084 379 5140; x_wconf 86' lang='lat' dir='ltr'>invenitur.</span> <span class='ocrx_word' id='word_1_714' title='bbox 397 5087 446 5141; x_wconf 89' lang='lat' dir='ltr'>Sic</span> <span class='ocrx_word' id='word_1_715' title='bbox 462 5087 559 5142; x_wconf 90' lang='lat' dir='ltr'>bonus</span> <span class='ocrx_word' id='word_1_716' title='bbox 575 5090 702 5159; x_wconf 87' lang='lat' dir='ltr'>quisque</span> <span class='ocrx_word' id='word_1_717' title='bbox 713 5089 761 5143; x_wconf 92' lang='lat' dir='ltr'>hic</span> <span class='ocrx_word' id='word_1_718' title='bbox 772 5104 842 5144; x_wconf 88' lang='lat' dir='ltr'>esse</span> <span class='ocrx_word' id='word_1_719' title='bbox 854 5088 970 5144; x_wconf 88' lang='lat' dir='ltr'>videtur</span> <span class='ocrx_word' id='word_1_720' title='bbox 1026 5089 1131 5160; x_wconf 90' lang='lat' dir='ltr'>pietate</span> <span class='ocrx_word' id='word_1_721' title='bbox 1146 5089 1253 5160; x_wconf 88' lang='lat' dir='ltr'>agitur,</span> <span class='ocrx_word' id='word_1_722' title='bbox 1271 5086 1350 5158; x_wconf 88' lang='lat' dir='ltr'>quod</span> <span class='ocrx_word' id='word_1_723' title='bbox 1360 5086 1448 5141; x_wconf 92' lang='lat' dir='ltr'>nobis</span> <span class='ocrx_word' id='word_1_724' title='bbox 1459 5086 1562 5140; x_wconf 90' lang='lat' dir='ltr'>merita</span> <span class='ocrx_word' id='word_1_725' title='bbox 1573 5087 1743 5140; x_wconf 85' lang='lat' dir='ltr'>sanctorum</span> <span class='ocrx_word' id='word_1_726' title='bbox 1752 5083 1858 5140; x_wconf 78' lang='lat' dir='ltr'>festiva</span> 
     </span>
     <span class='ocr_line' id='line_1_54' title="bbox 133 5172 1857 5250; baseline -0.002 -21"><span class='ocrx_word' id='word_1_727' title='bbox 133 5189 187 5246; x_wconf 90' lang='lat' dir='ltr'>per</span> <span class='ocrx_word' id='word_1_728' title='bbox 198 5172 297 5230; x_wconf 88' lang='lat' dir='ltr'>carnis</span> <span class='ocrx_word' id='word_1_729' title='bbox 307 5175 519 5246; x_wconf 81' lang='lat' dir='ltr'>speciem3sed</span> <span class='ocrx_word' id='word_1_730' title='bbox 529 5176 577 5230; x_wconf 91' lang='lat' dir='ltr'>hic</span> <span class='ocrx_word' id='word_1_731' title='bbox 586 5192 645 5231; x_wconf 94' lang='lat' dir='ltr'>non</span> <span class='ocrx_word' id='word_1_732' title='bbox 654 5179 700 5232; x_wconf 89' lang='lat' dir='ltr'>est</span> <span class='ocrx_word' id='word_1_733' title='bbox 708 5192 761 5248; x_wconf 88' lang='lat' dir='ltr'>per</span> <span class='ocrx_word' id='word_1_734' title='bbox 770 5177 967 5233; x_wconf 89' lang='lat' dir='ltr'>dilectionem.</span> <span class='ocrx_word' id='word_1_735' title='bbox 1023 5176 1208 5250; x_wconf 81' lang='lat' dir='ltr'>jucunditate</span> <span class='ocrx_word' id='word_1_736' title='bbox 1230 5176 1388 5232; x_wconf 89' lang='lat' dir='ltr'>recolenda</span> <span class='ocrx_word' id='word_1_737' title='bbox 1411 5173 1590 5243; x_wconf 85' lang='lat' dir='ltr'>indicuntur,</span> <span class='ocrx_word' id='word_1_738' title='bbox 1615 5173 1683 5245; x_wconf 83' lang='lat' dir='ltr'>qnia</span> <span class='ocrx_word' id='word_1_739' title='bbox 1705 5172 1735 5227; x_wconf 93' lang='lat' dir='ltr'>in</span> <span class='ocrx_word' id='word_1_740' title='bbox 1751 5187 1789 5228; x_wconf 94' lang='lat' dir='ltr'>eo</span> <span class='ocrx_word' id='word_1_741' title='bbox 1805 5187 1857 5227; x_wconf 88' lang='lat' dir='ltr'>nos</span> 
     </span>
     <span class='ocr_line' id='line_1_55' title="bbox 134 5261 1859 5337; baseline -0.002 -19"><span class='ocrx_word' id='word_1_742' title='bbox 134 5263 206 5319; x_wconf 88' lang='lat' dir='ltr'>ltem</span> <span class='ocrx_word' id='word_1_743' title='bbox 221 5263 321 5318; x_wconf 78' lang='lat' dir='ltr'>tumus</span> <span class='ocrx_word' id='word_1_744' title='bbox 339 5263 375 5319; x_wconf 94' lang='lat' dir='ltr'>de</span> <span class='ocrx_word' id='word_1_745' title='bbox 397 5264 466 5336; x_wconf 89' lang='lat' dir='ltr'>igne</span> <span class='ocrx_word' id='word_1_746' title='bbox 489 5265 632 5335; x_wconf 87' lang='lat' dir='ltr'>ascendit,</span> <span class='ocrx_word' id='word_1_747' title='bbox 650 5266 718 5337; x_wconf 89' lang='lat' dir='ltr'>quia</span> <span class='ocrx_word' id='word_1_748' title='bbox 734 5266 916 5322; x_wconf 86' lang='lat' dir='ltr'>desiderium</span> <span class='ocrx_word' id='word_1_749' title='bbox 930 5284 969 5323; x_wconf 83' lang='lat' dir='ltr'>ex</span> <span class='ocrx_word' id='word_1_750' title='bbox 1026 5267 1107 5323; x_wconf 89' lang='lat' dir='ltr'>Deus</span> <span class='ocrx_word' id='word_1_751' title='bbox 1127 5268 1230 5321; x_wconf 87' lang='lat' dir='ltr'>noster</span> <span class='ocrx_word' id='word_1_752' title='bbox 1252 5268 1281 5321; x_wconf 90' lang='lat' dir='ltr'>et</span> <span class='ocrx_word' id='word_1_753' title='bbox 1304 5264 1476 5319; x_wconf 86' lang='lat' dir='ltr'>exhortatur</span> <span class='ocrx_word' id='word_1_754' title='bbox 1499 5263 1535 5317; x_wconf 92' lang='lat' dir='ltr'>ad</span> <span class='ocrx_word' id='word_1_755' title='bbox 1558 5262 1751 5317; x_wconf 89' lang='lat' dir='ltr'>imitationem</span> <span class='ocrx_word' id='word_1_756' title='bbox 1765 5261 1859 5316; x_wconf 88' lang='lat' dir='ltr'>virtu·</span> 
     </span>
     <span class='ocr_line' id='line_1_56' title="bbox 134 5349 1858 5430; baseline -0.003 -22"><span class='ocrx_word' id='word_1_757' title='bbox 134 5367 233 5408; x_wconf 89' lang='lat' dir='ltr'>amore</span> <span class='ocrx_word' id='word_1_758' title='bbox 244 5352 334 5407; x_wconf 89' lang='lat' dir='ltr'>venit.</span> <span class='ocrx_word' id='word_1_759' title='bbox 346 5352 383 5407; x_wconf 84' lang='lat' dir='ltr'>Et</span> <span class='ocrx_word' id='word_1_760' title='bbox 392 5353 489 5425; x_wconf 86' lang='lat' dir='ltr'>qualis</span> <span class='ocrx_word' id='word_1_761' title='bbox 501 5353 683 5408; x_wconf 78' lang='lat' dir='ltr'>tumustEx</span> <span class='ocrx_word' id='word_1_762' title='bbox 692 5356 874 5411; x_wconf 88' lang='lat' dir='ltr'>aromatibus</span> <span class='ocrx_word' id='word_1_763' title='bbox 883 5373 968 5430; x_wconf 80' lang='lat' dir='ltr'>myr-</span> <span class='ocrx_word' id='word_1_764' title='bbox 1025 5358 1104 5426; x_wconf 87' lang='lat' dir='ltr'>tum,</span> <span class='ocrx_word' id='word_1_765' title='bbox 1133 5357 1162 5409; x_wconf 90' lang='lat' dir='ltr'>et</span> <span class='ocrx_word' id='word_1_766' title='bbox 1185 5354 1309 5409; x_wconf 88' lang='lat' dir='ltr'>admittit</span> <span class='ocrx_word' id='word_1_767' title='bbox 1331 5353 1368 5408; x_wconf 92' lang='lat' dir='ltr'>ad</span> <span class='ocrx_word' id='word_1_768' title='bbox 1392 5351 1644 5423; x_wconf 90' lang='lat' dir='ltr'>participationem</span> <span class='ocrx_word' id='word_1_769' title='bbox 1674 5349 1858 5422; x_wconf 90' lang='lat' dir='ltr'>gaudiorum.</span> 
     </span>
     <span class='ocr_line' id='line_1_57' title="bbox 132 5437 1860 5517; baseline -0.005 -18"><span class='ocrx_word' id='word_1_770' title='bbox 132 5442 198 5498; x_wconf 82' lang='lat' dir='ltr'>rdae</span> <span class='ocrx_word' id='word_1_771' title='bbox 209 5447 239 5499; x_wconf 89' lang='lat' dir='ltr'>et</span> <span class='ocrx_word' id='word_1_772' title='bbox 248 5441 347 5497; x_wconf 88' lang='lat' dir='ltr'>tlmris</span> <span class='ocrx_word' id='word_1_773' title='bbox 358 5447 387 5497; x_wconf 89' lang='grc' dir='ltr'>ει</span> <span class='ocrx_word' id='word_1_774' title='bbox 395 5441 445 5497; x_wconf 88' lang='lat' dir='ltr'>uni</span> <span class='ocrx_word' id='word_1_775' title='bbox 450 5442 532 5497; x_wconf 85' lang='lat' dir='ltr'>versi</span> <span class='ocrx_word' id='word_1_776' title='bbox 535 5441 675 5515; x_wconf 89' lang='lat' dir='ltr'>pulveris</span> <span class='ocrx_word' id='word_1_777' title='bbox 680 5443 885 5516; x_wconf 72' lang='lat' dir='ltr'>pigmentarii.</span> <span class='ocrx_word' id='word_1_778' title='bbox 896 5446 968 5517; x_wconf 78' lang='lat' dir='ltr'>l&#39;ig·</span> <span class='ocrx_word' id='word_1_779' title='bbox 1026 5445 1151 5515; x_wconf 88' lang='lat' dir='ltr'>Propter</span> <span class='ocrx_word' id='word_1_780' title='bbox 1165 5445 1222 5498; x_wconf 85' lang='lat' dir='ltr'>boc</span> <span class='ocrx_word' id='word_1_781' title='bbox 1232 5444 1268 5497; x_wconf 90' lang='lat' dir='ltr'>nd</span> <span class='ocrx_word' id='word_1_782' title='bbox 1285 5441 1475 5497; x_wconf 88' lang='lat' dir='ltr'>imitationem</span> <span class='ocrx_word' id='word_1_783' title='bbox 1491 5440 1641 5507; x_wconf 88' lang='lat' dir='ltr'>virtutum,</span> <span class='ocrx_word' id='word_1_784' title='bbox 1652 5441 1683 5494; x_wconf 90' lang='grc' dir='ltr'>ιιι</span> <span class='ocrx_word' id='word_1_785' title='bbox 1691 5437 1860 5511; x_wconf 83' lang='lat' dir='ltr'>corrigatur</span> 
     </span>
     <span class='ocr_line' id='line_1_58' title="bbox 133 5525 1860 5603; baseline -0.003 -16"><span class='ocrx_word' id='word_1_786' title='bbox 133 5530 296 5587; x_wconf 84' lang='lat' dir='ltr'>menterins</span> <span class='ocrx_word' id='word_1_787' title='bbox 307 5530 514 5602; x_wconf 86' lang='lat' dir='ltr'>estChristns,</span> <span class='ocrx_word' id='word_1_788' title='bbox 531 5531 682 5603; x_wconf 89' lang='lat' dir='ltr'>pigmenta</span> <span class='ocrx_word' id='word_1_789' title='bbox 697 5536 825 5589; x_wconf 87' lang='lat' dir='ltr'>aromata</span> <span class='ocrx_word' id='word_1_790' title='bbox 836 5532 969 5588; x_wconf 89' lang='lat' dir='ltr'>etvirtu-</span> <span class='ocrx_word' id='word_1_791' title='bbox 1026 5533 1136 5588; x_wconf 90' lang='lat' dir='ltr'>malitia</span> <span class='ocrx_word' id='word_1_792' title='bbox 1151 5535 1262 5588; x_wconf 87' lang='lat' dir='ltr'>nostra.</span> <span class='ocrx_word' id='word_1_793' title='bbox 1275 5531 1399 5601; x_wconf 87' lang='lat' dir='ltr'>Propter</span> <span class='ocrx_word' id='word_1_794' title='bbox 1408 5529 1466 5585; x_wconf 91' lang='lat' dir='ltr'>hoc</span> <span class='ocrx_word' id='word_1_795' title='bbox 1476 5529 1512 5584; x_wconf 86' lang='lat' dir='ltr'>ad</span> <span class='ocrx_word' id='word_1_796' title='bbox 1523 5525 1778 5600; x_wconf 87' lang='lat' dir='ltr'>participationem</span> <span class='ocrx_word' id='word_1_797' title='bbox 1788 5542 1860 5600; x_wconf 86' lang='lat' dir='ltr'>gau·</span> 
     </span>
     <span class='ocr_line' id='line_1_59' title="bbox 134 5614 1861 5693; baseline -0.003 -18"><span class='ocrx_word' id='word_1_798' title='bbox 134 5623 190 5691; x_wconf 90' lang='lat' dir='ltr'>tes,</span> <span class='ocrx_word' id='word_1_799' title='bbox 202 5621 322 5692; x_wconf 74' lang='lat' dir='ltr'>myrrha</span> <span class='ocrx_word' id='word_1_800' title='bbox 330 5620 429 5676; x_wconf 85' lang='lat' dir='ltr'>carnia</span> <span class='ocrx_word' id='word_1_801' title='bbox 438 5620 633 5693; x_wconf 76' lang='lat' dir='ltr'>mortificatio,</span> <span class='ocrx_word' id='word_1_802' title='bbox 643 5622 713 5679; x_wconf 89' lang='lat' dir='ltr'>thus</span> <span class='ocrx_word' id='word_1_803' title='bbox 724 5622 830 5678; x_wconf 88' lang='lat' dir='ltr'>mentis</span> <span class='ocrx_word' id='word_1_804' title='bbox 839 5622 968 5681; x_wconf 88' lang='lat' dir='ltr'>devotio.</span> <span class='ocrx_word' id='word_1_805' title='bbox 1028 5622 1196 5691; x_wconf 87' lang='lat' dir='ltr'>diornm,ut</span> <span class='ocrx_word' id='word_1_806' title='bbox 1206 5620 1377 5676; x_wconf 87' lang='lat' dir='ltr'>consoletur</span> <span class='ocrx_word' id='word_1_807' title='bbox 1387 5617 1507 5674; x_wconf 87' lang='lat' dir='ltr'>miseria</span> <span class='ocrx_word' id='word_1_808' title='bbox 1515 5620 1626 5674; x_wconf 87' lang='lat' dir='ltr'>nostra.</span> <span class='ocrx_word' id='word_1_809' title='bbox 1637 5617 1701 5671; x_wconf 90' lang='lat' dir='ltr'>Duo</span> <span class='ocrx_word' id='word_1_810' title='bbox 1709 5615 1778 5671; x_wconf 84' lang='lat' dir='ltr'>haee</span> <span class='ocrx_word' id='word_1_811' title='bbox 1788 5614 1861 5671; x_wconf 82' lang='lat' dir='ltr'>mala</span> 
     </span>
     <span class='ocr_line' id='line_1_60' title="bbox 135 5698 1861 5786; baseline -0.005 -19"><span class='ocrx_word' id='word_1_812' title='bbox 135 5707 302 5770; x_wconf 81' lang='lat' dir='ltr'>Universae</span> <span class='ocrx_word' id='word_1_813' title='bbox 311 5702 412 5784; x_wconf 84' lang='lat' dir='ltr'>pulvis</span> <span class='ocrx_word' id='word_1_814' title='bbox 421 5709 610 5786; x_wconf 80' lang='lat' dir='ltr'>pigmentarii</span> <span class='ocrx_word' id='word_1_815' title='bbox 620 5712 746 5770; x_wconf 75' lang='lat' dir='ltr'>anatum</span> <span class='ocrx_word' id='word_1_816' title='bbox 755 5711 887 5769; x_wconf 89' lang='lat' dir='ltr'>emnium</span> <span class='ocrx_word' id='word_1_817' title='bbox 896 5711 971 5769; x_wconf 88' lang='lat' dir='ltr'>mul·</span> <span class='ocrx_word' id='word_1_818' title='bbox 1029 5713 1131 5770; x_wconf 87' lang='lat' dir='ltr'>nostra</span> <span class='ocrx_word' id='word_1_819' title='bbox 1145 5711 1229 5768; x_wconf 91' lang='lat' dir='ltr'>aunt:</span> <span class='ocrx_word' id='word_1_820' title='bbox 1247 5709 1371 5766; x_wconf 90' lang='lat' dir='ltr'>alterum</span> <span class='ocrx_word' id='word_1_821' title='bbox 1384 5707 1464 5782; x_wconf 87' lang='lat' dir='ltr'>quod</span> <span class='ocrx_word' id='word_1_822' title='bbox 1479 5706 1623 5779; x_wconf 82' lang='lat' dir='ltr'>lecimus,</span> <span class='ocrx_word' id='word_1_823' title='bbox 1643 5704 1770 5766; x_wconf 83' lang='lat' dir='ltr'>alterum</span> <span class='ocrx_word' id='word_1_824' title='bbox 1784 5698 1861 5781; x_wconf 85' lang='lat' dir='ltr'>qnod</span> 
     </span>
    </p>
   </div>
   <div class='ocr_carea' id='block_1_4' title="bbox 0 0 1914 6022">
    <p class='ocr_par' dir='ltr' id='par_1_4' title="bbox 0 0 1914 6022">
     <span class='ocr_line' id='line_1_61' title="bbox 0 0 1914 6022; baseline 0 0"><span class='ocrx_word' id='word_1_825' title='bbox 0 0 1914 6022; x_wconf 95' lang='lat' dir='ltr'> </span> 
     </span>
    </p>
   </div>
  </div>
 </body>
</html>
