3796 6022
127 307 187 374 28³

502 305 723 375 APPENDIX
744 311 803 375 AD
824 304 1015 376 HUGONIS
1040 309 1183 375 OPERA
1203 309 1472 376 DOGMATICA.

1789 308 1851 376 284

164 511 234 570 Car.
251 512 303 571 lx.
320 514 365 570 De
379 514 529 570 Ludovicc
539 515 603 587 pio,
623 520 651 569 et
668 513 841 588 quibasdam
856 513 927 569 aliis
974 490 1006 556 Α
1020 513 1077 567 tibi
1097 513 1147 579 sit,
1171 513 1239 568 ilex
1263 513 1385 568 Christe
1408 513 1598 584 Redemptor.
1620 512 1734 578 Quibus
1748 512 1851 567 verbis

478 604 612 676 regibus.

165 728 335 785 Ludovicus
344 731 470 803 denique
479 732 545 801 pius
557 731 657 803 Magni
666 730 764 786 Caroli
776 731 961 802 imperatoris

129 816 219 888 illius,
231 820 400 890 postpatris
411 821 523 876 obitum
540 822 704 875 llomanum
719 821 856 876 obtinens
872 821 962 891 impe·

129 912 215 981 rium,
228 929 305 968 anno
317 914 529 971 lncarnationis
544 917 704 972 Dominieae
716 917 962 991 octingentesimo

130 1000 244 1057 decimo
261 1006 379 1074 quarto‘,
396 1007 551 1076 imperavit
565 1007 652 1062 annis
666 1007 758 1062 ferme
774 1007 878 1080 viginti
895 1022 963 1078 scp-

129 1093 198 1145 tem.
212 1090 267 1146 llic
279 1092 332 1147 luit
341 1094 387 1148 vir
398 1094 637 1152 clementissimae
652 1099 775 1152 naturae.
788 1096 873 1152 Unde
885 1112 962 1165 cum,

127 1176 213 1251 juxta
229 1196 351 1237 suorum
367 1184 514 1239 lenitatem
531 1202 657 1257 morum,
672 1186 884 1257 rempublicam
900 1186 964 1241 dis-

130 1274 267 1340 poneret,
289 1272 353 1327 tulit
368 1273 455 1329 finem
471 1275 570 1330 multis
586 1276 815 1331 adversitatibus
829 1277 962 1347 plenum,

130 1360 189 1413 tum
213 1376 230 1414 a
254 1360 357 1417 liberis
385 1379 473 1434 quam
499 1365 584 1437 regni
606 1365 782 1437 proceribus
808 1366 966 1421 crudeliter

130 1446 332 1520 impugnatus.
354 1451 420 1507 Fuit
439 1453 526 1508 etiam
544 1459 759 1526 praeceptorum
775 1455 891 1510 Domini
908 1455 965 1510 icr-

1019 601 1179 673 imperator
1193 602 1356 674 emollitus,
1380 619 1451 658 mox
1471 617 1538 658 cum
1559 601 1718 657 avinculis
1735 602 1852 657 absolvi

1017 692 1173 762 praecepit,
1189 695 1217 747 et
1232 692 1323 762 priori
1340 693 1433 764 gratia
1449 691 1635 747 condonavit.
1652 689 1763 745 Floiuit
1777 705 1853 762 quo-

1019 797 1076 852 que
1096 796 1149 851 per
1170 782 1246 835 idem
1269 784 1384 852 tempus
1407 781 1558 835 Rabanus.
1581 780 1673 834 Porro
1694 780 1853 834 Loibarius

1019 872 1087 940 post
1102 870 1194 941 patris
1210 871 1320 925 obitum
1337 885 1396 925 non
1417 870 1516 924 multis
1536 869 1641 924 dicbus
1658 869 1784 924 evolutis
1799 869 1853 922 ad-

1019 974 1107 1013 versa
1124 959 1292 1015 valetudine
1314 962 1484 1029 correptus,
1501 958 1665 1015 monachus
1682 958 1777 1012 iactus
1792 960 1852 1026 est,

1019 1049 1193 1119 relinquens
1222 1049 1373 1103 Ludovico
1399 1048 1458 1102 filio
1483 1063 1538 1103 suo
1564 1046 1655 1101 ltalici
1683 1047 1854 1118 dignitatem

1020 1136 1145 1208 imperii.
1163 1136 1287 1192 Carolus
1302 1153 1374 1192 vero
1395 1137 1563 1206 Franciam,
1587 1136 1804 1208 Burgundiam,
1828 1137 1856 1188 et

1020 1227 1207 1297 Aquitaniam
1224 1227 1338 1281 obinuit
1356 1226 1450 1282 solas.
1472 1225 1624 1281 liudovico
1640 1228 1736 1280 autem
1751 1225 1782 1278 in
1797 1223 1855 1276 lta·

1020 1315 1059 1369 lia
1075 1316 1224 1371 successit
1239 1316 1408 1386 Letharius,
1421 1319 1449 1370 et
1460 1315 1600 1370 Leibario
1612 1315 1710 1386 Hugo.
1724 1314 1776 1367 lsti
1787 1315 1857 1366 sunt

1021 1419 1149 1476 quoque,
1162 1405 1211 1476 qui
1228 1408 1295 1476 post
1310 1405 1494 1461 Ludovicum
1509 1405 1726 1475 imperaverunt
1740 1403 1770 1457 in
1785 1401 1856 1455 Ala-

1021 1493 1131 1564 mania,
1150 1494 1335 1562 Ludovicus,
1353 1493 1488 1562 Carolus,
1502 1490 1656 1560 Amulius,
1673 1491 1854 1557 LudovicuS,

131 1538 326 1595 ventissimus
343 1545 544 1646 exacutae
566 1545 643 1646 legis
665 1549 776 1600 sanctae
792 1545 965 1600 strenuissi-
1021 1581 1185 1651 conradus,
1204 1582 1366 1651 Hemone,
1383 1582 1467 1651 Otho,
1484 1581 1576 1650 omo,
1593 1581 1678 1649 omo,
1695 1579 1854 1647 flemus,

131 1642 199 1681 mus
216 1634 428 1702 pmpugnawp‘
452 1633 549 1704 Ipsms
572 1634 698 1705 d⁰n¹q¹¹e
718 1637 849 1704 temp⁰r⁰
865 1649 965 1705 coepe'
1021 1671 1191 1740 Conradus,
1209 1672 1373 1740 chricus,
1396 1671 1559 1739 Henricus‚
1579 1669 1729 1723 Luiterus.
1746 1668 1856 1722 Verum

130 1719 200 1771 runt
216 1717 322 1788 (lemni
338 1720 374 1774 ab
391 1722 541 1792 epi⁵⁰⁰pi⁸
557 1726 585 1778 et
602 1723 719 1778 demis
735 1723 823 1778 hami
840 1724 966 1796 gemmis
1021 1761 1126 1816 *lecolo
1142 1759 1231 1816 Calvo
1248 1761 1398 1815 successit
1414 1758 1600 1828 Ludovicus,
1615 1757 1727 1826 Gallus,
1744 1760 1772 1811 et
1787 1755 1856 1810 baio

91 1862 99 1875 ,
132 1807 256 1877 onerati,
273 1811 301 1862 at
316 1810 471 1865 saecularia
487 1816 667 1868 ornamenta.
679 1813 785 1870 Genuit
800 1814 886 1868 etiam
902 1806 1259 1906 ipseBCamlmmnm,8
1286 1854 1314 1904 e,
1331 1850 1546 1904 carolomanno
1567 1846 1736 1902 Ludovicus
1753 1849 1780 1900 01
1795 1845 1856 1899 Lu.

132 1896 347 1953 seranissimus
362 1900 522 1970 imperator
531 1901 609 1957 filios
619 1906 680 1957 tres
692 1918 730 1957 ex
744 1903 966 1976 Harmengarda
1263 1892 1269 1917 ⁹

132 1985 226 2054 prima
249 2003 343 2043 uxore
373 2006 443 2059 sua,
472 1991 657 2062 bathanam,
684 1992 852 2063 Pippinum,
880 1996 966 2064 etque

132 2073 335 2133 Ludovicum:
357 2083 385 2134 et
407 2096 445 2135 ex
469 2081 599 2135 secunda
623 2082 738 2137 nmine
762 2081 862 2137 Judith
879 2084 967 2136 Caro·
1024 2062 1093 2118 Car.
1111 2064 1149 2119 X.
1166 2064 1210 2118 De
1225 2069 1315 2137 gente
1334 2062 1602 2131 Nortlnnanorum,
1624 2067 1654 2115 et
1672 2059 1857 2114 srrccessori·

132 2163 194 2219 lum
208 2182 311 2238 regem
334 2168 523 2225 Francorum.
551 2172 642 2226 Porro
666 2171 824 2226 Lotharius
839 2187 966 2242 impera·
1264 2153 1321 2207 ΜΕ
1338 2151 1439 2207 (ῙθΙὊῙῘ
1453 2150 1616 2223 simillim-

132 2253 207 2308 toris
222 2257 452 2328 primogenitus,
475 2260 543 2313 dum
566 2263 647 2315 esset
669 2263 787 2330 epatre
812 2260 966 2332 benignis·
1060 2261 1122 2316 llac
1146 2265 1290 2332 praeterea
1309 2261 1483 2331 tempestate
1502 2260 1645 2330 regnante
1660 2255 1765 2312 Carolo
1780 2255 1857 2311 Sim-

132 2340 209 2396 simo
224 2359 278 2398 rex
294 2360 385 2416 super
400 2347 511 2402 ltaliam
528 2349 716 2418 constitutus,
736 2351 859 2404 Roaiam
874 2349 963 2418 venit,
1023 2348 1110 2421 plice,
1124 2349 1309 2417 Northmani,
1321 2349 1436 2420 origine
1448 2348 1537 2416 Dani,
1549 2347 1623 2402 duce
1634 2346 1772 2418 quodam,
1785 2345 1857 2400 Rol-

134 2432 162 2483 et
176 2435 278 2486 sancto
301 2433 426 2489 Paschae
451 2437 497 2491 die
522 2437 551 2491 in
576 2438 711 2493 Ecclesia
736 2438 836 2493 Sancti
856 2438 933 2492 Petri
950 2453 967 2492 a
1023 2438 1091 2493 lone
1107 2439 1235 2505 nominc,
1251 2455 1267 2492 a
1283 2438 1402 2509 Scythia
1418 2436 1550 2492 inferiori
1564 2434 1692 2507 egressi,
1704 2437 1791 2505 atque
1806 2449 1859 2504 per

134 2519 273 2576 Paschali
288 2539 362 2594 papa
378 2540 517 2581 coronam
537 2543 603 2581 cum
624 2527 742 2581 nomine
759 2527 892 2598 suscepit
910 2530 967 2582 Au·
1023 2527 1173 2582 Oceanum
1182 2528 1270 2593 vecti,
1283 2543 1349 2583 cum
1361 2541 1567 2596 saepenumero
1578 2528 1654 2593 ante,
1666 2526 1725 2577 tam
1735 2523 1858 2578 Gerana·

131 2611 224 2683 gusti.
242 2611 350 2667 Verum
367 2614 524 2670 Letharius
546 2616 602 2670 iate
627 2619 729 2687 postea
752 2619 864 2687 patrem
879 2632 968 2671 suum
1023 2619 1102 2672 niam
1113 2633 1201 2688 quam
1211 2615 1334 2672 Galliam
1346 2631 1426 2671 more
1441 2614 1563 2686 piratico
1574 2626 1627 2684 pcr
1638 2614 1739 2667 eadem
1749 2610 1857 2666 Oceani

132 2699 316 2756 Ludovicum
333 2703 564 2773 comprehendit,
581 2707 610 2759 ct
629 2705 705 2774 apud
721 2704 821 2759 Sancti
835 2705 967 2760 bladardi
1023 2706 1121 2760 littora
1140 2709 1334 2761 excurrentes
1352 2704 1562 2772 infestassent3
1582 2702 1699 2756 tandem
1723 2701 1856 2773 egressi,

131 2791 344 2846 monasterium
365 2792 508 2846 custodiri
528 2793 685 2848 mandavit.
704 2794 834 2849 Uxorem
849 2810 967 2867 quoque
1023 2795 1222 2867 Galliamque
1230 2799 1312 2866 parte
1321 2794 1501 2848 Britanniam
1510 2791 1641 2863 respicit,
1651 2793 1856 2862 pervaserunt,

131 2877 228 2949 ipsius
246 2879 345 2934 iudith
361 2881 467 2935 exsilio
484 2882 640 2954 relegavit,
664 2886 691 2938 ct
711 2883 863 2953 Curetum,
879 2900 967 2955 quem
1024 2884 1230 2955 civitatemque
1242 2884 1269 2936 in
1282 2899 1315 2937 ea
1328 2883 1545 2954 llothomagum
1557 2882 1747 2949 occupantes,
1761 2893 1856 2950 usqua

131 2982 169 3036 ex
184 2984 218 3023 ea
239 2969 409 3024 Ludovicus
433 2974 590 3043 genuerat,
615 2976 713 3026 castro
737 2972 866 3026 Privinaa
887 2987 967 3026 com·
1023 2973 1053 3028 in
1062 2973 1137 3028 banc
1149 2973 1226 3027 diem
1237 2971 1480 3028 Northmanniam
1491 2972 1527 3025 de
1536 2984 1591 3024 suo
1600 2969 1718 3023 nomine
1729 2982 1858 3022 vocave-

131 3057 289 3113 mendavit.
311 3058 368 3114 Sed
391 3075 450 3115 non
474 3061 552 3115 mula
577 3064 645 3132 post
667 3052 800 3116 Franciaa
814 3062 980 3132 principes,
1023 3065 1100 3118 runt.
1117 3061 1312 3118 Northmanni
1328 3061 1405 3116 eninr
1419 3061 1521 3132 lingua
1540 3058 1681 3128 barbara,
1698 3056 1785 3128 quasi
1800 3057 1856 3111 viri

130 3145 337 3217 imperatorem
354 3149 536 3205 Ludovicum
555 3166 571 3203 a
595 3149 728 3205 custodia
748 3112 1010 3221 liberaverunt,''c
1024 3151 1271 3224 septentrionales
1288 3151 1356 3205 dicti
1371 3154 1450 3219 sunt,
1467 3164 1502 3203 eo
1521 3148 1600 3220 quod
1615 3147 1741 3217 primum
1756 3146 1794 3200 ab
1809 3145 1858 3198 illa

130 3239 159 3290 et
180 3237 254 3307 patri
280 3237 449 3293 Letharium
475 3239 568 3294 illium
590 3226 867 3295 reconciliaverunt.
892 3240 965 3295 Post
1024 3241 1125 3296 mundi
1140 3243 1222 3311 parte
1238 3242 1389 3294 venerant.
1406 3237 1530 3292 Carolus
1550 3225 1646 3291 autem
1661 3251 1715 3290 rex
1732 3233 1859 3289 Franco·

129 3322 194 3379 haec
208 3341 280 3380 vero
301 3327 551 3383 clementissimus
571 3329 730 3400 imperator
749 3330 826 3384 inter
839 3333 965 3400 quatuor
1023 3346 1104 3393 rum,
1126 3330 1197 3384 inito
1219 3345 1286 3384 cam
1308 3328 1353 3383 eis
1378 3326 1500 3396 ioedere,
1524 3326 1614 3380 liliam
1636 3340 1720 3379 suam
1740 3321 1858 3378 llolloni

1026 1940 1131 1994 dovico
1147 1939 1271 1995 Carolus
1286 1938 1427 2010 Simplex.

130 3427 203 3468 suos
229 3413 307 3468 illios
331 3431 418 3470 suum
447 3417 547 3471 divisit
576 3418 746 3488 imperium,
771 3421 800 3472 et
824 3418 963 3474 Lotbario

129 3501 248 3573 quidem
264 3503 385 3571 ltaliam,
404 3505 555 3561 Ludovico
570 3509 667 3561 autem
679 3506 864 3561 Germaniam
875 3510 963 3578 atque

105 3592 110 3602 “
129 3588 298 3662 Saxoniam,
310 3592 434 3664 Pippino
451 3594 647 3666 Aquitaniam,
664 3593 769 3651 Carolo
785 3612 856 3651 vero
872 3595 963 3651 Fran·

130 3679 205 3734 ciam
221 3681 368 3754 delegavit
387 3687 474 3754 atqua
495 3683 707 3756 Burgundiam.
730 3684 787 3739 Sed
804 3685 963 3740 liotbarius

128 3768 206 3825 banc
221 3770 338 3842 imperii
351 3772 528 3828 divisionem
544 3789 602 3828 non
622 3772 825 3844 equanimiter
839 3774 917 3842 tulit,
935 3777 963 3829 et

128 3860 221 3914 totum
242 3860 398 3932 imperium
420 3861 479 3917 sibi
504 3861 654 3934 subjicere
678 3862 808 3916 tentavit.
831 3862 914 3928 Quod
932 3865 964 3919 ut

127 3952 212 4019 pater
225 3950 383 4020 comperit,
406 3950 486 4006 illico
509 3952 654 4006 adversus
677 3966 744 4006 eum
760 3952 816 4007 iter
829 3951 962 4023 arripuit.

1024 3434 1148 3474 uxorem
1163 3418 1256 3488 dedit,
1281 3432 1404 3489 eamque
1423 3419 1547 3486 terram,
1571 3431 1638 3487 quoe
1653 3429 1732 3469 nunc
1747 3412 1858 3468 North·

1023 3508 1141 3563 mannia
1160 3511 1284 3563 vocatur
1306 3505 1466 3561 concessit.
1490 3502 1546 3569 Qui
1567 3503 1683 3558 scilicet
1703 3501 1788 3557 Rollo
1803 3500 1858 3555 ba-

1022 3598 1158 3667 ptizatus,
1173 3595 1295 3651 Robarti
1306 3610 1412 3649 nomen
1424 3594 1546 3663 accepit.
1558 3595 1653 3664 Atque
1664 3591 1770 3646 exinde
1781 3605 1857 3663 gene

1023 3686 1294 3742 Northmannorum
1309 3683 1428 3738 Christo
1445 3683 1571 3738 credens
1586 3681 1654 3736 ildci
1669 3679 1857 3752 subjectaest

1024 3774 1184 3845 Postquam
1199 3777 1295 3828 autem
1316 3772 1510 3827 Northmanni
1530 3771 1562 3824 in
1582 3786 1631 3841 ea,
1647 3785 1733 3841 quam
1749 3784 1856 3839 perva-

1023 3865 1138 3932 serant,
1155 3864 1236 3933 parte
1254 3861 1386 3917 Franciae
1402 3860 1565 3916 confirmati
1580 3860 1663 3928 sunt,
1679 3858 1766 3913 etiam
1781 3857 1856 3912 ultra

1023 3967 1129 4006 manus
1144 3951 1304 4007 extendere
1320 3950 1415 4005 conati
1430 3953 1508 4004 sunt.
1523 3948 1698 4005 Guille‘lmus
1708 3946 1855 4019 siquidem

60 4100 65 4110 ‚
128 4035 186 4092 Sed
202 4036 232 4091 in
248 4038 314 4109 ipso
334 4038 438 4094 itincre
461 4040 587 4095 adversa
603 4039 964 4110 comprehensusvaletu·
1023 4040 1156 4110 Nothus,
1177 4041 1238 4094 dux
1258 4039 1497 4109 Northmanniae,
1521 4037 1657 4110 Angliam
1673 4034 1855 4108 sibisubju-

128 4123 212 4198 dine,
234 4126 312 4181 diem
334 4127 443 4182 claudit
462 4131 636 4183 extremam.
663 4128 733 4185 Post
748 4129 836 4202 cujus
853 4130 965 4184 obitum
1024 4130 1113 4202 gavit.
1130 4129 1190 4184 Alii
1203 4134 1300 4184 autem
1318 4127 1488 4200 progressi,
1507 4126 1657 4198 Apuliam,
1675 4124 1854 4194 Calabriam,

128 4216 254 4285 quatuor
268 4214 335 4287 ejus
350 4215 401 4270 tilii
416 4218 493 4289 apud
508 4217 701 4274 Fontanidum
711 4212 846 4291 campum
859 4218 965 4275 atroci·
1023 4218 1211 4290 Siciliamque
1233 4233 1426 4288 occupavere.
1451 4215 1556 4272 Carolc
1578 4215 1705 4286 denique
1723 4212 1855 4284 Simplici

47 4336 50 4341 ·
128 4304 265 4360 tarinter
285 4321 319 4361 se
340 4306 564 4362 dimicaverunt.
584 4308 615 4363 ln
637 4325 695 4380 quo
717 4309 795 4364 bello
816 4307 963 4377 Franciae,
1024 4308 1174 4363 successit
1202 4308 1369 4371 Rebar-ius,
1401 4306 1453 4378 qui
1476 4305 1530 4360 iuit
1554 4304 1669 4359 alienus
1697 4319 1714 4357 a
1741 4317 1855 4375 regno,

128 4393 236 4466 ltaliae,
260 4395 442 4467 Aquitaniae,
463 4397 638 4466 Alemaniae,
658 4397 811 4466 Saxoniae,
828 4398 963 4470 Burgun·
1023 4397 1217 4470 regnavitque
1240 4396 1326 4450 annis
1351 4396 1482 4461 duobus
1506 4399 1534 4448 ct
1558 4392 1686 4449 boberto
1707 4389 1858 4446 successit

128 4484 244 4557 diaeque
260 4501 364 4540 omncs
379 4502 454 4555 pene
465 4487 573 4542 milites
589 4486 877 4541 maluisvulneribus
894 4502 963 4541 sese
1025 4485 1171 4542 liedulfus
1182 4486 1307 4554 alienus,
1320 4485 1514 4557 regnavitque
1523 4481 1664 4537 tredecim
1672 4480 1769 4535 annis.
1781 4478 1855 4534 Posi

127 4575 275 4629 occidere.
288 4575 448 4630 Victoriam
463 4578 559 4630 umen
570 4575 694 4630 Carolus
706 4575 815 4630 Calvus
826 4575 961 4630 obtinuit.
1022 4575 1079 4631 hoc
1094 4575 1247 4630 reductum
1262 4576 1308 4629 est
1323 4589 1457 4645 regnum,
1475 4571 1668 4643 regnavitque
1684 4567 1855 4624 Ludovicus

127 4661 240 4719 Floruit
256 4664 342 4719 ctiam
358 4664 405 4719 his
421 4665 605 4736 temporibus
627 4663 826 4734 Theodotius,
848 4664 962 4720 Floriu—
1021 4664 1101 4719 filius
1116 4663 1227 4730 Caroli,
1246 4664 1294 4717 cui
1309 4661 1471 4726 successit,
1486 4659 1655 4728 lothariae,
1671 4661 1700 4713 et
1715 4656 1855 4712 liuthario

128 4753 262 4808 censium
277 4753 370 4808 abbas
391 4756 420 4808 et
441 4753 697 4809 Aurelianensium
720 4754 891 4825 episcopus.
907 4751 964 4818 Qui
1021 4752 1207 4822 Ludovicus,
1228 4755 1257 4806 at
1279 4750 1430 4806 liudovico
1454 4748 1578 4805 Carolus
1600 4746 1691 4802 irater
1706 4744 1789 4818 aius,
1804 4745 1855 4817 qui

128 4854 196 4895 cum
210 4840 398 4897 insimulatus
413 4842 513 4897 multia
529 4842 703 4898 criminibus
719 4843 795 4914 apud
810 4843 964 4915 imperato·
1020 4841 1157 4914 regnavit
1177 4856 1253 4895 anno
1275 4838 1434 4894 dimidiato.
1451 4838 1524 4894 Post
1544 4837 1601 4892 boc
1619 4835 1794 4891 translatum
1809 4834 1856 4890 est

127 4944 190 4985 ram
206 4928 389 4985 Ludovicum
405 4930 521 5001 luisset,
540 4932 718 5005 Andagavos
734 4931 902 5008 estflexsilio
917 4947 962 4987 re·
1020 4946 1146 5003 ragnum
1174 4929 1210 4983 ad
1241 4929 1407 4999 Hugonem.
1437 4927 1529 4982 Porro
1559 4924 1679 4998 Hngoni
1705 4924 1856 4979 successit

127 5017 255 5091 legatus.
283 5019 339 5073 Ubi
360 5020 429 5075 dum
446 5020 579 5075 custodia
599 5024 758 5090 teneretur,
784 5021 908 5093 contigit
931 5024 964 5077 ut
1021 5020 1182 5075 liebertus.
1206 5018 1264 5072 lste
1291 5017 1440 5072 liebertus
1465 5014 1519 5070 tuit
1542 5014 1724 5083 virbonus,
1747 5016 1776 5068 et
1797 5011 1855 5066 ilde

128 5108 232 5164 eodem
246 5108 293 5163 die
313 5108 479 5164 Palmarum
500 5109 615 5165 veniret
637 5108 699 5181 jam
718 5110 816 5166 dictus
832 5109 962 5180 impera-
1021 5106 1397 5177 catholicus,quisauctam
1409 5100 1854 5173 Ecclesiam,atecclesiasticos

127 5199 183 5252 tor.
200 5197 235 5252 Et
249 5197 319 5253 dum
334 5213 423 5253 secus
435 5197 563 5268 domum,
576 5213 633 5269 qua
648 5199 871 5253 custodiebatur
884 5198 963 5254 idem
1019 5197 1102 5251 viros
1131 5211 1250 5266 semper
1273 5192 1384 5249 studuit
1407 5194 1553 5248 bonorare
1577 5194 1606 5247 et
1630 5189 1770 5245 exaltare.
1800 5187 1856 5242 llic

126 5285 326 5357 Theudalius,
343 5288 497 5358 processio
520 5286 727 5358 pertransiret,
751 5286 828 5341 iacto
844 5286 962 5342 silentio
1020 5286 1108 5341 etiam
1119 5281 1434 5351 condiditllcclesiam,
1447 5278 1721 5352 proecipuoCbristi
1733 5277 1856 5332 contes-

127 5380 275 5448 praaseute
303 5377 480 5447 imperatore
504 5375 571 5430 illos
596 5375 813 5446 pulcherrimos
837 5391 961 5446 versus,
1021 5375 1180 5445 seriquem
1192 5370 1518 5452 multumdiligebat,et
1533 5367 1856 5425 summovenerabatur

128 5466 178 5538 qui
193 5481 272 5522 nunc
287 5480 382 5538 usque
398 5481 452 5536 per
469 5464 592 5520 Galliam
612 5464 642 5518 in
657 5465 759 5520 eadem
775 5464 961 5520 solemnitate

127 5554 304 5627 psalluntur,
321 5570 336 5607 a
351 5570 385 5608 se
401 5554 497 5608 editos
517 5568 571 5624 per
593 5552 754 5609 fenestram
779 5554 960 5624 decantavit,

128 5656 253 5720 gaiorum
269 5643 326 5698 boc
341 5645 387 5698 ast
406 5641 570 5699 exordium.
596 5641 711 5708 Gloria,
732 5641 806 5710 laus,
825 5646 855 5700 at
868 5643 963 5702 bonor

1020 5463 1134 5520 honore
1148 5462 1262 5517 Avieno
1274 5461 1302 5514 iu
1314 5460 1441 5515 civitatis
1458 5457 1683 5515 Aurelianensis
1698 5455 1853 5512 suburbio.

1023 5553 1093 5608 Post
1107 5551 1186 5607 hunc
1202 5550 1321 5605 luerunt
1335 5548 1382 5604 isti
1400 5548 1557 5616 Henricus,
1571 5546 1736 5617 Philippus,
1753 5544 1851 5599 Ludo·

1020 5642 1106 5696 vicus
1120 5639 1264 5711 Grossus,
1280 5637 1452 5696 Ludovicus
1467 5635 1583 5708 tunior,
1600 5636 1629 5690 et
1644 5632 1811 5708 Philippus.
