3796 6022
130 293 189 358 671
517 294 736 361 APPENDIX
757 300 815 361 AD
838 298 1029 364 HUGONIS
1052 299 1195 364 OPERA
1219 300 1484 366 DOGMATICA.
1801 304 1862 368 672

134 494 213 549 hunc
228 497 346 550 modum
365 497 394 551 in
420 496 611 551 aedificatione
635 499 736 568 patriae
759 500 889 554 coelestis
912 479 1008 554 triaA
1025 500 1124 569 tionis,
1141 505 1220 555 etex
1237 501 1374 557 felicitate
1390 518 1527 572 supernre
1536 502 1662 557 visionis
1679 503 1726 557 his
1743 503 1857 560 filiabus

135 584 369 653 considerantur,
387 587 542 655 separatio,
558 587 668 656 politio,
682 589 797 658 positio.
815 589 966 659 Separatio
1024 589 1153 644 dieitur:
1174 590 1364 661 lipredimini
1385 590 1420 644 ad
1445 593 1613 646 Creatorem
1627 595 1772 660 vestrum,
1793 594 1858 664 quia

136 675 182 728 est
192 673 328 739 violenta,
346 673 446 742 politio
462 677 641 746 purgatoria,
655 677 761 747 positio
771 682 889 732 aeterua.
901 678 966 732 Pri·
1022 678 1133 732 videnti
1142 678 1441 750 Creatoremnngustn
1451 681 1601 734 estomnis
1613 684 1757 734 creatura.
1771 681 1858 752 Egre-

136 776 214 813 mum
236 760 326 813 estin
348 763 483 832 angustia
500 767 528 817 et
543 764 718 835 astiietione3
743 768 915 833 secundum,
938 767 966 820 in
1024 766 1125 820 dimini
1140 768 1174 819 nd
1192 767 1383 835 salvatorem,
1400 769 1467 838 quia
1494 768 1557 837 ipse
1574 768 1667 822 dicrt:
1690 769 1770 822 Ecce
1787 785 1857 822 nora

136 846 273 916 patientia
290 853 317 902 et
333 853 567 922 exspectatione3
584 855 709 923 tertium,
728 857 756 908 in
773 855 865 924 gioria
882 859 910 909 et
921 871 969 909 ex·
1024 853 1102 908 mein
1115 855 1210 908 carnin
1226 857 1327 926 (ripas.
1345 856 1416 919 xxi).
1431 855 1610 926 Egredimiui
1623 856 1658 909 ad
1669 855 1857 928 gloriticntic-

137 935 303 991 sultatione.
321 938 378 992 Per
392 940 516 1009 primum
533 943 678 996 cribratur
693 943 780 997 homo
796 944 873 997 sicut
892 944 967 997 triti·
1024 959 1100 1012 nem,
1118 944 1185 1013 quia
1201 944 1324 998 dicitur:
1342 944 1484 998 Satinbnr
1501 961 1564 997 cnm
1579 952 1752 1016 apparuerit
1766 945 1857 1017 pieria

137 1040 221 1094 cum,
252 1025 281 1079 in
302 1029 432 1082 serundo
450 1031 632 1085 examinatur
648 1032 725 1085 sicut
744 1036 914 1103 argentum,
939 1032 968 1086 in
1030 1038 1079 1085 tua
1095 1032 1189 1099 (isal.
1202 1032 1272 1090 xvrt.
1286 1032 1425 1103 Sequitur
1442 1048 1447 1087 :
1464 1033 1504 1086 Et
1524 1033 1622 1087 videte
1638 1034 1724 1088 oculo
1740 1035 1858 1089 rationis

134 1114 221 1167 tertio
236 1114 355 1183 ponitur
370 1117 399 1170 in
415 1116 596 1189 thesaurum,
610 1120 756 1191 siquidem
777 1121 835 1173 vivi
856 1121 968 1190 lapides
1024 1119 1172 1174 Crantoris
1188 1121 1278 1174 vestri
1289 1120 1457 1190 potentiam,
1470 1121 1555 1175 oculo
1571 1121 1639 1176 fldei
1652 1121 1855 1192 liedemptoris

137 1202 216 1271 sunt,
233 1218 309 1273 quos
325 1206 460 1273 praevidit
475 1208 554 1261 Deus
570 1209 634 1262 fieri
650 1208 818 1263 conformes
831 1207 895 1262 Filii
908 1210 969 1262 cla·
1026 1208 1117 1261 vestri
1134 1206 1327 1276 clementiam,
1346 1209 1431 1263 oculo
1457 1209 1712 1279 contemplationis
1729 1211 1857 1266 coelestis

135 1288 230 1344 nitatis
246 1307 318 1346 suae.
339 1293 373 1346 Ηί
385 1295 452 1349 ιΙιιιιι
470 1301 538 1350 sunt
554 1298 583 1350 in
599 1313 732 1367 corpore,
749 1298 834 1368 quusi
851 1298 880 1351 in
895 1296 970 1367 lapi-
1026 1296 1130 1366 sponsi
1146 1297 1279 1368 gloriam.
1298 1298 1410 1369 Regem
1425 1298 1539 1351 scilicet
1550 1303 1672 1366 naturae,
1684 1315 1719 1353 ne
1732 1302 1857 1369 tempora

139 1377 193 1432 dea
208 1396 306 1434 massa
323 1387 401 1437 sunt.
419 1385 512 1438 Moles
534 1386 611 1439 euim
627 1387 761 1456 corporis
783 1387 971 1441 tenacissime
1026 1385 1056 1438 in
1073 1385 1195 1439 nihilum
1224 1386 1396 1458 redigantur
1416 1387 1536 1458 gratiae,
1554 1390 1584 1440 ut
1603 1387 1734 1441 ordinate
1757 1404 1857 1442 sucre-

137 1470 244 1537 premit
259 1473 287 1523 et
302 1476 393 1525 arctat
408 1475 475 1543 quin
492 1491 596 1546 corpus
616 1477 690 1547 prrod
705 1476 904 1546 corrumpitur
918 1493 971 1547 ap·
1028 1474 1096 1527 dent
1111 1490 1231 1529 munera
1247 1476 1360 1545 gratiae,
1374 1475 1487 1547 gloriae,
1501 1477 1532 1528 ut
1543 1475 1590 1529 hic
1601 1475 1647 1530 vel
1663 1476 1698 1529 nd
1716 1476 1857 1530 modicum

137 1564 245 1626 gravat
260 1560 395 1627 animam,
413 1566 468 1616 etr.
486 1563 566 1634 (Sap.
584 1565 634 1632 rx).
648 1565 692 1617 Ab
708 1564 763 1619 hnc
786 1562 974 1625 desiderabat
1028 1562 1208 1632 praelibetur,
1226 1563 1294 1616 alibi
1310 1564 1345 1617 ad
1366 1563 1484 1634 plenum
1500 1567 1731 1618 consummetur.
1752 1566 1857 1636 Regem

138 1644 269 1700 abstrahi
286 1649 336 1719 qui
352 1648 576 1716 dicebatzQuis
591 1668 637 1707 me
653 1653 840 1708 liberabitde
851 1670 974 1724 corpore
1028 1650 1058 1704 in
1078 1651 1197 1719 mundo,
1219 1666 1320 1722 regem
1348 1653 1377 1705 in
1407 1652 1538 1719 inferno,
1560 1668 1661 1723 regem
1677 1652 1706 1706 in
1730 1651 1857 1708 coelo.ln

138 1736 245 1789 mortis
260 1737 540 1810 bajusltllommv).
551 1742 648 1796 Multis
659 1742 909 1797 concussionibus
920 1758 972 1797 ne·
1028 1739 1143 1793 inferno
1159 1742 1302 1793 tormenta
1322 1740 1460 1809 disponit,
1480 1742 1508 1794 in
1525 1742 1633 1795 mundo
1644 1742 1748 1795 merita
1763 1742 1857 1795 distri-

137 1837 224 1877 cesse
239 1828 284 1878 est
308 1843 364 1880 nos
379 1828 497 1900 agitari,
524 1833 553 1883 ut
576 1831 642 1885 inde
658 1832 847 1886 extrahamur
862 1832 969 1886 idonei.
990 1789 1014 1850 B
1029 1828 1101 1896 buit,
1118 1828 1148 1880 in
1166 1828 1240 1882 coelo
1252 1830 1371 1897 praemia
1383 1829 1770 1900 1'edclit.Videtcergo,bliae
1782 1830 1855 1897 Sion,

138 1910 201 1965 Per
210 1913 317 1968 nrultns
325 1916 402 1973 enim
413 1918 622 1973 tribulationes
630 1926 806 1990 oportetnos
814 1921 931 1974 intrare
940 1921 970 1974 in
1029 1916 1110 1988 regis
1126 1917 1217 1970 vestri
1234 1917 1310 1986 apud
1330 1917 1441 1971 inferos
1466 1922 1622 1987 terrorem,
1646 1919 1675 1970 iu
1691 1919 1799 1973 mundo
1815 1919 1854 1987 ip-

137 2016 261 2072 repnum
276 2003 332 2058 Dei
346 2006 425 2073 (Aet.
442 2009 512 2076 xiv).
535 2008 576 2062 De
590 2009 699 2079 quihus
720 2013 840 2079 experto
861 2010 970 2064 credite
1028 2005 1093 2058 sius
1108 2021 1248 2074 amorem,
1264 2006 1294 2058 in
1311 2006 1385 2059 coelo
1400 2005 1552 2060 honorem.
1571 2007 1654 2076 hpud
1675 2006 1789 2061 inferos
1805 2008 1854 2060 im-

136 2090 243 2146 dicenti
261 2108 266 2147 :
284 2093 316 2146 ln
337 2094 449 2166 vigiliis
463 2096 572 2153 multis.
587 2098 616 2150 in
636 2097 790 2151 laboribus
805 2115 893 2169 supra
909 2115 970 2152 mo·
1026 2093 1092 2164 pios
1108 2095 1211 2163 premit
1227 2093 1428 2165 ejusjustitia,
1442 2095 1471 2148 in
1482 2096 1854 2166 muudopoeuitentesregit

135 2179 202 2236 dum
213 2181 261 2234 :in
277 2181 717 2255 tanneetsiti,etc.(llCor.x1).
732 2186 771 2240 ile
781 2187 913 2241 molestia
924 2203 972 2240 au·
1026 2182 1240 2236 misericordia.
1257 2183 1286 2236 iu
1301 2184 1376 2237 coelo
1392 2183 1549 2254 diligentes
1562 2183 1681 2237 felicitat
1697 2185 1801 2256 gloria.

137 2271 194 2324 tem
211 2271 407 2340 separationis
421 2271 517 2327 audite
530 2274 715 2329 Psalmistam
734 2291 739 2328 :
758 2274 970 2330 Girrnmdodc-
1086 2272 1147 2325 Trr.
1167 2271 1239 2324 Lt'i.
1256 2273 1300 2324 Dc
1316 2273 1500 2341 opacabant*
1516 2289 1611 2327 suerro
1626 2273 1800 2344 Scriptura·¹

135 2364 206 2412 runt
221 2376 266 2413 me
285 2361 413 2431 gemitus
425 2363 634 2431 urortisffsnl.
653 2365 743 2432 cmvi.
761 2363 851 2428 Quam
867 2363 969 2418 intole·
1062 2359 1097 2413 Si
1108 2361 1276 2413 intraveris
1286 2363 1417 2428 segetem
1425 2361 1556 2431 proximi
1566 2369 1607 2414 tur
1623 2361 1748 2430 benges
1765 2363 1855 2432 spiras

135 2448 239 2503 rabilis
259 2450 297 2503 sil
317 2451 373 2504 ista
396 2452 552 2520 separatio,
570 2453 685 2521 qnando
710 2452 877 2521 physicales
899 2452 968 2506 nodi
1026 2448 1852 2519 etrnanucontines,-bilrrmutcmnonnrrtes(l)eat.xxnrt,

135 2538 297 2607 solventur,
319 2542 346 2592 et
362 2541 590 2608 proportionalia
602 2541 727 2603 vincula,
745 2541 774 2593 in
789 2541 864 2594 libro
881 2557 969 2610 expe
1025 2536 1081 2590 hoc
1098 2540 1142 2590 est
1157 2536 1268 2590 evelles
1285 2538 1446 2590 sententias
1464 2553 1551 2591 manu
1563 2538 1776 2609 intelligentiae,
1789 2554 1854 2590 con-

134 2628 247 2682 rientiae
263 2627 370 2699 legitur
386 2628 434 2699 qni
451 2628 487 2681 ab
501 2629 882 2694 hutonionoluitsuscitari,
902 2645 968 2681 oum
1025 2627 1104 2678 teres
1130 2641 1254 2695 granum
1271 2625 1307 2677 ab
1327 2627 1427 2691 arista,
1446 2627 1581 2694 spiritum
1602 2641 1764 2680 secernens
1779 2643 1794 2679 a
1811 2627 1853 2680 lit·

135 2719 282 2786 oporteret
299 2718 402 2771 iterum
419 2718 502 2772 mori.
518 2718 587 2771 Post
599 2718 674 2771 hanc
688 2718 903 2786 separationem
918 2718 968 2787 qui
1025 2712 1199 2766 teraFalee
1220 2716 1316 2766 autem
1345 2729 1403 2766 non
1433 2718 1536 2781 mcteS,
1559 2714 1698 2785 quodest
1723 2714 1808 2768 tacite
1830 2717 1854 2767 et

134 2807 231 2859 statim
243 2806 429 2860 inveniantur
444 2806 540 2860 idonei
556 2807 644 2875 (sicut
667 2806 773 2860 beatus
790 2806 968 2860 Benedictus
1025 2802 1123 2854 suhito
1140 2801 1476 2856 librumtranscurrere.
1501 2801 1616 2856 Sufficit
1637 2818 1749 2872 paucos
1766 2804 1855 2855 maui-

132 2893 179 2948 cui
195 2896 241 2947 vin
253 2895 287 2948 nd
304 2895 465 2949 roelosvisa
478 2895 619 2964 estquod
631 2910 728 2948 rarum
739 2894 965 2957 estlsublcvnn-
1024 2890 1111 2958 pulos
1126 2906 1179 2959 per
1199 2890 1262 2944 dies
1280 2889 1430 2961 colligere.
1446 2891 1519 2945 Sunt
1527 2891 1576 2961 qui
1588 2890 1662 2944 falce
1672 2893 1793 2957 metunt,
1808 2890 1854 2960 qui

129 2984 186 3037 tur.
203 2983 258 3047 Qui
272 2999 343 3038 vero
355 2999 422 3037 curn
437 2983 528 3055 ligno,
545 2983 612 3038 feno
628 2987 656 3037 ct
671 2983 778 3053 stipula
800 2985 963 3052 transeunt,
1024 2981 1116 3033 totum
1132 2979 1230 3032 subito
1247 2979 1352 3032 librum
1369 2979 1503 3050 legentes
1524 2979 1595 3032 nihil
1617 2979 1792 3050 intelligunt.
1810 2979 1855 3031 In-

126 3070 157 3125 in
172 3073 343 3143 purgatorio
359 3072 508 3142 poliuntur
523 3072 552 3139 (I
564 3073 631 3127 Gor.
649 3071 700 3142 ιιι).
718 3072 816 3126 Unde:
832 3072 867 3125 Si
882 3072 965 3143 orpus
983 3091 1008 3154 c
1023 3082 1147 3137 pressus
1166 3067 1278 3121 vineam
1287 3068 1417 3138 prorimi
1434 3068 1485 3133 tui,
1503 3067 1532 3121 id
1547 3070 1592 3122 est
1606 3067 1788 3137 scripturam
1805 3066 1854 3120 Dei

68 3202 86 3218 .
128 3160 963 3238 ppusnrseritquodsupcraediticnvit,uicinalemacei—
1022 3156 1073 3223 ίῦἰ,
1091 3156 1227 3209 comdiis
1252 3172 1332 3219 uvas,
1355 3156 1383 3208 ld
1402 3159 1448 3209 &Sl
1468 3155 1630 3210 sententias
1648 3153 1856 3226 prinntumtibl

126 3249 189 3321 piet
201 3249 301 3319 (ibid.)
310 3250 380 3303 Post
390 3250 558 3320 politionem
568 3251 876 3318 autemsastolluntur,
887 3251 963 3303 suis·

126 3353 182 3407 que
198 3341 333 3408 aptantur
355 3338 430 3392 locis
446 3355 499 3409 per
521 3355 639 3392 manum
660 3338 781 3392 artificis
804 3339 832 3392 d.
849 3354 877 3407 p.
895 3339 913 3392 i.
932 3354 957 3391 e.

128 3425 205 3496 (sir).
222 3426 298 3482 Sa'ue
314 3427 377 3481 haec
393 3427 447 3480 tria
462 3427 590 3499 singulis
605 3427 691 3481 anuis
701 3429 895 3496 repraesentat
907 3425 961 3479 Ec-

128 3516 228 3570 clesia.
247 3516 278 3569 ln
295 3516 395 3587 vigilia
406 3515 540 3569 Omnium
549 3515 723 3570 Sanctorum
733 3515 958 3585 separationem,

127 3603 156 3658 in
168 3605 325 3658 festivitate
334 3604 520 3673 positionem,
531 3604 560 3657 in
569 3602 709 3657 memoria
720 3607 900 3656 mortuorum
908 3619 960 3672 po·

127 3693 267 3748 titionem.
281 3692 351 3746 Dies
361 3692 629 3763 enimjcjuniorum
640 3691 703 3744 dies
719 3692 765 3745 est
778 3690 958 3745 afflictionis.

130 3781 233 3837 Unde:
251 3782 355 3836 Prima
371 3782 420 3837 die
434 3781 553 3852 septimi
567 3780 679 3834 mensis
689 3778 835 3850 affligetis
847 3780 962 3834 animas

130 3872 369 3940 vestras(Lerit.
387 3871 481 3937 xxm).
499 3870 569 3923 Dies
585 3885 654 3923 vero
671 3869 813 3923 solemnis
828 3886 894 3941 quae
910 3885 961 3924 se-

127 3958 237 4028 quitur,
253 3958 463 4028 plenitudinem
478 3957 577 4029 gaudii
589 3957 786 4028 significantia
797 3974 855 4029 quo
867 3958 962 4013 snucti

126 4044 250 4100 Domino
260 4047 503 4118 scenopegiznnt:
521 4047 618 4101 Tertio
629 4047 770 4101 memoria
781 4049 961 4102 mortuorum

126 4133 233 4205 egitur,
250 4137 281 4188 ut
296 4135 315 4188 ii
331 4136 382 4205 qui
397 4136 426 4189 in
437 4135 607 4208 purgatorio
617 4135 775 4206 poliuntur,
787 4152 882 4205 poenae
892 4152 962 4190 con·

126 4225 289 4294 sequnntur
313 4223 538 4293 absolutionem,
562 4224 608 4279 vel
623 4240 718 4294 poenae
740 4224 960 4296 mitigationem.

127 4311 163 4367 Et
178 4313 222 4367 sic
237 4313 291 4367 tria
307 4316 500 4383 representat
515 4312 649 4367 Ecclesia
667 4314 744 4368 cirrn
762 4329 844 4383 spem
858 4313 962 4367 heato-

1018 3243 1166 3315 placuerit
1178 3264 1186 3306 ,·
1204 3245 1286 3298 sorus
1310 3251 1406 3298 antem
1432 3262 1487 3298 non
1509 3243 1621 3298 efferas
1637 3250 1730 3296 terrun
1755 3243 1853 3305 tinini,

1021 3334 1089 3402 quia
1105 3349 1164 3388 non
1180 3338 1226 3387 est
1250 3334 1376 3386 dandum
1394 3337 1527 3386 sanctum
1551 3332 1675 3386 canibus
1696 3347 1793 3403 neque
1808 3347 1855 3402 po·

1021 3422 1126 3476 neudae
1143 3423 1309 3493 margaritae
1325 3425 1393 3475 ante
1408 3438 1517 3491 porcos
1529 3422 1648 3487 tllnttb.
1664 3421 1729 3474 vul.

1020 3509 1190 3573 Frumento,
1228 3512 1294 3564 rino
1310 3516 1339 3563 et
1354 3510 1416 3564 oleo
1436 3510 1540 3564 stabili
1546 3511 1574 3563 vi
1586 3526 1649 3563 eum
1661 3508 1744 3570 (Gen.
1757 3518 1855 3576 xxva).

1020 3598 1124 3652 Divina
1139 3599 1290 3668 Scriptura
1306 3600 1335 3652 ia
1364 3599 1541 3669 quibusdam
1562 3597 1636 3653 locis
1666 3597 1751 3668 quasi
1772 3596 1856 3667 panis

1020 3686 1139 3740 difficile
1155 3688 1261 3754 editur,
1283 3688 1313 3740 in
1342 3687 1519 3757 quibusdam
1541 3687 1617 3740 sicut
1646 3685 1746 3739 vinam
1772 3684 1855 3738 facile

1020 3776 1168 3843 sorbetur,
1187 3777 1215 3829 in
1227 3776 1364 3830 omnibus
1373 3775 1710 3846 quasimedicamentum
1722 3776 1751 3828 et
1760 3773 1855 3828 oleum

1020 3864 1136 3933 animae,
1153 3865 1221 3918 dum
1238 3865 1374 3934 sumitur,
1387 3864 1529 3918 medetur.

1020 3968 1082 4024 Trr.
1093 3970 1181 4025 LVll.
1198 3971 1404 4043 Prhnopenitn
1421 3970 1555 4025 dirersis
1569 3969 1665 4024 rnodis
1680 3984 1749 4023 esse
1764 3967 1821 4022 Dei
1828 3972 1855 4021 et

1341 4060 1537 4114 sacerdotnm.

1056 4145 1158 4202 Omnia
1175 4148 1369 4220 primogenita
1385 4149 1414 4201 in
1431 4146 1497 4219 lege
1513 4149 1583 4200 suut
1597 4144 1787 4200 secerdotum
1801 4145 1854 4197 im-

1020 4236 1128 4290 munda
1152 4237 1354 4305 redimuntur,
1375 4237 1480 4291 munda
1510 4251 1582 4297 uon,
1606 4235 1658 4289 sed
1683 4232 1853 4287 olleruntnr.

1019 4322 1149 4400 Quorum
1161 4325 1285 4396 sanguis
1297 4341 1388 4395 super
1397 4324 1487 4378 altare
1500 4323 1640 4390 funditur,
1651 4321 1854 4392 pectusculum

125 4418 201 4472 rum,
219 4403 296 4457 unde
307 4404 468 4479 transeunt,
487 4405 515 4457 el
530 4418 587 4473 (1¹1⁸
598 4405 760 4471 lt'flssseffltl,
773 4404 960 4473 elqu⁰l¹'⁸ss·
977 4397 1004 4457 D
1020 4417 1047 4466 et
1063 4429 1163 4466 armus
1183 4416 1229 4467 est
1257 4414 1444 4467 sacerdotum
1469 4412 1567 4482 (Num.
1589 4413 1672 4480 xvir),
1697 4410 1765 4481 quio
1782 4410 1853 4463 bdes

126 4491 325 4566 seunt.,Unde
341 4494 502 4560 transeunt,
519 4492 587 4563 quin
602 4491 638 4545 nh
663 4491 718 4544 hac
735 4490 854 4544 miseria
874 4506 880 4544 t
903 4506 961 4560 qua

125 4585 289 4651 transeunt,
299 4581 366 4652 quin
382 4597 435 4651 per
445 4596 559 4652 paenam
575 4584 603 4634 et
617 4580 818 4651 purgatorium
832 4594 838 4633 :
852 4581 880 4632 et
890 4594 958 4649 quo,

124 4673 192 4742 quia
203 4671 239 4725 ad
251 4670 401 4726 coelestem
418 4669 593 4736 ierusalem,
612 4669 695 4740 erp'us
706 4666 907 4739 participatio,
930 4665 959 4719 id

125 4764 171 4815 est
186 4759 326 4814 hahitatio
343 4765 387 4813 est
402 4758 433 4812 in
445 4759 572 4829 idipsum
583 4757 678 4825 (Psnl.
695 4758 786 4825 cxxi),
808 4756 837 4809 id
852 4758 898 4809 est
912 4755 959 4808 in-

123 4847 275 4902 variabile.
296 4847 432 4901 Omnium
447 4849 524 4902 enim
550 4847 606 4901 sub
628 4846 692 4900 sole
713 4845 864 4899 diversum
890 4859 958 4898 esse

122 4938 186 5003 θεῖς
202 4935 342 4990 habitatio
356 4950 427 4990 vero
440 4935 583 4990 Ecclesiae
595 4934 727 4989 coelestis
736 4937 781 4988 est
792 4933 822 4990 in
833 4947 868 4988 eo
880 4932 958 5003 quod

123 5025 169 5079 est
183 5023 320 5095 idipsum.
337 5023 369 5078 lu
384 5023 482 5094 cujus,
499 5025 555 5078 etc.

121 5129 183 5185 Trr.
200 5128 260 5184 LV.
274 5129 318 5184 De
332 5128 500 5183 nominibus
512 5128 640 5183 bliarum
656 5128 714 5183 Dei
730 5133 759 5182 et
775 5125 887 5182 diaboli
902 5145 911 5180 .·
928 5131 958 5180 et

279 5234 404 5291 opressa
419 5234 519 5273 earum
535 5217 572 5271 ad
589 5232 692 5288 regem
711 5233 804 5270 suum.

157 5306 239 5362 Sicut
267 5322 408 5378 perversa
436 5306 532 5359 anima
560 5303 667 5359 dicitur
694 5304 753 5358 filia
774 5303 879 5372 maris,
898 5303 956 5356 blia

121 5396 201 5468 Tyri,
211 5396 270 5451 iilia
285 5395 415 5460 Sidonis,
427 5393 486 5447 illia
496 5391 666 5462 Babylonis
679 5392 813 5461 exposita
823 5391 953 5460 vanitati,

121 5485 273 5555 voluptati,
295 5481 468 5550 curiositati,
479 5481 514 5533 'et
528 5479 666 5534 omnihus
680 5479 771 5546 vitiis,
797 5480 842 5533 sic
857 5479 953 5534 fidelis

121 5573 229 5628 dicitur
243 5571 301 5625 fllia
317 5568 403 5638 duda,
418 5567 478 5622 fllia
489 5567 570 5636 Sion,
583 5566 642 5620 fllia
657 5567 833 5621 ierusalem.
842 5567 886 5621 Ex
897 5567 954 5621 hu-

119 5659 241 5727 militate
256 5655 502 5728 compunctionis,
518 5669 556 5711 ex
571 5653 751 5712 sublimitate
770 5653 951 5730 contempla-

1019 4501 1206 4555 sacerdotum
1236 4502 1399 4555 ministerio
1423 4501 1481 4555 ileo
1511 4499 1642 4554 offertur.
1665 4499 1760 4553 Aliter
1778 4498 1853 4554 enim

1019 4605 1105 4643 nemo
1120 4589 1292 4658 baptizatur,
1310 4590 1368 4643 nisi
1384 4589 1466 4658 prius
1478 4589 1552 4643 tides
1563 4604 1630 4659 quae
1647 4591 1693 4641 est
1707 4587 1852 4658 primoge-

1017 4677 1109 4731 nitum
1121 4678 1328 4732 sacerdotibus
1338 4676 1486 4731 offeratur.
1499 4676 1682 4730 immundum
1691 4675 1850 4740 redimitur,

1018 4766 1155 4836 quoniam
1172 4767 1266 4820 anima
1283 4767 1388 4820 violata
1405 4765 1585 4836 poenitentiae
1596 4764 1690 4834 pretio
1706 4767 1851 4817 restaura·

1015 4857 1071 4909 tur.
1091 4855 1197 4909 Munda
1213 4871 1270 4909 uon
1288 4854 1479 4922 redimuntur,
1493 4855 1560 4924 quin
1577 4853 1655 4924 quod
1671 4852 1798 4907 liberum
1809 4852 1851 4904 est

1016 4943 1215 5013 redemptione
1236 4959 1294 4997 nou
1310 4943 1432 5014 indiget.
1444 4942 1573 5013 Sanguis
1585 4957 1677 5011 super
1686 4940 1778 4994 altare
1788 4940 1849 4994 lun·

1015 5031 1102 5086 ditur.
1118 5031 1325 5086 Pectusculum
1337 5037 1366 5085 et
1382 5046 1483 5084 nrrnus
1493 5036 1562 5084 sunt
1572 5028 1769 5092 sacerdotum,
1779 5043 1847 5099 quo·

1015 5122 1093 5175 niam
1109 5121 1153 5175 sic
1169 5121 1205 5174 ad
1221 5136 1273 5175 eos
1297 5121 1421 5190 pertinet
1434 5119 1567 5189 ipsorum
1590 5118 1667 5171 vitns
1682 5117 1842 5187 praedicare

1013 5212 1045 5264 ut
1060 5209 1184 5263 consilia
1199 5209 1268 5263 dare
1280 5211 1405 5263 etonern
1421 5211 1539 5279 portare
1551 5207 1712 5261 sufiiciunt.

1012 5299 1074 5354 Trr.
1086 5299 1187 5354 LVlll.
1202 5299 1244 5353 De
1261 5298 1432 5352 heritarum
1439 5296 1648 5369 purificatione
1657 5302 1687 5350 et
1698 5294 1808 5351 officiis
1817 5293 1846 5347 in

1240 5393 1338 5459 typum
1354 5386 1430 5440 cleri
1446 5385 1623 5439 Christiani.

1049 5477 1264 5546 PraecipIuntur
1285 5475 1394 5530 lavitae
1409 5474 1470 5529 tolli
1487 5474 1523 5528 de
1548 5473 1644 5528 medio
1661 5473 1789 5528 filiorum
1806 5472 1864 5525 ls·.

1012 5562 1847 5635 rael,purillcnri,aqualustrationisaspergi,omuespilos

1013 5653 1148 5728 eorporis
1159 5652 1264 5708 redere
1279 5651 1380 5722 (Num.
1396 5651 1469 5723 vm).
1486 5649 1784 5725 significaturnutem
1800 5664 1850 5722 per
