3796 6022
133 266 191 332 1-91
509 263 729 329 APPENDIX
750 261 808 326 AD
830 261 1021 351 HUGONIS
1047 263 1190 329 OPERA
1211 264 1480 328 DOGMArrcA.
1794 261 1856 327 192

1604 445 1847 458 σ-ι-υ-ιι-

1604 463 1846 474 ι--η--ο--ι

330 627 928 760 EXGERPTlONUM
984 620 1657 756 ALLEGOllllhlllUll

747 899 960 1013 LlBlll
1039 898 1233 1013 XXlll

173 1130 254 1192 Cum
281 1129 413 1192 scholiis
439 1128 558 1192 domini
584 1129 719 1194 Thomas
747 1127 898 1194 Garzonii
927 1148 947 1190 a
976 1126 1216 1209 Bagnacaballo
1245 1126 1380 1193 caenobii
1404 1128 1435 1188 S.
1456 1125 1593 1190 Victoris
1617 1124 1814 1190 parisiensis

919 1225 1074 1308 theologi.

909 1421 1079 1433 -ι--ιο

839 1602 1151 1692 PROLOGUS

173 1797 293 1868 Accipe,
312 1797 487 1852 charissime
500 1793 598 1866 irater,
612 1797 841 1869 Excerplionum
858 1814 965 1853 munus
981 1798 1059 1870 quod
1075 1798 1242 1869 postulasti.
1255 1798 1392 1853 iuvenies
1405 1799 1434 1852 iu
1449 1813 1484 1852 eo
1501 1796 1591 1851 multa
1606 1812 1643 1851 ex
1654 1794 1753 1850 multis
1770 1795 1855 1851 libris

138 1868 271 1937 collecta,
288 1869 317 1922 in
333 1885 420 1922 unam
445 1869 554 1924 seriem
570 1869 702 1924 ordinate
721 1870 875 1941 disposita,
893 1869 951 1924 sihi
972 1874 1059 1940 prout
1081 1870 1154 1924 ratio
1174 1886 1316 1924 sensmrm
1333 1870 1462 1940 postulat
1476 1868 1670 1936 cohaerentia,
1688 1869 1856 1922 continuata

137 1943 166 1995 et
181 1954 324 2005 connexa,
341 1939 508 1995 dilectionis
523 1944 582 1995 tuoe
597 1941 696 1995 stadio
711 1942 784 1996 satis
800 1942 892 1996 utilia.
909 1941 1067 1996 Sacrorum
1082 1956 1209 2012 namque
1226 1941 1368 1995 librorum
1384 1941 1497 1995 fertiles
1514 1955 1605 2011 agros
1620 1938 1819 2009 pervolantes,
1830 1943 1859 1994 et

138 2027 176 2066 ex
196 2011 240 2065 eis
262 2011 369 2081 optima
389 2027 516 2082 quaeque
536 2013 725 2083 colligentes,
743 2030 835 2085 pauca
856 2013 903 2068 vel
922 2012 1001 2067 nulla
1020 2013 1200 2082 simplicitati
1216 2017 1273 2067 tuae
1289 2028 1384 2067 sacrae
1405 2013 1565 2082 Scripturas
1581 2011 1736 2065 lectionem
1756 2010 1857 2082 ingre-

137 2082 228 2137 dienti
242 2082 413 2137 necessaria
424 2084 685 2152 praetermittimus
698 2084 755 2139 Per
764 2085 829 2140 haeo
840 2088 946 2153 autem,
959 2099 1026 2155 ques
1038 2084 1209 2149 scribimus
1222 2100 1277 2138 nec
1288 2083 1497 2154 grammaticos
1509 2082 1626 2149 (locere,
1640 2097 1694 2136 neo
1706 2081 1856 2151 sapientes

138 2153 275 2208 volumus
292 2153 419 2221 erudire,
432 2153 486 2208 sed
501 2158 558 2209 tuae
574 2155 716 2226 petitioni,
727 2159 777 2211 tuo
792 2156 941 2210 desiderio
953 2155 1090 2210 volumus
1106 2154 1290 2219 satisfacere,
1302 2157 1444 2226 tuumque
1459 2154 1589 2208 studium
1605 2155 1634 2206 in
1652 2151 1758 2207 melius
1774 2153 1857 2222 adju·

137 2240 218 2278 vare.
235 2224 293 2279 Sed
309 2227 337 2278 et
353 2224 409 2279 boc
424 2225 475 2278 tibi
490 2229 591 2280 notum
606 2242 675 2280 esse
690 2227 837 2295 volumus,
856 2228 934 2298 quod
951 2226 986 2281 de
1003 2226 1060 2292 his,
1078 2242 1145 2296 quae
1160 2226 1212 2279 tibi
1229 2227 1400 2295 scribimus,
1418 2226 1507 2280 uobis
1523 2225 1648 2296 gloriam
1666 2240 1724 2277 non
1741 2223 1855 2291 damus,

138 2295 192 2351 sed
217 2294 293 2363 Deo,
310 2299 338 2350 et
361 2297 473 2350 sanctis
494 2297 677 2364 doctoribus,
694 2313 731 2351 ex
756 2314 881 2369 quorum
906 2298 992 2352 libris
1015 2314 1050 2352 ea
1069 2298 1263 2368 sumpsimus,
1282 2298 1350 2353 licet
1369 2297 1458 2351 multa
1478 2312 1633 2366 ponamus,
1651 2311 1717 2367 quoe
1738 2295 1856 2365 proprio

138 2382 231 2422 sensu
242 2367 449 2439 cogitavimuS,
459 2368 588 2438 propriis
599 2368 700 2423 verbis
713 2369 899 2424 dictavimus.
910 2369 1029 2424 Modum
1040 2369 1192 2423 scribendi
1207 2368 1293 2423 talem
1310 2384 1475 2423 servamus.
1486 2368 1587 2422 Totam
1602 2365 1755 2421 schedulae
1767 2365 1857 2436 hujus

137 2438 246 2511 seriem
266 2439 295 2491 in
310 2437 384 2492 duas
399 2443 498 2508 parles
514 2440 683 2494 dividimus.
701 2441 732 2493 ln
747 2442 841 2511 prima
856 2444 938 2511 purte
958 2439 1109 2494 materiam
1129 2439 1272 2494 hahemus
1289 2441 1434 2511 originem
1449 2439 1569 2503 artium,
1591 2439 1680 2492 situm
1701 2441 1855 2505 terrarum,

138 2524 258 2564 cursum
282 2508 471 2564 historiarum
487 2511 524 2564 ab
539 2511 622 2565 initio
638 2526 733 2582 usque
749 2512 784 2565 ad
800 2528 856 2566 nos
870 2511 1099 2567 decurrentium.
1126 2511 1158 2564 ln
1174 2511 1305 2565 secunda
1321 2515 1403 2581 purte
1420 2510 1568 2565 materiam
1585 2509 1730 2563 habemus
1746 2523 1856 2562 sensus

137 2580 356 2652 allegoriarum,
374 2583 402 2635 et
426 2583 659 2654 tropologiarum
674 2583 839 2638 seeundum
859 2582 1044 2653 subjacentis
1066 2582 1173 2636 lineam
1197 2581 1330 2636 historice
1355 2583 1578 2652 dispositarum.
1595 2581 1723 2634 Primam
1744 2582 1857 2660 partem

136 2652 308 2723 perdecem
328 2651 421 2706 libros
438 2650 659 2725 distinguimus.
677 2652 709 2707 ln
724 2655 818 2724 primo
834 2654 911 2708 libro
935 2655 971 2708 de
986 2653 1101 2724 origine
1115 2654 1231 2721 artium,
1248 2658 1276 2708 et
1294 2654 1442 2708 divisione
1457 2668 1558 2708 earum
1577 2652 1708 2706 breviter
1722 2651 1856 2720 disputa·

136 2737 216 2779 mus.
232 2722 264 2776 ln
280 2723 413 2777 secundo
428 2724 579 2778 materiam
594 2725 750 2780 mundanae
769 2728 797 2780 et
812 2726 920 2780 divinae
935 2724 1106 2795 Scripturas,
1123 2727 1151 2778 et
1166 2724 1314 2794 quomodo
1329 2725 1476 2779 mundana
1492 2724 1599 2778 divinae
1617 2722 1788 2777 subserviat
1804 2721 1855 2776 de·

137 2796 337 2853 monstramus
363 2810 430 2848 cum
449 2797 643 2866 quorumdam
665 2796 842 2852 ad'setione.
865 2797 898 2851 lu
921 2797 1006 2853 tertio
1027 2796 1116 2850 situm
1131 2798 1275 2849 terrarum
1292 2796 1501 2850 describimus.
1528 2794 1560 2848 lu
1584 2796 1689 2865 quarto
1711 2808 1856 2847 summam

137 2865 271 2920 historiae
287 2864 395 2919 divinae
410 2865 447 2919 ah
469 2866 551 2920 initio
567 2883 663 2939 usque
679 2814 713 2922 aii
730 2868 910 2922 nativitatem
925 2866 1034 2922 Christi
1051 2867 1198 2936 ponimus.
1226 2867 1257 2920 ln
1280 2868 1381 2938 qrriuto
1397 2870 1506 2933 ortum,
1528 2880 1649 2919 cursum
1671 2868 1698 2918 et
1717 2879 1856 2917 oceasum

137 2951 298 3007 regnorum
314 2935 414 2990 mundi
433 2939 606 3007 atempore,
618 2954 676 3010 quo
690 2940 727 2993 ab
743 2938 825 2993 initio
841 2954 911 2994 esse
927 2941 1088 3009 coeperunt,
1104 2938 1250 3008 usquead
1267 2938 1446 2992 nativitatem
1461 2937 1581 2993 Christi.
1600 2937 1632 2989 ln
1648 2938 1735 2990 sexto
1749 2938 1856 2988 tracta-

137 3022 205 3062 mus
221 3007 257 3062 de
273 3007 499 3076 imperatoribus
512 3009 654 3064 Romanis
671 3010 707 3064 ab
723 3010 883 3064 Octaviano
893 3008 1044 3083 [Octavio]
1058 3024 1154 3081 usque
1169 3008 1206 3063 ad
1220 3009 1391 3079 Traianum.
1404 3010 1436 3064 ln
1452 3008 1607 3078 septimos
1622 3004 1750 3077 Trojano
1762 3021 1856 3076 usque

137 3078 176 3133 ad
188 3077 413 3134 Constantinum
427 3079 576 3151 Magnum.
593 3081 627 3135 ln
642 3085 746 3137 octavo
760 3097 776 3135 a
791 3081 984 3136 Constantino
1000 3080 1108 3151 Magno
1124 3096 1219 3150 usque
1236 3080 1272 3134 ad
1287 3081 1444 3135 Zenonem.
1461 3080 1494 3134 ln
1509 3095 1586 3134 nono
1601 3078 1745 3132 aZeuone
1762 3092 1856 3148 usque

137 3149 174 3204 ad
189 3148 326 3205 Carolum
337 3150 486 3222 Magnum.
498 3151 530 3205 ln
545 3152 659 3207 decimo
673 3156 834 3209 tractamus
849 3153 885 3207 de
902 3153 1027 3223 origine,
1038 3154 1066 3205 et
1080 3151 1204 3222 regibus
1219 3150 1400 3205 Francorum
1415 3168 1452 3205 us
1475 3166 1512 3205 ue
1528 3150 1564 3203 ud
1575 3149 1722 3217 Carolum,
1735 3151 1762 3202 et
1778 3150 1855 3219 post,

138 3236 154 3273 a
170 3218 275 3276 Carolo
287 3237 382 3294 usque
397 3221 433 3275 ad
448 3237 514 3276 nos
531 3222 697 3278 Secundam
711 3241 783 3280 vero
798 3227 910 3295 partem
926 3224 1025 3294 operis
1041 3221 1194 3292 hujusper
1210 3223 1432 3293 quatuordocim
1442 3223 1462 3277 li
1486 3238 1537 3276 ros
1553 3220 1723 3275 dividimus.
1739 3218 1856 3272 Primus

139 3290 215 3345 liber
228 3294 333 3347 tractat
346 3292 382 3346 ds
398 3292 549 3368 mysteriis
565 3299 831 3367 rerumgestarum
849 3295 885 3348 ab
910 3295 991 3349 initio
1016 3309 1112 3364 usque
1131 3295 1168 3348 ad
1183 3294 1342 3348 Abraham.
1365 3293 1519 3349 &candus
1535 3292 1570 3347 de
1591 3290 1743 3362 mysteriis
1757 3306 1857 3344 rerum

161 3364 291 3416 astarum
305 3362 342 3416 ab
359 3363 507 3417 Abraham
518 3380 613 3435 usque
628 3366 664 3420 ad
676 3366 809 3437 lloysen.
822 3366 939 3420 Tertius
955 3366 991 3420 ds
1002 3364 1152 3435 mysteriis
1169 3368 1429 3436 rerumgestarum
1445 3364 1575 3434 alloyse
1590 3378 1686 3433 usque
1701 3362 1737 3415 ad
1752 3361 1854 3416 losue.

138 3378 268 3496 {uectus
287 3432 323 3488 de
339 3434 489 3504 mysteriis
505 3441 771 3508 rerumgestarum
787 3453 803 3490 a
818 3437 911 3492 losue
930 3452 965 3491 us
989 3452 1025 3491 us
1040 3434 1075 3489 ad
1091 3434 1230 3491 Eleanam
1245 3440 1358 3506 patrem
1373 3435 1529 3490 Samuelis.
1550 3433 1677 3499 Quintus
1693 3432 1728 3488 de
1745 3437 1856 3556 myste-

139 3502 193 3557 riis
209 3508 476 3576 rerumgestarum
496 3506 533 3560 ab
550 3506 658 3561 Elcana
674 3508 819 3580 usquead
835 3508 938 3575 David,
957 3453 1007 3562 uiri
1021 3506 1164 3577 scriptum
1182 3510 1229 3562 est
1245 3523 1252 3562 :
1269 3507 1367 3562 Scidit
1382 3506 1524 3561 Dominus
1538 3520 1663 3577 regnum
1683 3503 1769 3558 lsrae
1796 3518 1812 3556 a
1828 3508 1856 3556 te

139 3572 237 3635 hodia,
255 3579 283 3629 et
300 3574 425 3629 tradidit
441 3574 514 3631 illud
516 3579 662 3703 ffmmo
678 3586 726 3634 tuo
739 3578 857 3634 meliori
873 3584 901 3634 tc
912 3577 936 3650 (l
949 3579 1090 3651 nepae).
1107 3578 1216 3634 Sextus
1232 3578 1267 3632 de
1284 3579 1435 3649 mysteriis
1451 3593 1550 3632 rerum
1565 3579 1747 3646 gestaruma
1764 3574 1855 3628 David

139 3659 176 3699 us
200 3659 236 3699 ue
251 3644 286 3698 ad
302 3646 498 3701 Salomonem.

140 3715 164 3771 B
204 3715 311 3786 ylonis.
329 3716 457 3771 Octavus
472 3717 508 3773 de
523 3721 674 3791 mysteriis
689 3737 788 3776 rerum
824 3724 954 3776 astarum
970 3737 1037 3792 quae
1053 3721 1283 3776 continenturin
1300 3721 1404 3775 Esdre.
1449 3735 1525 3774 onus
1540 3719 1576 3773 de
1592 3717 1742 3789 mysteriis
1757 3732 1855 3771 rerum

139 3790 303 3860 gestarum,
320 3804 387 3860 quae
400 3790 589 3845 continentur
608 3793 637 3846 in
656 3792 742 3848 libris
758 3792 812 3848 Est
834 3809 875 3862 er,
893 3794 994 3848 Tohiae
1009 3794 1037 3847 et
1058 3792 1169 3847 luditb.
1186 3792 1325 3847 Decimus
1342 3806 1497 3847 sermones
1513 3790 1650 3845 diversos
1667 3786 1805 3860 singulos
1821 3787 1856 3841 de

140 3858 261 3913 materia
285 3875 339 3915 sua
359 3859 464 3915 editos.
480 3860 603 3932 catera,
620 3880 686 3934 quae
707 3865 848 3934 deinceps
868 3865 1017 3935 ponimus,
1034 3862 1069 3918 de
1089 3862 1175 3917 Novo
1192 3863 1379 3918 Testamento
1405 3863 1550 3917 sumimus
1570 3863 1753 3933 quatuorque
1769 3857 1854 3912 libris

140 3929 380 4011 determinamus.
397 3929 505 4003 Sir-que
520 3936 611 3988 lotum
632 3951 708 4006 opus
728 3935 832 4006 viginti
872 3938 978 3990 uatuor
991 3934 1077 3990 libris
1100 3949 1320 3989 consumamus.
1337 3933 1421 4000 Quod
1436 3948 1507 3987 vero
1527 3931 1557 3986 in
1573 3930 1703 4004 siugulis
1719 3928 1854 4000 capitulis

140 3999 277 4082 brevitati
297 4003 461 4057 studemus.
479 4003 547 4058 ldeo
563 4004 688 4062 iacimus
708 4023 745 4062 ne
763 4007 801 4061 im
824 4022 840 4061 e
871 4006 1015 4062 actionem
1040 4005 1238 4060 inchoationis
1257 4010 1315 4060 tuae
1338 4005 1438 4061 vorbis
1454 4003 1668 4075 prolixioribus
1683 4015 1852 4057 oneremus.

140 4070 248 4126 Primae
264 4077 361 4128 autem
375 4073 467 4145 partis
482 4074 575 4130 libros
590 4080 619 4132 et
632 4079 758 4150 capitula
773 4023 870 4133 taiiter
883 4078 912 4132 in
928 4078 1123 4150 sequentibus
1140 4076 1320 4132 ordinamus.

538 3649 665 3719 eptimns
681 3651 717 3706 de
736 3650 887 3722 mysteriis
902 3667 1001 3706 rerum
1021 3654 1173 3722 gestarum
1188 3665 1204 3702 a
1220 3650 1377 3705 Solomone
1393 3666 1429 3703 us
1453 3665 1488 3702 ue
1509 3649 1545 3702 ad
1566 3645 1856 3718 transmigrationem
