3796 6022
125 326 186 395 699

278 532 340 584 Trr.
361 528 496 583 CXXIX.
519 528 562 581 De
578 528 692 600 triplici
708 527 815 583 osculo.

164 620 232 675 Tria
248 622 317 674 sunt
333 617 454 672 oscula:
481 618 515 670 ad
533 618 640 687 pedes,
664 617 698 671 ad
715 632 835 684 manus,
858 617 895 670 ad
918 632 964 672 os.

130 710 225 765 Pedes
237 710 306 762 sunt
317 705 520 760 misericordia
531 705 723 777 etjudieium.
741 706 783 760 Ex
796 706 966 760 misericor-

129 799 176 852 dia
194 811 282 865 spcs;
299 811 336 848 ex
349 794 462 865 judicio
479 795 612 849 nascitur
626 795 722 849 timor.
741 795 795 849 Hie
810 795 897 849 timor
912 794 966 849 ini·

129 886 215 952 tium,
242 898 313 954 spes
339 883 566 953 protectionem,
594 883 876 937 consummationem
907 883 963 937 sihi

131 973 261 1028 vindicat
285 971 424 1025 charitas.
450 971 481 1026 Si
497 972 601 1042 judicii
616 973 721 1027 timore
738 973 964 1044 compungaris,

132 1062 199 1133 pedi
213 1061 318 1131 judicii
335 1061 412 1113 labia
424 1060 618 1130 impressisti3
635 1061 659 1114 si
671 1061 806 1114 timorem
817 1077 870 1130 spe
882 1062 968 1115 mise-

129 1150 268 1205 ricordiae
279 1151 502 1219 temperaveris‚
520 1149 733 1204 misericordiae
744 1150 849 1219 pedam
858 1150 967 1221 ample-

507 314 728 392 ΑΡΡΕΝΒΙΧ
750 329 808 393 ΑΙ)
829 328 1021 394 HUGONIS
1044 328 1190 393 OPERA
1210 325 1476 392 ncommod.

1800 327 1857 392 7oe

978 510 1007 572 Α
1022 528 1105 596 riam,
1118 531 1147 582 et
1157 529 1293 583 audimus
1306 544 1312 582 z
1327 527 1451 584 Gustata
1462 534 1491 584 et
1503 529 1745 602 videtequoniam
1757 528 1855 582 suavis

1022 621 1068 670 est
1084 616 1227 671 Dominus
1240 616 1335 681 (Psal.
1353 619 1468 687 xxxmt.
1486 618 1549 672 Hoc
1560 617 1792 671 osculoPatrem
1807 632 1853 671 os-

1021 704 1135 760 culatur
1146 705 1248 773 Filius,
1264 705 1332 775 quia
1347 706 1442 761 Nemo
1456 706 1539 760 norit
1556 705 1680 760 Patrem
1692 705 1754 759 nisi
1764 704 1854 759 Filius

1021 793 1117 860 (dean.
1125 794 1156 864 x)
1167 794 1232 865 Epo
1242 794 1252 846 i
1256 812 1272 846 n
1282 795 1376 850 Patre
1387 800 1416 850 et
1427 795 1519 848 Pater
1528 795 1558 848 in
1567 811 1614 848 me
1623 802 1669 848 est
1678 795 1775 862 (dean.
1788 800 1852 859 ιιι).

1020 881 1161 937 Osculum
1182 887 1279 937 autem
1300 883 1427 952 Spiritus
1452 883 1546 936 sancti
1567 882 1656 937 nobis
1672 883 1773 937 datum
1795 885 1851 948 est,

1021 971 1088 1042 quia
1104 972 1191 1026 uobis
1206 976 1234 1026 et
1248 972 1390 1026 revelavit
1401 973 1481 1026 Deus
1493 987 1546 1040 per
1554 970 1697 1041 Spiritum
1710 974 1852 1036 sanctum,

1021 1060 1061 1113 ait
1083 1061 1244 1131 Apostolus
1270 1058 1299 1118 (Ι
1321 1061 1388 1115 Cor.
1411 1063 1456 1124 ιι).
1485 1059 1599 1124 Quibus
1622 1063 1720 1115 autem
1747 1060 1854 1113 revelat

1021 1149 1100 1204 lucet
1116 1152 1145 1202 et
1158 1149 1310 1204 accendit:
1333 1149 1411 1203 lueet
1430 1149 1467 1202 ad
1483 1148 1697 1219 cognitionem,
1725 1148 1854 1202 accendit

129 1256 187 1294 xus
203 1255 247 1294 es
265 1238 430 1309 Aliquando
446 1237 569 1291 alterum
585 1239 650 1292 sine
666 1238 758 1292 altero
770 1238 897 1292 osculari
908 1255 967 1294 uon
1022 1238 1058 1291 ad
1073 1252 1213 1292 amorem.
1235 1237 1376 1292 Charitas
1390 1237 1467 1292 enim
1484 1236 1592 1292 diffusa
1607 1242 1655 1291 est
1672 1237 1703 1290 in
1719 1236 1855 1291 cordibus

130 1327 262 1399 expedit,
289 1329 358 1398 quia
382 1326 546 1380 recordatio
569 1326 663 1380 solius
677 1325 781 1397 judieii
799 1327 966 1397 desperatio
1018 1343 1076 1399 per
1087 1326 1232 1397 Spiritum
1244 1327 1479 1395 sanetumtllom.
1492 1327 1520 1388 v)
1532 1326 1583 1396 qui
1592 1325 1679 1379 nobis
1691 1326 1786 1379 instar
1795 1326 1854 1395 apis

132 1420 192 1486 est,
223 1418 251 1469 et
285 1415 380 1469 solius
404 1415 617 1469 misericordiae
641 1415 829 1471 securitatem
862 1432 967 1472 vanem
1022 1430 1120 1469 ceram
1136 1415 1234 1470 etmel
1249 1414 1394 1484 portantis
1409 1414 1543 1469 accendit
1558 1413 1813 1481 lumenscientiaa‚
1829 1416 1853 1467 et

131 1504 243 1577 gignet.
261 1504 365 1557 Manus
382 1506 451 1557 sunt
466 1503 587 1558 latitudo
604 1506 632 1558 et
648 1503 802 1573 fortitudo,
828 1520 862 1560 eo
888 1506 966 1576 quod
1022 1505 1150 1560 infundit
1164 1521 1301 1576 saporem
1316 1506 1429 1576 gratioe.

129 1593 238 1649 tribuat
253 1593 418 1660 affluenter,
435 1596 462 1646 ct
478 1591 615 1647 defendat
631 1597 765 1663 potenter
781 1594 859 1664 quod
875 1594 966 1649 dede·
1063 1596 1125 1650 Tm.
1142 1594 1264 1648 CXXX.
1285 1594 1330 1648 De
1345 1593 1432 1648 lande
1447 1600 1476 1648 et
1493 1594 1621 1647 utilitate
1634 1592 1817 1664 psalmodiae.

130 1681 177 1735 rit.
196 1681 359 1752 Utrumque
375 1681 527 1736 oseulatur
546 1697 605 1735 non
625 1683 774 1754 ingratus,
796 1683 968 1755 largitorem
1059 1683 1178 1739 Eliscus
1194 1698 1261 1736 cum
1277 1682 1305 1736 ei
1320 1682 1443 1753 spiritus
1459 1682 1621 1752 prophetiae
1637 1682 1769 1749 deesset,
1785 1681 1853 1752 psal·

132 1770 225 1825 Deum
237 1769 381 1824 conlitens
398 1773 425 1823 et
437 1774 688 1825 conservatorem.
705 1771 746 1826 Os
762 1788 833 1827 vero
849 1772 968 1842 estipsa
984 1747 1006 1809 B
1023 1776 1081 1827 lem
1096 1771 1153 1826 sibi
1168 1770 1309 1841 applicari
1325 1771 1468 1840 praecipit,
1485 1775 1516 1824 ut
1530 1786 1584 1840 per
1597 1770 1715 1825 laudem
1731 1770 1851 1839 psalmo

133 1858 282 1927 divinitas,
300 1861 386 1929 eaput
401 1859 480 1912 euim
495 1851 606 1912 Christi
622 1860 712 1913 Deus.
737 1860 801 1915 Hoc
819 1861 970 1916 osculatur
1022 1861 1079 1916 diae
1103 1862 1139 1915 ad
1163 1876 1230 1915 eum
1255 1859 1379 1930 spiritus
1403 1859 1565 1930 prophetiae
1587 1859 1784 1913 descenderet
1806 1857 1853 1926 (lt'

133 1946 182 2001 cui
197 1950 307 2001 aeterna
323 1947 400 2001 visio
417 1950 444 2001 et
459 1947 610 2001 Trinitatis
625 1948 750 2003 donatur
770 1951 910 2022 cognitio.
938 1951 970 2004 ln
1022 1950 1096 2021 Rep.
1113 1949 1165 2020 ru).
1182 1949 1246 2003 Vox
1262 1948 1435 2019 psalmodiae
1451 1947 1782 2017 cumperintentionem
1793 1963 1851 2001 cor-

135 2035 230 2106 primo
246 2035 349 2090 osculo
365 2034 516 2090 offerimus
532 2037 731 2106 paenitentiam
741 2039 839 2092 cordis
852 2039 969 2093 contriti
1022 2038 1068 2092 dis
1085 2038 1182 2110 agitur
1198 2034 1387 2108 omnipotenti
1405 2037 1475 2106 Deo,
1492 2037 1528 2090 ad
1544 2052 1596 2090 cor
1611 2036 1668 2090 iter
1681 2039 1809 2107 paratur,
1825 2040 1851 2089 ul

133 2127 162 2180 et
178 2124 338 2192 humiliati,
364 2128 392 2179 et
407 2128 593 2194 reportamus
608 2126 816 2182 remissionem
832 2131 970 2197 peccato·
1021 2127 1141 2182 intentae
1165 2127 1253 2181 menti
1284 2126 1330 2180 vel
1355 2125 1518 2195 prophetiae
1547 2125 1594 2179 vel
1624 2123 1854 2194 compunctionis

131 2229 208 2280 rum,
227 2230 293 2268 cum
309 2213 445 2268 audimus
458 2229 463 2267 :
482 2214 612 2268 Dimissa
626 2220 696 2269 sunt
707 2216 757 2269 tibi
767 2207 886 2286 p'cocata
899 2216 970 2271 mul·
1022 2217 1115 2289 gratia
1127 2215 1307 2270 infundatur.
1320 2214 1402 2268 Unde
1414 2230 1420 2267 ε
1433 2213 1621 2267 Sacrificium
1633 2213 1733 2267 laudis
1744 2212 1855 2268 lionori-

132 2304 171 2356 ta.
196 2303 228 2356 ln
253 2303 385 2356 secundo
409 2301 562 2356 offerimus
586 2319 653 2357 eum
674 2305 834 2374 gratiarum
856 2306 970 2359 actione
1021 2304 1123 2360 ticabit
1135 2322 1191 2371 me,
1205 2311 1234 2357 et
1246 2303 1309 2357 illic
1321 2302 1599 2374 iter-quoostendam
1609 2301 1656 2355 illi
1663 2301 1797 2356 salutare
1807 2300 1855 2355 Dei

131 2391 301 2462 condignos
317 2391 496 2461 paenitentiae
512 2391 642 2459 tructus,
664 2396 849 2461 reportamus
865 2410 971 2463 parse-
1023 2394 1110 2456 (Psal
1122 2395 1211 2454 xum).
1238 2393 1270 2446 In
1287 2391 1433 2446 sacrillcio
1449 2392 1540 2463 igitur
1558 2390 1655 2445 laudis
1672 2391 1703 2444 fit
1719 2390 1792 2445 lesu
1808 2391 1855 2443 iter

130 2478 294 2533 verantiam
311 2480 472 2546 honorum3
490 2484 518 2532 et
534 2480 651 2534 dicitur.
662 2480 717 2544 Qui
722 2483 971 2551 perseveraverit
1023 2482 1214 2537 ostensionis.
1233 2480 1323 2535 lesus
1340 2480 1417 2534 euim
1433 2479 1575 2534 Salvator
1589 2479 1707 2533 dicitur.
1730 2479 1762 2533 ln
1779 2479 1853 2548 psal-

134 2583 224 2640 usque
233 2566 367 2632 induem,
380 2568 429 2621 liic
438 2567 732 2633 salruserittllattlr.
741 2573 831 2630 xxrvt.
845 2570 876 2622 lu
885 2571 970 2625 tertio
1022 2571 1119 2626 modia
1133 2570 1225 2642 igitur
1234 2569 1348 2623 devotae
1357 2569 1444 2623 menti
1458 2583 1576 2638 semper
1587 2568 1681 2640 gratia
1693 2567 1854 2622 infunditur

133 2660 351 2727 praesentamus
367 2657 663 2726 consummationem,
683 2659 711 2711 et
725 2658 889 2727 accipimus
904 2658 970 2732 glo·
1024 2660 1150 2715 coelitus.

711 2889 1292 3031 urraupuaarus

397 3145 644 3219 SERMONES,
666 3143 902 3209 SERblONUtl
928 3144 1212 3223 FRAGMENTA,
1238 3146 1476 3224 EPISTOLAE‚
1500 3148 1590 3208 ETC.

134 3549 195 3604 Trr.
214 3549 235 3603 l.
252 3548 540 3603 DeAnnuntiatione
551 3555 580 3603 et
591 3549 797 3604 incarnatione
814 3549 905 3604 Verbi
910 3568 920 3614 ;
932 3549 968 3603 de
986 3531 1008 3595 C
1027 3547 1107 3602 dabit
1118 3547 1245 3602 fructum
1255 3565 1352 3617 suum,
1363 3551 1416 3604 sed
1428 3550 1564 3621 spinaset
1576 3550 1705 3605 tribulos
1714 3551 1859 3621 permina-

239 3638 381 3709 paradiso
395 3638 547 3710 spirituali
564 3645 593 3693 et
609 3656 671 3711 qaae
687 3641 717 3693 in
734 3655 768 3694 eo
783 3644 861 3692 sunt.
1027 3635 1072 3690 bit
1089 3636 1154 3690 tibi.
1173 3637 1275 3709 Usque
1287 3638 1482 3693 lrodieobcdit
1493 3639 1583 3692 Adam
1596 3638 1663 3693 voci
1674 3639 1778 3693 uxoris
1788 3654 1858 3693 suae.

173 3729 356 3798 llerertere,
376 3728 461 3799 rirpo
476 3726 587 3797 Israel,
605 3733 765 3782 revertere
777 3727 815 3781 ad
830 3728 970 3781 civitates

138 3824 212 3873 tuas.
228 3816 510 3890 Usquequodelieiis
519 3815 708 3886 dissolveris,
720 3815 781 3870 tilia
793 3816 886 3887 vaga?
898 3815 970 3880 Quia

136 3907 253 3962 creavit
265 3907 406 3962 Dominus
421 3923 526 3961 norum
538 3923 628 3978 super
640 3911 760 3961 terram.
778 3904 893 3959 Mulier
909 3905 970 3959 eir-

138 3995 287 4050 curndabit
300 3994 476 4054 virumtder.
488 3998 580 4057 xxxi).
595 3995 685 4060 Quasi
693 3995 786 4050 dicat:
799 3979 972 4048 Misericor-

138 4082 196 4137 diae
203 4083 322 4137 Domini
324 4082 412 4154 plena
421 4089 466 4137 est
474 4088 556 4137 terra
565 4082 656 4148 (Psal.
667 4084 772 4152 xxxii),
782 4081 851 4152 quia
861 4081 973 4135 veritas

137 4171 175 4226 de
192 4176 273 4226 terra
284 4177 349 4225 orta
362 4178 407 4226 est
417 4171 511 4238 (Psal.
525 4172 656 4241 cxxxiv).
666 4171 803 4227 Christus
813 4171 848 4226 dc
857 4170 973 4242 virgine

139 4259 230 4314 Maria
245 4262 331 4315 natus
347 4264 401 4315 est.
423 4261 513 4315 Terra
529 4262 612 4331 prius
627 4262 780 4316 maledicta
797 4262 972 4332 inpeccatis

129 4349 226 4421 'primi
250 4349 392 4419 hominis,
416 4366 493 4404 nunc
518 4351 672 4406 benedicta
692 4352 832 4422 ingratia
849 4350 973 4405 secundi

139 4438 279 4507 hominis,
296 4439 413 4494 tandem
429 4438 512 4494 beata
527 4440 557 4494 in
573 4441 667 4511 gloria
682 4440 735 4495 Dei
751 4440 857 4494 Patris
870 4440 971 4493 Unde:

1027 3725 1212 3780 Malediritur
1225 3731 1313 3795 lema,
1331 3728 1476 3798 germinat
1490 3728 1593 3797 spinas
1609 3729 1638 3782 et
1650 3728 1790 3782 tribulos,
1807 3727 1860 3781 lla·

1027 3814 1078 3869 bet
1093 3816 1299 3886 unusquisque
1314 3816 1343 3870 in
1358 3817 1496 3886 paradiso
1509 3816 1594 3887 juxta
1609 3832 1643 3871 se
1659 3820 1687 3871 et
1702 3817 1733 3871 in
1749 3832 1783 3872 se
1798 3831 1861 3871 ser·

1028 3907 1160 3975 pentem,
1178 3904 1279 3973 Evam,
1302 3906 1410 3974 Adam,
1428 3908 1456 3960 et
1469 3909 1593 3975 terram,
1616 3905 1788 3976 paradisum
1814 3903 1860 3958 Dci

1030 3996 1058 4046 et
1069 3997 1185 4047 caetera.
1200 3993 1360 4048 l‘aradisus
1372 3999 1419 4048 est
1429 3995 1569 4066 quaelibct
1577 3994 1787 4066 congregatim
1800 4009 1861 4048 ser-

1030 4097 1114 4152 pena,
1128 4081 1279 4150 diabolus3
1297 4083 1366 4138 Evae
1377 4100 1445 4153 vox,
1462 4084 1561 4138 caruis
1572 4083 1743 4151 delcetati03
1760 4082 1862 4150 Adam,

1030 4171 1164 4241 spiritus.
1190 4172 1280 4226 Terra
1305 4176 1351 4226 est
1376 4173 1439 4242 ipsa
1464 4188 1543 4227 caro.
1570 4173 1615 4226 Ad
1637 4172 1863 4243 suggestionem

1030 4260 1178 4330 serpentis
1194 4261 1395 4315 Adamobedit
1405 4263 1470 4315 voci
1483 4260 1670 4327 suaeuxoris,
1686 4259 1804 4314 dumad
1814 4260 1863 4313 ini·

1029 4349 1204 4404 missionem
1229 4350 1336 4404 diaboli
1363 4354 1511 4404 consonat
1532 4350 1656 4419 spiritus
1678 4347 1862 4403 delectationi

1030 4438 1128 4491 carnis
1144 4454 1217 4493 suae.
1236 4439 1319 4492 Tunc
1334 4439 1518 4493 maledicitur
1533 4441 1610 4493 terra
1627 4437 1727 4491 carnis
1742 4441 1863 4503 nostrae,

140 4528 485 4598 Benediristi‚Doruine,
496 4527 976 4600 terramtuamtibid.).Priusger·
1028 4541 1083 4579 nec
1097 4527 1209 4595 profert
1224 4527 1353 4581 fructum
1367 4530 1435 4581 vitm
1450 4531 1585 4595 laternae,
1612 4526 1739 4580 fructum
1761 4527 1863 4596 glorie

140 4617 975 4688 minabatspinasettribulos3hodie‚quiaDominusdedit
1029 4615 1226 4684 sempiternae,
1243 4616 1296 4670 sed
1308 4617 1411 4685 spinas
1422 4616 1574 4686 culparum
1585 4619 1613 4670 et
1627 4615 1754 4670 tribulos
1770 4630 1864 4685 potua·

139 4704 365 4779 beniqmtatem,
375 4712 457 4761 terra
464 4708 547 4762 dedit
555 4706 683 4761 fructum
692 4705 874 4775 suum(Psal.
884 4706 972 4775 axvi).
1028 4720 1103 4758 rum.
1120 4703 1194 4759 Sunt
1209 4707 1305 4759 autem
1318 4706 1375 4759 duo
1386 4721 1496 4776 genera
1507 4706 1659 4774 spinarum
1672 4720 1678 4757 ε
1696 4720 1788 4757 unum
1800 4719 1863 4758 car·

140 4794 286 4865 Oquauta
299 4795 468 4867 benignitas
484 4796 562 4866 quod
580 4796 692 4850 missus
712 4795 829 4850 Gabriel
851 4795 890 4848 ait
905 4794 974 4849 Vir·
987 4775 1014 4837 Ῑ)
1029 4793 1086 4861 nis,
1103 4794 1226 4848 alterum
1246 4794 1379 4863 spiritus.
1403 4793 1502 4864 Spinoe
1528 4793 1627 4847 carnis
1650 4794 1721 4847 suut
1744 4796 1863 4861 peccata

141 4882 222 4954 gini:
240 4882 316 4946 Ave,
328 4884 427 4953 pratia
436 4885 534 4956 plena,
547 4885 688 4940 Dominus
699 4889 804 4953 tecum,
816 4883 974 4939 benedicta
1028 4897 1095 4952 ques
1109 4898 1163 4952 per
1178 4898 1295 4936 curnem
1312 4885 1455 4953 geruntur
1466 4884 1495 4937 et
1505 4897 1630 4952 peream
1645 4881 1861 4953 transiguntur,

144 4975 174 5023 tu
184 4969 215 5023 in
224 4969 400 5026 mulieribus
409 4973 482 5040 (Luc
497 4974 526 5041 ι).
543 4974 583 5027 Et
599 4973 758 5029 Elisabeth
767 4989 777 5026 ·:
794 4973 976 5027 Benedictus
1027 4973 1059 5024 ut
1073 4972 1199 5040 luxuria,
1216 4971 1295 5043 gula.
1312 4972 1411 5040 Spinoe
1426 4971 1560 5041 spiritus,
1577 4986 1643 5040 quae
1659 4985 1712 5039 per
1728 4969 1862 5040 spiritum

141 5055 977 5133 tructusuentristui(ibid.)VereDominusdeditmultam
1027 5059 1861 5127 committunturvitia,alirn,individialslaesuntspinae,

142 5146 355 5217 benignitatem
368 5150 512 5221 angelicae
528 5151 713 5206 salutationis
725 5154 754 5205 et
769 5150 877 5204 diviuae
888 5149 977 5204 bene·
1026 5162 1093 5218 quae
1105 5147 1192 5218 ‚juxta
1207 5148 1383 5217 Prophetam
1403 5147 1569 5217 producunt
1593 5147 1748 5200 rlranrnum
1773 5144 1862 5207 (Psal.
1887 5181 1891 5193 ·

144 5235 293 5305 dictionis,
305 5237 448 5309 quiaitem
457 5245 540 5293 terra
547 5245 649 5294 nostra
658 5239 742 5293 dedit
749 5238 877 5292 fructum
883 5254 976 5306 suum,
1027 5238 1103 5297 avut.
1115 5236 1159 5290 Ex
1168 5237 1215 5290 bis
1226 5236 1321 5305 spinis
1330 5236 1514 5305 recipiuntur
1524 5235 1638 5289 fruetus
1649 5235 1729 5303 rite,
1742 5235 1798 5289 sed
1809 5235 1863 5288 duo

142 5325 233 5379 idest
249 5325 340 5379 Maria
361 5327 481 5405 protulit
500 5327 649 5382 Christum
674 5326 768 5381 illium
792 5342 894 5394 suum,
918 5341 977 5380 non
1026 5325 1127 5380 tribuli
1137 5341 1242 5395 poenae.
1257 5325 1340 5379 Unus
1350 5325 1477 5378 tribulus
1489 5327 1535 5378 est
1550 5324 1630 5395 ignis
1646 5339 1768 5378 earnem
1777 5339 1863 5378 exsu-

139 5413 203 5484 jam
218 5415 297 5469 sicut
311 5414 394 5485 prius
409 5414 512 5484 spinas
527 5418 555 5468 et
569 5415 711 5484 tribulos,
737 5415 813 5469 sieut
834 5416 977 5485 scriptum
1026 5430 1145 5485 perans,
1162 5413 1210 5484 qui
1220 5429 1369 5484 nunquam
1380 5413 1595 5484 exstinguitur3
1612 5412 1866 5466 secundustribu·

142 5507 189 5556 ast
204 5503 297 5558 Deum
312 5503 405 5556 Adam
420 5502 600 5556 inobedienti
609 5503 740 5558 dixisse:
759 5503 831 5568 Quia
848 5502 978 5558 obedisti
1027 5503 1084 5572 lus,
1100 5503 1229 5557 animum
1245 5503 1407 5556 corrodens
1422 5502 1533 5556 vermis
1550 5502 1601 5571 qui
1612 5517 1763 5571 nunquam
1777 5502 1863 5556 mori-

146 5592 208 5645 roci
225 5591 328 5645 uxoris
343 5597 400 5645 tuac
415 5591 571 5661 plusquam
582 5606 666 5660 meaa,
682 5592 839 5647 maledicta
852 5597 934 5646 terra
945 5592 976 5645 in
1026 5595 1083 5646 tur.
1099 5591 1194 5647 Nobis
1210 5591 1317 5662 itaque,
1335 5589 1453 5659 fratres,
1470 5590 1555 5644 valde
1564 5591 1756 5644 metuendum
1772 5594 1862 5644 estne

142 5692 231 5751 opere
247 5683 296 5735 tuo
309 5677 398 5748 (Gen.
415 5678 545 5751 ιιι).οω
557 5683 698 5752 operatus
712 5695 778 5738 eam
791 5679 900 5750 tueris,
917 5694 976 5735 uon
1027 5678 1103 5736 torte
1117 5692 1242 5751 serpens
1253 5680 1303 5751 qui
1314 5679 1344 5734 in
1353 5678 1492 5750 paradiso
1503 5678 1749 5757 congregationis
1761 5677 1864 5735 circuit
