3796 6022
35 207 39 220 ‘
140 237 219 309 1123
559 234 779 303 uersuum
799 237 856 300 en
879 233 1071 301 uucoms
1092 232 1234 300 orsae
1254 231 1449 298 ursum.
1802 228 1875 293 1124

142 459 220 515 mus,
233 445 264 497 ut
283 442 423 513 Spiritum
434 442 569 496 sanctum
580 440 611 494 in
621 440 676 494 hac
688 437 755 511 ejus
766 453 852 494 sacra
870 438 977 493 solem·
992 417 1021 481 Α
1037 435 1133 492 sancti
1143 434 1356 507 praedicatores
1372 433 1451 506 quod
1471 432 1612 505 clangunt
1624 447 1714 500 voce,
1728 430 1873 502 complent

143 533 232 588 nitate
241 532 351 587 habere
361 530 407 585 vel
419 530 555 600 accipere
566 529 655 600 digne
665 528 828 583 valeamus.
840 527 874 582 Iu
885 526 977 583 male·
1036 541 1136 597 opere.
1163 524 1239 580 Muri
1263 524 1383 579 dericho
1404 522 1611 594 philosophica
1635 521 1773 594 figurant
1791 536 1873 592 argu·

146 621 238 677 volam
250 621 376 675 ahinaam
385 634 441 675 nou
448 618 587 673 introibit
599 618 755 689 sapientia,
767 632 821 672 nee
829 616 978 673 habitabit
1035 617 1144 685 menta,
1157 615 1222 670 sive
1233 615 1377 670 culturam
1386 612 1532 667 idolorum
1540 626 1593 682 per
1601 610 1765 665 circuitum
1779 609 1872 663 mundi

143 712 309 781 incorpore
326 706 446 762 subdito
452 707 596 779 peccatis
616 706 750 778 Spiritus
770 706 847 761 enirn
858 712 980 760 sanetus
1036 704 1204 758 roboratam
1220 703 1422 758 ctexaltatam.
1437 701 1509 766 Quae
1526 716 1579 772 per
1589 698 1871 754 circumductionem

142 798 310 870 disciplinae
321 794 980 868 effugiethetum,ctauteratseacopitatioui·
1036 809 1124 863 arcae,
1141 796 1169 847 et
1186 793 1357 864 clangorem
1373 790 1510 846 tubarum
1524 792 1719 858 corruerunt,
1742 788 1811 860 quia
1826 802 1871 857 per

142 886 207 954 bus,
222 903 283 960 quea
294 891 362 941 sunt
374 886 440 940 siue
449 884 613 954 intellectu,
624 889 654 939 et
665 884 846 955 corripietur
856 899 871 937 a
880 898 981 954 super·
1035 880 1145 937 Christi
1153 879 1714 952 praedicationemperorbemterrarum
1722 879 1871 933 sonantem

146 971 979 1047 venienteiuiquitatctsap.1).lmitemurdeniquoPntres
1036 971 1198 1041 perierunt.
1215 971 1278 1024 Viri
1289 969 1409 1026 dericho
1418 968 1644 1037 interficiuntur,
1654 968 1729 1022 dum
1741 966 1871 1022 homines

144 1069 275 1134 nostros,
288 1067 409 1120 sanctos
424 1062 562 1119 videlicet
572 1061 734 1132 apostolos,
747 1077 785 1116 ex
795 1076 920 1133 quorum
932 1076 980 1116 ac·
1037 1060 1148 1116 seculo
1160 1063 1189 1115 et
1202 1059 1399 1116 saecularibus
1410 1058 1538 1131 negotiis
1553 1057 1645 1112 dediti
1658 1057 1690 1112 in
1699 1060 1869 1129 perpetuum

143 1154 224 1210 tibus
240 1154 315 1210 odor
338 1156 441 1208 noster
463 1154 598 1222 sumptus
615 1153 670 1206 cst.
690 1150 779 1205 Valde
794 1150 872 1206 enim
897 1166 979 1206 com·
1036 1149 1279 1204 condemnantur.
1296 1149 1379 1204 Raab
1388 1147 1529 1203 meretrix
1539 1147 1664 1202 electam
1679 1162 1721 1202 ex
1737 1145 1868 1218 gentibus

143 1242 309 1318 mandabile
334 1243 380 1297 est
403 1244 432 1297 et
456 1240 617 1295 imitatione
641 1239 764 1311 dignum
789 1239 867 1310 quod
882 1239 918 1294 dc
934 1239 979 1293 eis
1036 1237 1201 1294 Ecclesiam
1211 1237 1370 1310 significat,
1383 1253 1450 1309 quae
1461 1236 1609 1308 quondam
1621 1235 1676 1291 luit
1692 1235 1866 1291 servienset

144 1331 370 1403 scriptumest:
388 1330 467 1401 quod
490 1335 576 1384 erant
587 1328 708 1400 pariter
727 1329 759 1383 in
781 1329 882 1384 codem
905 1327 978 1383 loco.
1035 1324 1865 1399 subjectamulisamatoribus,idestmultisdaemonibus.

143 1420 242 1478 Simus
261 1424 289 1476 et
305 1434 371 1490 nos,
384 1418 502 1488 tratres,
523 1419 633 1489 pariter
644 1433 702 1472 non
714 1417 810 1472 solum
821 1417 910 1472 unius
921 1418 980 1473 loci
1038 1417 1119 1474 Raab
1130 1419 1162 1473 ut
1172 1417 1339 1472 salvaretur
1349 1415 1694 1471 luniculumcoccineum
1704 1414 1738 1468 in
1747 1415 1864 1470 lonssur

143 1510 316 1578 mansione,
333 1507 387 1563 sed
403 1509 431 1562 et
446 1523 503 1561 una
519 1506 595 1576 lule,
620 1522 693 1577 spe,
712 1507 870 1576 charitate,
886 1506 979 1562 devo·
1036 1506 1111 1562 foris
1121 1506 1231 1578 posuit,
1243 1520 1332 1578 quem
1342 1504 1420 1561 domi
1432 1504 1549 1560 habuit:
1561 1508 1588 1559 et
1599 1507 1706 1559 sancta
1721 1503 1862 1572 Ecclesia,

143 1599 242 1667 tione,
267 1596 418 1663 oratione,
449 1595 577 1665 Spiritus
601 1596 697 1651 sancti
724 1595 928 1667 invocatione,
952 1598 981 1650 ct
1037 1599 1068 1650 ut
1080 1595 1407 1666 salvetur,passionem
1416 1593 1526 1649 Christi
1536 1608 1587 1649 ore
1598 1593 1775 1664 confltetur,
1789 1608 1860 1664 quan

143 1686 375 1756 exspectatione,
392 1688 424 1739 ut
437 1686 547 1754 pariter
561 1700 630 1739 esse
650 1700 817 1739 mercamur
837 1684 905 1755 ejus
929 1700 980 1739 ac·
1038 1684 1127 1740 corde
1143 1684 1245 1739 credit.
1272 1683 1376 1739 Achan
1399 1683 1533 1754 regulum
1554 1696 1677 1738 auream
1703 1684 1734 1736 et
1757 1682 1860 1753 pallium

145 1775 279 1845 ceptione
295 1777 324 1829 et
337 1773 559 1844 participatione
575 1776 721 1844 quatenus
735 1789 788 1844 per
798 1773 896 1844 ipsum
918 1773 982 1845 jus·
996 1735 1023 1798 B
1037 1773 1171 1843 furatur,
1194 1776 1224 1827 et
1250 1773 1280 1826 in
1308 1772 1385 1827 valle
1413 1771 1514 1826 hchor
1539 1771 1712 1843 lapidatur:
1730 1773 1761 1825 et
1783 1770 1861 1825 falsus

144 1863 243 1918 tisrcati
259 1863 290 1918 in
306 1865 446 1933 tempore,
463 1862 573 1932 pariter
585 1862 747 1933 gloriemur
760 1863 791 1916 in
806 1861 977 1918 aeternitate.
1038 1862 1162 1934 quilibet
1180 1861 1377 1931 Christianus,
1394 1860 1440 1916 vel
1457 1861 1617 1916 haereticus
1633 1859 1860 1932 philosophicam

144 1948 228 2016 Qnod
242 1951 329 2007 nobis
344 1955 487 2022 prestare
503 1950 643 2022 dignetur
663 1951 753 2006 lesus
769 1950 906 2007 Christus
922 1951 980 2007 Do·
1039 1952 1224 2022 sapientiam,
1239 1967 1307 2022 quae
1322 1966 1376 2021 per
1389 1950 1524 2023 regulam
1538 1964 1661 2004 auream
1675 1948 1828 2021 figuratur,
1839 1952 1860 2002 et

144 2041 244 2095 minus
259 2044 371 2110 noster,
388 2040 439 2112 qui
463 2041 509 2094 est
525 2039 605 2095 Deus
619 2039 794 2095 benedictus
809 2040 839 2094 in
857 2040 979 2096 saecula.
1039 2042 1215 2096 saecularem
1237 2041 1357 2110 cultum,
1375 2039 1425 2111 qui
1449 2054 1502 2110 per
1518 2038 1639 2109 pallium
1655 2037 1829 2109 designatur
1841 2038 1862 2090 in

144 2134 250 2185 Amen.
1039 2130 1205 2186 Ecclesiam
1220 2129 1365 2184 inducens
1385 2128 1416 2182 in
1431 2128 1547 2183 interno
1567 2127 1793 2182 condemnatur.
1814 2126 1861 2182 Sed

435 2217 564 2274 SERMO
584 2218 692 2273 LXXI.
1038 2222 1067 2275 et
1082 2222 1188 2274 cuncta
1203 2235 1270 2290 quse
1289 2218 1371 2272 illius
1386 2219 1456 2271 sunt
1469 2217 1539 2288 igne
1556 2219 1791 2287 consumuntur,
1807 2217 1865 2270 dum

268 2305 313 2363 Dc
324 2307 466 2380 apostolis
477 2313 506 2363 et
515 2306 585 2362 aliis
592 2306 852 2379 predicatoribus.
1039 2324 1149 2378 corpus
1161 2307 1239 2380 ejus,
1253 2311 1281 2362 et
1291 2307 1397 2376 anima,
1414 2305 1443 2361 et
1457 2304 1601 2378 quidquid
1619 2305 1652 2359 in
1662 2307 1792 2376 utroque
1805 2321 1866 2375 pos-

178 2399 255 2452 Arca
271 2397 479 2469 clangentibus
503 2396 583 2451 tubis
599 2399 713 2467 septem
736 2396 850 2451 dierum
867 2396 979 2451 circulo
1039 2393 1867 2469 sidet,gehennaliconflagrationecomburuntur.hurum

145 2485 258 2542 circum
278 2485 398 2541 lerieho
416 2486 542 2555 ducitur,
560 2488 588 2540 ct
602 2485 722 2540 tericho
738 2486 935 2555 subvertitur,
953 2488 981 2540 ct
1039 2488 1241 2558 etargentum,
1253 2484 1428 2556 etquaelibet
1441 2482 1566 2552 metalla,
1580 2483 1647 2538 sive
1663 2482 1798 2553 Iericho,
1812 2484 1867 2537 sire

146 2576 229 2632 Raab
244 2574 376 2630 funiculo
391 2575 531 2630 coccineo
548 2574 577 2628 in
592 2573 722 2629 fenestra
733 2575 830 2645 posito
849 2575 981 2630 salvatur
1039 2574 1189 2629 civitatum
1206 2574 1329 2629 aliarum
1353 2572 1520 2645 perignem
1535 2572 1708 2643 purgatain
1725 2586 1801 2642 opos
1818 2571 1868 2626 Do·

145 2667 174 2721 et
198 2664 301 2719 Achan
323 2680 377 2736 pro
392 2664 470 2718 tarto
486 2664 599 2736 regulae
615 2666 643 2717 et
662 2663 743 2733 pallii
757 2663 903 2734 lapidatur
917 2663 980 2734 (do-
1038 2664 1110 2718 mini
1125 2666 1327 2733 assumuntur,
1344 2662 1412 2734 quia
1431 2660 1640 2732 philosophica
1655 2661 1814 2731 sapientia,
1829 2660 1868 2714 ret

109 2814 113 2822 ,
144 2755 335 2824 suev1,v11).
361 2752 511 2821 derichus,
533 2767 600 2823 quae
620 2754 829 2823 interpretatur
843 2752 922 2822 luna,
940 2752 981 2806 si·
1039 2753 1217 2825 eloquentia,
1244 2753 1308 2808 sive
1330 2751 1470 2824 quaelibet
1493 2766 1596 2807 eorum
1611 2749 1761 2821 doctriua,
1783 2766 1868 2804 sacrae

144 2842 265 2915 gnitlcat
279 2856 415 2913 praesens
427 2841 581 2908 saeculum,
594 2841 673 2912 quod
684 2841 769 2913 quasi
781 2839 849 2895 luna
863 2841 899 2895 ad
914 2856 981 2912 per-
1039 2842 1199 2913 Scripturae
1211 2841 1427 2897 examinatione
1442 2840 1479 2894 ab
1491 2839 1571 2895 omni
1587 2838 1701 2894 erroris
1716 2839 1807 2895 sorde
1821 2856 1868 2910 pu·

145 2931 304 2987 tectionem
319 2933 347 2985 et
362 2930 558 2985 detectionem
573 2929 699 3001 ducitur,
720 2931 789 2985 dum
805 2930 892 2985 modo
912 2945 981 3000 pro·
1039 2932 1151 2986 risscata
1166 2931 1196 2986 in
1211 2931 1318 2985 divinae
1335 2928 1555 3000 praedicationis
1576 2929 1746 2985 ministerio
1770 2932 1866 2984 nostro

146 3020 244 3091 speris
261 3019 369 3075 crescit
382 3021 412 3074 et
426 3020 567 3089 elevatur,
580 3019 668 3075 modo
686 3019 824 3074 adversis
834 3019 981 3074 decrescit
1000 3007 1099 3076 Cnon
1115 3020 1300 3092 reprobatur.
1328 3018 1513 3074 Maledicitnr
1535 3018 1584 3088 qui
1600 3017 1723 3073 laricho
1740 3017 1865 3085 aedificat,

146 3113 175 3166 et
187 3110 367 3165 humiliatur.
379 3108 522 3164 Videmus
533 3124 678 3164 annorum
689 3107 828 3174 circulos,
841 3124 895 3179 per
904 3124 981 3180 quos
1040 3114 1068 3165 et
1083 3109 1257 3165 maledictus
1273 3110 1320 3164 est
1333 3108 1383 3180 qui
1395 3107 1534 3162 malitiam
1549 3107 1729 3163 saecularem
1744 3106 1775 3161 in
1788 3104 1867 3176 bapti·

147 3199 291 3254 saeculum
306 3198 444 3267 volvitur,
457 3198 522 3253 sole
536 3201 667 3268 tempore
683 3212 774 3252 verno
788 3200 876 3252 terrae
890 3212 982 3268 poros
1041 3199 1113 3254 zetis
1128 3198 1309 3253 destructam
1323 3196 1416 3252 verbo
1431 3212 1523 3267 pravo
1538 3197 1585 3252 vel
1604 3195 1745 3267 exemplo
1764 3194 1864 3251 reducit

148 3287 307 3359 aperiente,
326 3287 363 3342 ad
374 3286 596 3341 similitudinem
611 3285 688 3341 lunto
699 3285 802 3355 primae
815 3285 911 3341 lucem
924 3286 984 3357 pri·
1041 3291 1069 3343 et
1083 3290 1242 3343 restaurat.-

147 3377 270 3432 mariam
280 3376 467 3446 exponentis,
477 3375 610 3448 germina
621 3374 896 3446 parturirelleinde
907 3376 984 3430 sicut
1076 3376 1256 3432 AEditieavit
1272 3375 1345 3430 Hiel
1363 3378 1400 3432 de
1414 3374 1525 3430 Bethel
1537 3374 1669 3431 Jerieho.
1698 3373 1733 3429 In
1750 3374 1860 3429 Abiram

147 3480 201 3536 per
216 3464 338 3519 diurnus
355 3465 568 3519 successiones
584 3463 734 3518 ceruimus
749 3464 848 3518 lunam
867 3464 904 3518 ad
918 3465 984 3535 ple·
1037 3466 1256 3539 primitivosuo
1270 3465 1409 3520 fundavit
1424 3480 1488 3520 eam
1499 3463 1639 3536 etSegub
1651 3464 1861 3519 novissimcsuo

146 3551 308 3608 nitudincm
320 3553 438 3621 venire,
452 3553 496 3605 sic
508 3552 710 3624 conspicimus
719 3553 755 3607 de
766 3555 843 3608 terra
857 3569 984 3625 quaeque
1038 3556 1251 3628 posuitportas
1261 3555 1327 3626 ejus
1337 3554 1398 3625 (Ill
1409 3553 1484 3626 Περ.
1495 3552 1568 3623 xva).
1586 3553 1652 3608 lliel
1671 3553 1779 3608 vivens
1791 3552 1858 3618 Deo,

145 3640 321 3713 prodeuntia
343 3656 396 3712 per
418 3640 527 3695 caloris
549 3641 777 3697 vivificationem
801 3645 830 3697 et
850 3640 983 3697 humoris
1040 3644 1142 3700 Bethel
1157 3644 1260 3700 domus
1274 3644 1332 3698 Dei
1346 3642 1563 3713 interpretatur.
1582 3641 1648 3697 Hiel
1663 3643 1757 3714 igitur
1771 3642 1804 3696 de
1818 3639 1857 3693 Be

145 3729 374 3803 vegetationem,
384 3729 578 3785 maturitatem
588 3731 615 3784 et
625 3730 837 3801 perfectionem
853 3747 939 3786 suam
952 3733 982 3786 in
1038 3733 1099 3788 thel
1115 3732 1265 3789 destructa
1279 3748 1295 3787 a
1311 3733 1404 3787 tosue
1419 3734 1506 3803 atque
1526 3730 1779 3786 anathematizata.
1794 3728 1857 3785 leri·

147 3823 250 3876 aestate
265 3835 482 3876 consummare.
509 3819 616 3874 Postea
629 3835 711 3890 vcro,
737 3821 823 3891 quasi
847 3820 917 3875 luna
931 3821 982 3875 dc·
1039 3822 1095 3877 cho
1112 3821 1219 3877 moenia
1234 3823 1411 3889 restaurant,
1428 3820 1571 3891 cumquis
1583 3835 1702 3890 corum,
1720 3817 1858 3892 quiinEc·

147 3924 309 3978 crescens,
326 3909 516 3979 minuuntur,
533 3908 602 3963 dum
626 3908 657 3964 in
672 3913 812 3964 autumno
827 3909 983 3965 deliciante
1040 3912 1132 3967 clcsia
1144 3911 1275 3967 habitum
1286 3909 1442 3982 religionis
1457 3913 1694 3980 assumpserant,
1709 3910 1747 3964 ad
1759 3906 1857 3982 agenda

147 3999 273 4055 naturali
288 3998 386 4053 calore
410 4002 439 4053 at
454 3998 577 4053 humore
592 3998 766 4054 moriuntur.
788 3998 835 4053 Ad
849 3999 983 4053 ultimum
1040 4001 1163 4070 scelera,
1181 4017 1248 4072 quae
1262 4001 1290 4055 ei
1309 4000 1453 4055 Dominus
1470 3998 1559 4054 lesus
1575 3997 1665 4053 indic
1685 3995 1856 4068 baptismatis

149 4086 400 4156 auteminhieme,
415 4087 501 4158 quasi
511 4088 547 4140 ad
563 4087 709 4158 quoddam
721 4087 920 4157 interlunium,
936 4103 984 4143 rc·
1037 4091 1202 4160 remiserat,
1223 4089 1314 4158 redit3
1331 4104 1465 4161 quasque
1480 4088 1544 4158 ipse
1568 4085 1852 4143 anathematizaverat

148 4174 238 4230 deant
249 4174 317 4228 dum
327 4175 451 4246 frigoris
462 4175 672 4244 asperitatibus
682 4177 778 4230 attrita
786 4175 823 4230 ad
835 4176 983 4231 occultum
1040 4178 1149 4235 diaboli
1160 4193 1293 4250 pompas,
1305 4177 1458 4233 luxuriose
1469 4175 1596 4231 vivendo
1606 4175 1724 4247 repetit.
1741 4174 1856 4245 Cumque

147 4263 374 4319 iterumnaturse
385 4263 484 4317 sinum
493 4266 660 4334 recurrunt,
672 4267 700 4318 ct
711 4280 745 4318 se
756 4265 868 4319 nostris
883 4280 984 4335 aspec-
1040 4284 1177 4324 crrorum
1191 4267 1338 4340 dogmata,
1364 4266 1411 4321 vel
1426 4264 1583 4338 gentilium
1605 4263 1725 4320 fabulas
1740 4261 1857 4320 scribtis

147 4352 228 4408 tibus
239 4352 418 4407 subducunt.
431 4351 480 4407 Sic
491 4354 519 4407 ct
538 4352 567 4406 in
585 4351 767 4422 hominibus,
778 4353 896 4423 bestiis,
918 4354 982 4408 avi·
997 4353 1024 4414 D
1041 4356 1265 4425 ecclesiasticae,
1284 4371 1343 4426 qua
1360 4355 1492 4409 imbutus
1512 4357 1584 4423 erat,
1595 4353 1729 4424 praefert,
1742 4349 1858 4426 quaside

146 4442 204 4498 bus
221 4441 414 4513 piscibusque
429 4441 576 4511 videmus,
594 4442 672 4512 quod
688 4445 845 4513 postquam
860 4443 897 4497 ad
912 4458 982 4498 esse
1042 4446 1144 4501 Bethel
1160 4445 1319 4519 egrediens
1340 4444 1442 4499 ruinas
1467 4443 1587 4498 Jericho
1607 4443 1779 4499 resuscitet.
1802 4442 1828 4496 ls
1840 4442 1860 4493 et

146 4531 302 4604 prodeunt,
318 4531 402 4601 prius
419 4531 454 4585 ad
474 4530 687 4602 perlectionem
709 4532 811 4586 venire
836 4532 980 4603 laborant,
1040 4534 1230 4590 fundamenta
1247 4533 1326 4602 fidei,
1346 4532 1487 4605 aquibus
1502 4532 1580 4588 bona
1595 4532 1724 4588 aedilicia
1738 4531 1861 4587 inchoare

147 4621 253 4677 deinde
264 4636 318 4692 per
332 4620 524 4676 detectumnd
535 4635 594 4674 non
605 4635 674 4675 esse
692 4620 843 4676 festinant.
860 4621 909 4677 Sic
925 4622 980 4692 sic,
1040 4627 1070 4679 et
1084 4624 1212 4679 claustra
1221 4623 1307 4678 bonae
1319 4621 1456 4692 actionis,
1472 4621 1581 4693 quibus
1596 4620 1701 4692 pertici
1717 4621 1860 4681 debuerat,

147 4711 298 4766 cemimus
308 4709 434 4782 gloriam
444 4709 602 4779 praesentis
614 4709 892 4780 saecultnuncoriri,
905 4726 982 4766 nunc
1039 4713 1145 4786 perdit.
1158 4711 1260 4767 Aliter.
1273 4712 1306 4766 ln
1321 4711 1518 4784 primogenito
1529 4726 1585 4766 suo
1601 4710 1685 4781 ponit
1699 4709 1862 4766 tundamen-

146 4815 303 4869 crescere,
320 4814 399 4854 nunc
415 4798 555 4868 exaltari,
573 4814 651 4853 nunc
666 4799 775 4871 minui,
791 4814 871 4854 nunc
887 4799 923 4854 ad
939 4800 983 4854 ni·
1039 4806 1111 4872 tum,
1124 4807 1152 4858 et
1162 4802 1193 4856 in
1203 4801 1537 4856 novissimoliberorum
1547 4798 1861 4872 portasejus,quiaper

147 4887 364 4943 hilumrevcrti.
373 4887 860 4960 ArcasignitlcatChristum.hrca
869 4892 984 4959 septem
1041 4891 1117 4947 hanc
1139 4892 1256 4961 culpam
1277 4889 1391 4960 amittit,
1414 4893 1443 4944 et
1467 4888 1546 4962 quod
1569 4888 1697 4960 primum
1723 4887 1862 4959 acceparat

147 4975 253 5031 diebus
266 4976 344 5030 circa
358 4975 478 5032 laricho
489 4980 631 5048 portatur,
649 4978 718 5033 dum
734 4976 872 5033 Christus
886 4993 982 5049 usque
1040 4981 1149 5035 donum
1167 4981 1289 5049 naturae,
1302 4982 1331 5033 et
1349 4978 1429 5050 quod
1446 4977 1483 5032 ad
1493 4977 1628 5032 ultimum
1638 4978 1861 5048 accepitdonun

147 5064 184 5120 ad
208 5065 297 5120 finem
313 5064 415 5120 saeculi
431 5065 511 5137 quod
525 5071 640 5137 septem
654 5066 768 5122 dierum
783 5066 894 5122 circulo
916 5066 983 5121 vol·
1039 5071 1154 5141 gratiae,
1176 5071 1207 5122 ut
1216 5066 1278 5139 jam
1296 5067 1332 5122 ad
1344 5066 1537 5123 salvationem
1553 5065 1627 5122 nihil
1643 5066 1744 5122 valcat
1764 5070 1863 5122 uuum·

146 5154 226 5210 vitur
240 5154 271 5208 in
287 5154 396 5209 mundo
410 5155 598 5225 praedicatur.
621 5155 720 5228 Hujus
744 5171 821 5210 arcae
844 5160 982 5210 rectores
1040 5174 1108 5230 que.
1127 5158 1325 5226 Detestcmur,
1338 5155 1507 5211 charissimi
1519 5155 1618 5226 nobis,
1632 5154 1699 5210 Hiel
1709 5152 1862 5219 deBethel,

133 5244 216 5298 ‘suut
227 5243 716 5315 sanctiapostolietpraadicatcres,
727 5244 763 5299 de
773 5243 882 5316 quibus
891 5245 984 5316 scrip·
1040 5263 1095 5302 nec
1107 5245 1174 5318 ejus
1190 5249 1274 5300 actus
1290 5244 1442 5316 improbos
1454 5244 1611 5315 imitemur,
1623 5259 1661 5299 ne
1682 5245 1708 5298 si
1720 5248 1789 5316 post
1802 5243 1863 5311 bap-

146 5331 455 5388 tumast:1uomnern
471 5338 586 5388 terram
607 5335 658 5389 eri
663 5335 704 5388 vit
715 5349 805 5390 sonus
821 5349 931 5403 eorum,
954 5340 984 5390 et
1039 5337 1170 5407 tismum,
1187 5338 1236 5390 aut
1252 5334 1488 5390 conversationis
1504 5333 1637 5389 habitum
1648 5349 1740 5405 opera
1755 5329 1862 5398 diaboli,

145 5422 178 5480 iu
188 5420 248 5477 dne
258 5421 344 5477 orbis
355 5426 448 5477 terrae
462 5421 552 5477 verba
566 5438 666 5477 aarum
678 5422 774 5492 (Psal.
786 5424 880 5493 xvm).
891 5424 983 5479 Tube]
1041 5426 1106 5481 sive
1116 5424 1233 5495 pompis
1244 5423 1321 5496 ejus,
1334 5425 1443 5495 quibus
1452 5423 1729 5480 abrenuntiavimus
1738 5424 1767 5479 in
1778 5421 1863 5487 nobis,

131 5509 984 5586 .aeneaefortemetinvincibilempraedicationisdesignant
1041 5515 1089 5571 val
1104 5515 1135 5570 in
1150 5514 1217 5570 aliis
1227 5513 1408 5570 reaeditlcare
1418 5513 1640 5585 praesumimus,
1651 5529 1708 5570 nos
1718 5509 1864 5586 cumprcla

137 5600 359 5679 ‚puchritatem
375 5614 451 5680 quas
459 5598 631 5677 clangentes
644 5601 781 5662 manibus
791 5605 900 5675 tenant,
912 5603 982 5665 dum
1040 5604 1193 5681 videtum,
1210 5603 1407 5669 achaeorum
1425 5617 1550 5682 operum
1568 5606 1743 5667 nostrorum
1758 5595 1865 5663 aeterna
