3796 6022
152 283 211 343 515
1819 279 1876 344 546

534 278 824 343 arraumxsn
838 276 1030 346 ancoris
1051 278 1195 345 oreas
1208 276 1476 379 coemamus.

149 474 357 546 templavitam,
396 491 462 545 quae
491 479 538 530 est
570 476 681 533 sterilis
714 477 787 533 loris
820 477 850 532 in
878 493 978 549 opere,
999 461 1030 522 Α
1044 491 1122 547 nem,
1138 491 1245 531 servos
1255 477 1293 531 ad
1308 474 1589 544 corroborationem,
1605 473 1684 529 illios
1699 473 1736 527 ad
1748 472 1872 528 exsulta-

93 592 95 596 =
150 564 203 620 sed
231 564 390 634 perspicax
422 564 454 618 in
478 567 734 636 contemplatione.
764 567 795 621 in
827 566 876 621 his
909 566 980 622 dua·
1043 564 1163 619 tionem.

149 653 207 708 hus
235 653 304 706 vitis
328 651 414 723 quasi
444 653 580 724 quaedam
613 656 761 711 contentio
796 659 843 710 est
875 656 981 711 animae
1041 652 1102 708 Trr.
1115 653 1238 709 LXXX.
1257 654 1338 718 Quod
1353 671 1409 709 non
1424 652 1869 717 solumcordetenenda,sedet

148 744 260 797 saneta,
275 741 440 795 „pompm
454 743 575 798 „penge
591 745 628 799 ,d
652 744 789 815 appexum
805 744 894 814 390⁸,
922 745 980 815 sup,
1075 741 1127 779 ore
1142 725 1309 781 cantitanda
1318 726 1360 779 sit
1369 726 1446 781 tides
1458 726 1644 790 Christiana,
1663 725 1702 780 ad
1710 723 1868 794 archiepis-

147 831 178 884 ππ
191 833 239 884 esi
251 830 371 900 urrisu,
389 831 542 901 septenae
557 833 764 903 videliacum,
775 849 842 905 que
853 834 982 888 animam
1075 811 1174 867 ΜΡΝ
1189 797 1408 869 ¹¹¹⁸P⁸¹⁰¹¹⁸e¹¹lr
1422 814 1469 870 Ψ
1487 812 1550 852 ‘³³¹¹'
1566 812 1618 850 ΟΝ
1633 801 1809 867 ¹¹⁹⁹⁸l⁶¹³‘·

147 923 281 974 sanctam
294 919 332 972 ad
347 920 459 990 prolem
487 920 604 976 leeudat
625 922 773 977 virtutum.
797 924 985 978 Contendunt
1073 901 1179 957 ³⁰AVV¹
1192 899 1867 985 HisslilflflssiufflOPi⁸⁰⁰P0HVG⁰⁸⁰WV⁸Chli·

149 1024 222 1081 ergo
236 1008 433 1079 contenplatio
447 1013 476 1063 et
499 1010 576 1064 actio
595 1025 649 1080 pro
672 1011 810 1082 amplexu
829 1011 983 1082 sapientiae
1039 991 1087 1060 Stis
1104 995 1160 1046 ⁰²0·
1181 991 1251 1047 Vide
1265 1009 1338 1064 supr
1339 1009 1355 1046 θ
1369 994 1451 1047 ’ΜΨ
1467 991 1609 1063 ⁰Pi⁸i⁰¹⁸⁸
1622 991 1769 1062 lingonis.
1893 1078 1895 1083 Ι

149 1096 205 1162 Qui
219 1097 250 1151 in
266 1096 511 1167 contemplatione
526 1101 572 1152 est
592 1098 725 1168 suspirat
747 1115 801 1169 pro
830 1099 983 1154 sterilitate
1039 1098 1101 1152 Trr.
1115 1097 1253 1152 LXXXI.
1265 1099 1309 1152 De
1319 1114 1353 1154 eo
1364 1099 1439 1170 quod
1449 1099 1667 1170 scriptumest:
1687 1118 1697 1146 ι
1713 1098 1785 1150 Cum
1797 1102 1867 1151 esset
1893 1088 1895 1105 '

32 1234 41 1247 ,
148 1185 553 1256 0p01·rs3qu11n0p0ffi032‚
580 1187 762 1256 suppl-„tm
789 1186 886 1258 jubilo
914 1202 984 1242 con·
1075 1168 1798 1242 desusaaiiorumdncdecim»quomodoVerimm
1808 1183 1869 1223 carc

147 1275 356 1346 ππππ
377 1274 506 1345 πππ
521 1276 606 1346 ππ
794 1291 827 1330 π
848 1278 984 1349 π
1074 1238 1896 1385 ...t

148 1364 367 1434 comparatione
378 1364 550 1432 alterius,et
565 1364 598 1419 lit
607 1365 756 1421 contentio
766 1365 983 1422 desideriorum
1075 1389 1104 1437 et
1130 1383 1271 1450 perflate,
1296 1400 1358 1456 φωρ
1378 1385 1415 1439 ,10
1438 1390 1521 1438 pem
1551 1383 1658 1452 epirus,
1683 1389 1714 1437 ,32
1738 1380 1869 1454 quomod„

147 1469 201 1525 spe
213 1456 241 1508 et
256 1453 359 1507 timore
375 1456 531 1523 utrumque
547 1454 722 1508 concitante.
744 1453 822 1508 Ecce
841 1455 982 1509 invenisti
1071 1456 1180 1525 prosit.

146 1558 251 1614 panem
266 1542 440 1609 subcinere,
457 1543 581 1597 relicere
596 1548 625 1599 et
634 1543 790 1599 delectare.
807 1543 875 1598 Non
888 1546 981 1598 atten-
1076 1545 1145 1598 Garri
1157 1550 1238 1597 esset
1248 1543 1488 1599 lesusannornm
1498 1543 1661 1611 duodecim,
1673 1541 1869 1613 etathan.)

147 1631 201 1686 das
216 1632 296 1702 quod
311 1630 385 1686 ieris
397 1631 533 1701 apparuit
547 1632 577 1686 in
597 1634 707 1704 cinere,
725 1633 780 1687 sed
799 1633 879 1704 quod
902 1633 981 1687 intus
1037 1630 1121 1686 Sicut
1135 1633 1263 1687 mundus
1277 1633 1335 1687 iste
1349 1633 1507 1704 dupliciter
1522 1632 1616 1687 servit
1630 1631 1754 1700 homini,
1769 1631 1807 1684 ad
1822 1646 1868 1684 su·
1894 1676 1897 1697 ,

146 1721 244 1775 Latuit
260 1721 289 1774 ia
304 1720 534 1777 relectioneVis
544 1721 924 1792 adhucviderepanemsub
941 1722 982 1776 ci·
1038 1722 1245 1776 stentationem
1260 1722 1375 1776 scilicet
1389 1723 1489 1776 carnis
1500 1726 1529 1777 at
1542 1721 1786 1775 adernditionem
1794 1735 1866 1773 men·

146 1824 228 1880 nere,
243 1811 313 1864 dum
326 1810 420 1880 latuit,
432 1810 532 1881 vilem3
549 1811 726 1882 dumpctuit,
743 1811 878 1866 dulcem?
893 1812 981 1866 Chri·
996 1791 1023 1854 Β
1039 1810 1093 1880 tis,
1114 1811 1159 1864 sic
1176 1811 1305 1865 Verbum
1322 1825 1391 1865 caro
1408 1812 1517 1865 sectum
1534 1811 1698 1865 remedium
1712 1814 1833 1880 praestat
1844 1813 1867 1863 at

145 1904 212 1954 stus
223 1899 280 1955 sub
288 1899 463 1954 mortalitate
471 1901 557 1970 panis
573 1904 620 1955 est
635 1901 692 1955 sub
709 1901 818 1956 cinere.
832 1900 922 1955 Vides
938 1901 981 1955 lo·
1040 1900 1217 1969 exemplum.
1236 1901 1409 1955 Remedium
1423 1901 1454 1954 in
1469 1915 1504 1954 eo
1519 1900 1598 1971 quod
1617 1900 1749 1954 oblatam
1771 1903 1819 1953 est
1836 1897 1866 1952 ad

144 1990 187 2044 ris
203 1989 402 2043 infirmitatem
417 1989 579 2059 nascentis,
596 1990 754 2061 vagientis,
770 1990 914 2059 plorantis
930 2006 980 2044 an·

143 2078 261 2151 gustias
284 2093 437 2148 simarum,
465 2078 583 2133 vincula
607 2077 777 2134 fasciarum.
799 2079 980 2135 Totumlroe

144 2168 220 2223 cinis
235 2171 291 2237 est,
316 2172 467 2222 terrenum
486 2172 514 2222 et
535 2167 694 2223 infirmnm.
718 2169 779 2223 Sub
802 2169 859 2224 hoc
881 2169 980 2225 cinere

143 2262 240 2314 minen
252 2257 335 2311 latuit
351 2256 491 2326 Verbum,
508 2256 630 2312 relectio
646 2258 821 2330 angelorum
840 2262 869 2312 et
884 2258 980 2313 homi·

143 2363 224 2418 num,
240 2347 470 2401 Lasscssentem
485 2346 581 2415 vides,
592 2347 810 2401 esurientcmet
820 2348 978 2418 sitientem,

143 2437 271 2507 lientem,
289 2436 514 2506 compatientem
528 2441 557 2489 et
571 2436 740 2506 patientem,
762 2436 935 2491 morientem
951 2441 980 2491 et

145 2541 234 2581 carne
250 2525 445 2580 deiicientem.
458 2524 494 2579 Et
508 2524 573 2579 haec
588 2525 686 2579 omnia
702 2525 772 2596 quid
788 2526 906 2579 luerunt
920 2526 979 2579 nisi

142 2615 221 2687 quis,
239 2615 346 2669 indicia
361 2614 571 2684 corruptionis,
587 2614 888 2686 signamortalitatis‘t
904 2615 979 2670 etla-

144 2706 199 2761 tuit
212 2705 270 2759 sub
281 2705 329 2759 his
349 2704 444 2758 virtus
460 2703 592 2773 Deitatis,
609 2718 697 2773 quam
711 2704 762 2776 qni
778 2704 916 2759 evolvere
927 2720 979 2774 po·

142 2799 259 2850 luerunt
288 2796 415 2848 saturari
444 2795 624 2848 meruerunt.
647 2792 725 2847 Ecce
752 2793 900 2864 quomodo
925 2795 979 2848 tihi

142 2886 311 2956 Scripturas
331 2899 437 2955 panem
462 2883 695 2938 subcinericium
718 2884 864 2953 proponit.
885 2883 977 2938 Vides

140 2972 977 3045 alibieloquiumsacrum,sccundnmlitteiaasuperficiem

140 3066 256 3135 durum,
273 3064 359 3136 quasi
374 3063 488 3135 paleam
503 3067 637 3117 tenacem
653 3061 778 3134 habens,
795 3063 846 3117 ubi
865 3063 915 3116 vix
939 3064 975 3118 ad

1038 1990 1284 2060 redemptionem
1310 1990 1492 2060 exemplum,
1510 1990 1540 2043 in
1562 2004 1597 2044 eo
1622 1990 1702 2060 quod
1721 1992 1866 2059 operatum

1039 2084 1086 2132 est
1105 2079 1142 2132 ad
1161 2079 1370 2133 imitationem:
1397 2080 1559 2133 remedium
1574 2079 1605 2132 in
1619 2093 1655 2134 co
1670 2080 1750 2149 qnod
1766 2078 1867 2132 laetam

1039 2172 1095 2238 est,
1108 2169 1276 2239 exemplum
1289 2168 1320 2222 in
1334 2184 1369 2223 eo
1385 2169 1464 2239 quod
1480 2168 1558 2223 tecit.
1571 2168 1696 2223 imitatio
1710 2168 1780 2240 ejus
1795 2168 1867 2222 simi·

1039 2257 1131 2312 litudo
1147 2258 1225 2329 eius,

1082 2346 1149 2401 Vidi
1156 2348 1309 2402 civitatem
1320 2354 1452 2401 sanctam
1459 2346 1626 2402 Jerusalem
1633 2361 1747 2414 novam,
1758 2361 1868 2402 aescen-

1040 2437 1158 2491 dentem
1173 2437 1211 2492 dc
1225 2437 1298 2492 caclo
1313 2437 1415 2509 (Apcc.
1432 2437 1505 2507 xxi).
1523 2437 1564 2490 De
1576 2436 1651 2491 cralo
1667 2436 1868 2507 deseendit,et

1039 2525 1181 2579 fabricata
1196 2528 1243 2580 ast
1261 2528 1291 2580 in
1307 2532 1394 2582 terro.
1413 2526 1454 2580 lla
1468 2526 1543 2581 coelo
1559 2525 1664 2596 forma,
1680 2525 1806 2580 detersa
1816 2541 1868 2580 ma·

1039 2617 1121 2671 teria.
1138 2617 1187 2671 Sic
1203 2617 1297 2671 torma
1317 2616 1445 2671 hominis
1471 2616 1573 2687 homo,
1599 2620 1628 2671 et
1649 2617 1743 2671 torma
1764 2615 1867 2671 Christi

1038 2705 1185 2760 Christus.
1208 2707 1274 2761 lind
1296 2707 1386 2761 illud:
1408 2706 1570 2761 Indnimini
1593 2705 1748 2761 Dorninum
1775 2707 1866 2761 desum

1039 2795 1191 2850 Cirristum
1201 2797 1295 2866 (liam.
1313 2797 1387 2867 xm),
1403 2796 1527 2851 formam
1544 2795 1645 2868 igitur,
1661 2797 1752 2850 idest
1768 2796 1866 2867 imagi·

1037 2899 1104 2939 nem
1117 2886 1238 2941 libr-isti.
1258 2887 1324 2956 lpsa
1339 2887 1437 2958 imago
1446 2887 1547 2956 etipsa
1556 2885 1744 2940 estimitatio.
1758 2886 1865 2941 idcirco

1035 2973 1131 3030 laetus
1146 2976 1260 3030 esttibi
1275 2975 1452 3046 exemplum,
1470 2983 1501 3028 ut
1511 2978 1542 3029 tu
1557 2975 1640 3030 illum
1658 2974 1801 3029 imitando
1824 2975 1865 3029 in·

1034 3063 1153 3119 ducres.
1172 3065 1252 3119 Fecit
1267 3066 1472 3135 corporaliter,
1488 3071 1519 3119 tu
1534 3064 1728 3135 spiritualiter
1747 3065 1865 3119 imitare.

140 3155 286 3212 medulam
301 3153 464 3224 spiritualis
480 3152 684 3224 intelligentiae
700 3153 848 3224 penetrari
866 3153 973 3225 possit,
1032 3153 1112 3221 Etsi,
1121 3154 1224 3225 inquit,
1235 3155 1386 3209 Clrrrstum
1393 3156 1552 3209 secundum
1559 3155 1868 3226 carnemcopnovimcs

140 3246 188 3300 hic
203 3249 249 3299 est
264 3244 417 3299 hordeum.
434 3242 520 3296 Palea
529 3242 648 3313 quidem
663 3258 731 3297 cum
746 3241 847 3297 labore
860 3243 975 3298 excuti·
1027 3242 1092 3314 jam
1103 3260 1160 3298 non
1172 3245 1375 3316 cognoscimus
1386 3243 1425 3314 (Il
1436 3246 1503 3300 Cor.
1516 3245 1556 3314 v).
1570 3244 1602 3297 ln
1613 3244 1750 3314 exemplo
1763 3258 1867 3299 secun·

137 3339 195 3403 tur,
212 3333 342 3387 sadoum
356 3332 392 3386 ad
409 3331 549 3385 interiora
558 3333 743 3403 perveneris,
761 3331 886 3386 dulcedo
905 3349 974 3387 con·

140 3423 253 3478 lortans
263 3422 420 3475 invenitur.
439 3422 558 3476 lnvcnis
573 3422 769 3477 alibisacram
780 3422 972 3493 scripturam,

139 3516 167 3566 et
177 3510 294 3565 levitate
308 3511 666 3582 verborum,etsuavitate
675 3510 880 3566 intellectuum
892 3512 975 3566 blan-

139 3602 277 3656 dientem.
295 3600 370 3655 llinc
381 3605 410 3655 et
419 3601 559 3671 triticum,
573 3602 602 3655 in
613 3601 828 3672 quomcntilius
843 3603 975 3657 suaviter

137 3691 303 3748 nutriendis
317 3690 414 3745 dulcis
424 3689 548 3745 relectio
563 3694 757 3762 praeparatur.
775 3692 835 3746 lsta
852 3692 907 3746 tria
922 3707 974 3764 ge·

137 3798 208 3838 nera
222 3782 309 3854 ponis
321 3782 351 3836 in
366 3796 470 3835 mensa
488 3781 541 3836 Ilei
563 3784 769 3852 proponuntur
782 3785 903 3852 propter
919 3782 974 3835 tria

138 3887 249 3945 genera
277 3858 514 3928 reficiendorum.
546 3871 635 3924 Panis
658 3871 866 3926 subcinericus
890 3871 975 3926 datur

137 3962 329 4033 pauperibus,
339 3963 425 4032 panis
437 3961 621 4016 hordeaceus
632 3960 740 4029 servis,
748 3961 973 4031 penistriticeus

137 4051 217 4105 tlliis.
229 4051 379 4121 Pauperes
395 4050 425 4104 in
440 4064 543 4104 mensa
558 4050 612 4103 Dei
626 4053 705 4120 sunt,
723 4049 773 4121 qui
794 4050 973 4121 semetipsos

136 4140 336 4210 despicientes
352 4138 487 4210 exemplo
507 4139 679 4194 humilitatis
691 4142 720 4193 et
734 4138 912 4210 abjectionis
926 4156 974 4210 pa-

136 4233 233 4284 scunt.
244 4229 369 4284 Serviin
385 4243 489 4284 mensa
504 4229 557 4283 Dei
573 4229 713 4302 sunt,qui
723 4230 754 4283 in
770 4229 868 4285 studio
885 4231 973 4300 spiri-

135 4319 224 4375 tualis
239 4319 460 4375 exercitationis
490 4318 650 4388 constituti,
682 4319 917 4393 fortialquaeque
944 4323 973 4375 et

1034 3334 1104 3388 dum
1114 3348 1232 3389 earnem
1242 3335 1450 3406 cognovimus
1460 3333 1621 3388 imitatione
1632 3333 1798 3388 secundnm
1806 3349 1867 3388 car·

1034 3438 1101 3477 nem
1111 3423 1172 3494 jam
1188 3439 1246 3478 non
1258 3424 1464 3495 eognovimus
1481 3423 1650 3477 &cundum
1662 3437 1783 3477 carnem
1789 3422 1866 3478 cuit

1034 3516 1099 3567 stas
1115 3518 1201 3567 natus
1217 3515 1264 3567 est
1279 3514 1308 3567 in
1322 3513 1447 3584 mundo,
1464 3512 1629 3567 secundum
1644 3511 1866 3583 spiritumveri·

1033 3606 1079 3657 tas
1096 3603 1228 3657 nescitur
1242 3604 1272 3656 in
1288 3603 1377 3658 corde
1392 3608 1452 3657 tuo.
1465 3603 1604 3658 Christus
1615 3602 1645 3656 in
1656 3601 1761 3658 tudae
1775 3602 1866 3658 nasci·

1034 3697 1081 3747 tur
1096 3693 1131 3747 dc
1149 3693 1281 3764 Virgine,
1298 3697 1326 3746 et
1341 3693 1451 3747 veritas
1476 3693 1506 3745 in
1526 3691 1718 3748 confessione
1740 3692 1865 3747 nascitur

1034 3782 1069 3837 de
1085 3783 1219 3852 puritate.
1239 3783 1355 3837 Veritas
1366 3783 1403 3837 de
1412 3789 1495 3837 terra
1507 3789 1572 3836 orta
1584 3787 1639 3848 est,
1658 3787 1688 3837 et
1695 3782 1819 3854 justitia
1832 3781 1864 3836 de

1033 3872 1106 3927 caelo
1126 3872 1283 3943 prospexit
1306 3872 1401 3941 (Psal.
1422 3877 1554 3942 cxxxiv).
1575 3871 1697 3936 Quande
1717 3871 1863 3926 conlitcris

1032 3967 1153 4032 peccata
1169 3965 1227 4032 tua,
1244 3962 1354 4016 veritas
1372 3961 1407 4015 de
1423 3965 1502 4016 terra
1522 3961 1629 4031 oritur,
1655 3961 1773 4033 quando
1795 3974 1861 4016 vcro

1033 4051 1184 4106 conlitenti
1199 4051 1328 4124 ignoscit
1344 4050 1438 4122 Deus,
1462 4050 1585 4121 respicit
1597 4049 1712 4121 iustitia
1727 4050 1764 4105 dc
1780 4050 1859 4105 coelo.

1034 4141 1086 4195 Vis
1102 4144 1133 4195 ut
1149 4141 1228 4197 licus
1245 4145 1342 4195 tecum
1353 4139 1401 4210 sit,
1419 4142 1559 4195 oontlterc
1575 4140 1653 4212 quod
1668 4155 1713 4194 ea.
1729 4141 1803 4195 Cum
1818 4154 1860 4193 ve·

1032 4247 1085 4284 rnx
1100 4246 1168 4286 asse
1185 4231 1324 4302 coeperis,
1341 4230 1452 4284 veritas
1466 4235 1564 4284 tecum
1578 4245 1648 4284 essc
1663 4231 1775 4302 incipit.
1792 4230 1858 4285 Dic:

1031 4321 1127 4374 Malus
1143 4337 1219 4375 sum.
1236 4321 1330 4374 Breve
1345 4320 1469 4375 verbnm
1484 4323 1543 4389 est,
1567 4320 1621 4373 sed
1643 4334 1756 4375 verum.
1781 4320 1860 4375 Veri·

136 4411 311 4466 obscuriorn
320 4409 539 4480 Scripturernm
554 4409 629 4479 loca,
645 4410 733 4480 quasi
743 4424 873 4465 excussa
888 4410 971 4480 palea
987 4436 1013 4497 D
1028 4412 1075 4463 tas
1092 4413 1119 4463 te
1135 4424 1272 4479 veracem
1287 4409 1384 4464 iaciat.
1402 4408 1434 4463 si
1454 4409 1563 4463 veritas
1579 4412 1676 4463 tecum
1697 4412 1761 4479 est,
1788 4409 1861 4464 Dens

136 4501 320 4573 delegentes,
332 4515 399 4554 cum
414 4498 516 4554 labore
531 4499 567 4552 ad
583 4499 740 4553 medullam
757 4499 920 4570 spiritualis
931 4499 972 4552 in·
1027 4503 1125 4554 tecam
1140 4502 1195 4569 est,
1212 4499 1280 4571 quia
1293 4499 1408 4553 Veritas
1419 4501 1465 4553 cst
1480 4497 1570 4553 lleus.
1583 4497 1660 4553 Ecce
1675 4498 1860 4570 quomodcin

136 4591 307 4663 telligentire
321 4589 500 4662 gustandam
514 4588 699 4658 perveniunt.
723 4588 789 4651 Filii
816 4589 847 4641 in
868 4603 972 4644 mensa
1029 4589 1132 4644 iudaea
1140 4587 1425 4660 nasciturChristns,
1437 4589 1465 4642 in
1475 4587 1797 4644 contessioneveritas.
1809 4588 1861 4644 lda-

135 4679 189 4734 Dei
203 4683 273 4735 aunt
294 4680 344 4751 qui
365 4680 395 4734 in
419 4679 564 4733 suavitate
589 4678 755 4733 dulcedinis
781 4680 901 4732 aeternae
923 4694 971 4733 re-
1025 4683 1071 4745 ter
1086 4679 1177 4751 Virgo
1192 4678 1305 4750 puritas
1316 4681 1363 4733 est
1374 4678 1484 4747 cordis,
1495 4693 1562 4732 cnm
1573 4677 1662 4732 corde
1673 4679 1773 4734 credis
1785 4677 1859 4750 quod

135 4770 302 4840 quiescunt.
319 4770 362 4824 De
376 4767 557 4839 pauperibus
572 4768 683 4822 dictum
699 4770 745 4821 est
760 4782 766 4820 :
783 4767 885 4822 Edant
897 4783 972 4838 pau·
1025 4784 1076 4823 ora
1092 4769 1253 4823 confiteris.
1276 4768 1308 4821 ln
1327 4767 1517 4822 consessione
1539 4767 1672 4823 criminis
1686 4768 1802 4839 puritas
1817 4770 1859 4824 ast

130 4873 223 4929 peres
237 4863 267 4913 et
282 4858 498 4913 saturabuntur
506 4857 601 4926 (Psal.
614 4862 687 4927 xxi).
700 4856 731 4911 Si
741 4871 814 4929 ergo
825 4869 972 4928 pauperes
1025 4858 1090 4912 sine
1099 4873 1189 4929 ruga,
1200 4858 1230 4911 in
1242 4857 1432 4912 contessione
1444 4856 1540 4912 landis
1548 4858 1662 4929 puritas
1673 4860 1720 4912 est
1730 4857 1797 4915 sino
1806 4872 1859 4912 ma·

136 4948 235 5018 edunt,
251 4948 302 5020 qui
326 4947 391 5003 solo
420 4948 525 5003 merito
542 4948 660 5019 pietalis
682 4950 854 5017 parcuntur,
880 4947 971 5003 multo
1025 4946 1101 5002 cula.
1118 4947 1149 5000 Si
1165 4947 1275 5002 bonum
1291 4962 1350 5002 non
1364 4947 1499 5016 simulaS,
1515 4962 1576 5002 non
1592 4946 1686 5002 habes
1702 4963 1819 5020 rugam.
1830 4945 1858 5002 Si

135 5037 231 5108 magis
247 5039 337 5106 servi,
355 5041 384 5092 et
394 5037 445 5091 tilii
461 5037 512 5107 qui
526 5052 580 5107 pro
596 5036 971 5108 meritobonioperisprae·
1025 5037 1133 5090 malum
1148 5037 1224 5106 odis,
1242 5053 1301 5092 non
1317 5036 1411 5091 hahes
1425 5035 1580 5090 maculam.
1597 5035 1647 5091 Sic
1661 5036 1777 5092 veritas'
1788 5038 1819 5093 in
1833 5040 1858 5092 te

136 5125 194 5179 mio
207 5127 484 5196 recompensatione
499 5124 666 5182 dilectionis
695 5129 875 5184 reficientur.
893 5130 970 5184 Pan·
1024 5125 1174 5180 desiderio
1190 5127 1364 5197 concipitur,
1380 5140 1480 5197 opere,
1497 5125 1638 5196 noscitur,
1654 5126 1753 5183 studio
1769 5126 1859 5182 nutri·

134 5213 256 5286 peribus
268 5216 443 5286 proponitur
457 5215 543 5286 panis
559 5217 787 5285 subcinericius,
801 5223 833 5273 ut
843 5234 896 5273 eos
906 5220 972 5275 rett-
1024 5218 1082 5286 tur,
1098 5219 1128 5270 ut
1138 5218 1274 5286 preficiat
1284 5220 1368 5271 aetate
1379 5216 1564 5287 inproccssu
1573 5216 1727 5286 temporis,
1740 5218 1859 5288 sapien-

134 5303 970 5379 ointperexemplumconversationis.Servisproponitur
1024 5305 1063 5359 tia
1077 5305 1108 5359 in
1123 5310 1283 5377 augmento
1299 5305 1494 5379 cognitionis,
1518 5306 1613 5378 gratia
1632 5305 1663 5360 in
1677 5306 1859 5362 incremento

133 5394 220 5466 panis
236 5394 431 5465 hordeaceus,
448 5397 479 5450 ut
495 5409 547 5449 ecs
562 5393 676 5449 reliciat
689 5395 877 5466 porsennam
888 5398 968 5456 ildei.
1022 5394 1150 5451 virtutis.
1170 5395 1255 5466 Apud
1266 5394 1402 5450 homines
1419 5395 1449 5449 in
1462 5394 1549 5465 sama,
1561 5395 1639 5466 apud
1650 5394 1744 5451 Deum
1754 5396 1860 5454 incon·

134 5482 200 5541 Filii
214 5483 389 5556 proponitur
401 5484 488 5557 panis
503 5484 647 5556 triticeus,
665 5487 697 5541 ut
710 5499 763 5544 ecs
778 5486 892 5544 reliciat
915 5505 970 5562 per
1022 5485 1157 5543 seientia.
1166 5486 1253 5558 Apud
1264 5485 1400 5542 hemines
1411 5488 1443 5542 ut
1457 5488 1667 5564 cognoscatur,
1678 5486 1757 5560 apud
1765 5484 1870 5544 Deum·

134 5575 356 5634 incitamentum
370 5576 549 5653 dilectionis,
565 5595 712 5656 pauperes
727 5586 764 5640 ad
787 5586 968 5643 consolatio·
1021 5578 1052 5633 nt
1074 5575 1267 5650 8¹0rifl0⁰²ffl¹=
1289 5576 1451 5636 Duodecim
1471 5568 1616 5634 tumtum
1639 5574 1858 5659 illitrufltltm

1020 5669 1164 5743 ascendit,
1176 5669 1245 5741 quia
1259 5674 1328 5745 post
1341 5672 1553 5747 perlectionem
1567 5675 1668 5749 operis
1682 5676 1712 5732 et
1725 5674 1857 5748 duplicae
