3796 6022
1592 228 1654 297 182

480 220 538 286 DE
557 220 700 287 ANIMA
721 218 851 285 LIBER
871 220 1084 298 QUARTUS.

66 427 86 486 il
101 427 181 485 aliud
189 427 253 483 vult
267 442 356 500 quam
366 424 457 482 amari
468 425 570 481 sciens
580 439 680 480 amore
691 423 757 495 ipso
770 410 800 472 Α
817 424 896 496 quod
912 427 1006 480 morte
1022 423 1133 481 Christi
1146 425 1234 483 nobis
1249 442 1309 484 non
1334 429 1477 486 solvatur.
1493 429 1566 488 'l'ota
1580 446 1652 504 spes

64 518 89 574 ni
105 534 138 574 se
149 514 321 573 amaverint.
338 516 443 572 Anima
458 531 561 571 amans
577 514 691 570 cunctis
707 529 757 570 rc·
815 530 880 569 mea
900 515 989 570 estin
1005 519 1098 571 morte
1113 515 1229 571 Domini
1245 517 1313 573 mei.
1330 519 1411 574 Mors
1432 519 1499 592 eius
1514 521 1652 578 meritum

64 609 107 663 uis
118 606 335 677 allectionibus,
353 609 381 661 et
391 609 451 660 tota
462 605 518 660 soli
530 604 672 659 incumbit
682 619 759 658 amc·
814 620 922 673 meum,
940 604 1089 677 refugium
1104 621 1212 673 meum,
1229 606 1321 676 salus,
1338 608 1408 679 vita,
1425 612 1454 665 et
1469 613 1651 669 resurrectio

64 697 115 753 isit
125 697 306 767 respondere
317 696 409 750 amori
419 696 449 749 in
464 694 646 749 redhibendo
657 708 757 749 amore

64 790 106 841 tta
116 786 256 841 infuderit
267 801 300 839 se
315 785 346 839 in
356 799 496 853 amorem,
509 786 649 855 quantum
660 786 706 837 est
721 782 757 837 ad

64 875 167 931 munis
182 874 381 945 profluvium?
392 873 459 927 Nan
470 873 534 943 pari
544 872 676 927 ubertate
692 887 758 926 cur·

64 980 95 1020 nr
117 968 277 1032 statuane,
300 963 380 1017 Deus
404 965 433 1016 et
456 962 563 1029 anima,
586 961 708 1016 Creator
730 963 758 1016 et

87 1057 185 1108 tamen
207 1052 234 1107 si
255 1067 293 1106 ex
318 1055 377 1106 toto
393 1066 427 1105 se
451 1051 544 1105 Deum
563 1049 660 1122 diligit
683 1050 757 1105 nihil

64 1143 72 1197 i
88 1145 180 1198 totuin
201 1146 256 1197 est.
274 1141 340 1196 Non
355 1141 455 1195 timeat
471 1140 566 1193 anima
582 1154 649 1211 quae
667 1142 754 1208 amat,

64 1249 105 1289 nae
120 1248 180 1287 non
203 1234 288 1285 amat.
306 1231 412 1285 Anima
434 1245 537 1284 amans
552 1228 653 1297 ¹fertur
665 1228 754 1299 votis,

64 1322 224 1389 lesideriiS,
234 1320 520 1388 dissimulatmerita,
532 1318 679 1389 majestati
687 1334 757 1373 ocu·

64 1418 80 1481 t,
97 1411 206 1466 claudit
215 1409 368 1479 voluptati.
381 1408 499 1463 Ponens
515 1409 545 1461 in
556 1409 678 1463 salutari
688 1411 716 1463 et
727 1407 758 1462 ll-

814 709 888 750 mea.
906 694 1041 750 Meritum
1056 711 1163 765 meum,
1186 695 1337 751 miseratio
1353 696 1480 754 Domini.
1496 700 1564 755 Non
1583 717 1651 758 sum

814 784 909 837 meriti
934 784 1037 855 inops,
1065 784 1195 856 quandiu
1220 785 1268 841 ille
1292 786 1516 843 miserationum
1539 790 1649 847 oblitus

814 889 872 927 non
883 872 981 928 fuerit.
999 872 1074 928 Etsi
1091 874 1304 929 misericordiae
1322 875 1437 930 Domini
1453 877 1563 950 multae,
1581 896 1649 935 mu-

813 965 861 1016 tus
876 977 933 1034 cgo
957 977 1024 1016 sum
1047 962 1078 1016 in
1100 963 1224 1017 meritis.
1241 962 1355 1028 Quanto
1370 964 1419 1020 ille
1441 967 1589 1036 potentior
1612 969 1650 1025 ad

813 1052 997 1121 salvandum,
1014 1054 1094 1106 tanto
1115 1066 1171 1124 ego
1187 1053 1331 1123 securior,
1348 1053 1474 1109 Peccavi
1493 1059 1649 1126 peccatum

812 1141 925 1214 grande
941 1143 969 1196 et
983 1142 1141 1195 multorum
1155 1156 1223 1196 sum
1237 1142 1309 1196 mihi
1321 1144 1462 1198 conscius
1473 1143 1648 1202 delictorum

812 1230 876 1285 Nec
886 1230 931 1285 sic
939 1231 1076 1302 despero,
1087 1230 1226 1302 quoniam
1238 1230 1289 1286 ubi
1300 1231 1529 1288 abundaverunt
1538 1234 1648 1291 delicta

813 1319 1067 1390 superabundavit
1083 1325 1113 1375 et
1128 1320 1226 1392 qratia
1242 1320 1337 1391 (Rern.
1349 1320 1390 1391 v).
1402 1320 1457 1386 Qui
1466 1322 1649 1394 desperatde

812 1410 899 1464 venia
913 1413 1100 1480 peccatorum
1111 1425 1244 1479 sucrum,
1257 1413 1346 1482 negat
1357 1410 1450 1465 Deum
1459 1426 1528 1467 esse
1536 1413 1650 1468 miseri-

64 1517 76 1555 r
94 1516 188 1573 agens
209 1499 241 1553 in
264 1514 309 1553 ec.
327 1499 435 1552 Amore
460 1497 555 1551 enimn
579 1497 702 1565 secedit,
729 1501 757 1552 et
813 1499 942 1553 cordam.
964 1498 1100 1571 Magnam
1122 1498 1262 1571 injuriam
1277 1500 1338 1554 Deo
1359 1498 1438 1570 facit,
1457 1500 1506 1572 qui
1522 1501 1558 1556 ds
1582 1501 1650 1574 ejus

64 1589 236 1660 icorporeis
257 1587 410 1657 sensibus,
428 1590 459 1641 ut
478 1602 547 1641 sese
562 1603 621 1641 non
637 1587 754 1656 sentiat,
813 1588 1017 1660 misericordia
1033 1588 1148 1644 diffidit.
1165 1587 1310 1653 Quantum
1325 1588 1356 1643 in
1371 1604 1405 1644 se
1419 1593 1467 1645 est
1482 1593 1570 1663 negat
1581 1606 1650 1647 eum

64 1679 215 1746 msentit3
244 1676 300 1731 hoc
317 1676 430 1730 lituum
446 1691 528 1730 mens
543 1673 685 1730 ineffabili
703 1675 756 1730 Dei
813 1677 923 1732 habere
946 1677 1128 1748 charitatem,
1145 1678 1308 1749 veritatem,
1329 1681 1515 1749 potestatem,
1532 1681 1563 1735 in
1580 1680 1648 1752 qui-

63 1766 188 1822 ileedine
203 1765 419 1836 quodammodo
435 1780 468 1818 se
484 1765 542 1819 sibi
556 1764 679 1834 furatur,
696 1765 755 1819 imo
771 1735 797 1798 Β
813 1766 870 1822 bus
885 1770 944 1821 tota
954 1782 1024 1837 spes
1033 1782 1097 1821 mea
1108 1767 1254 1838 consistit,
1265 1767 1381 1823 scilicet
1389 1768 1419 1822 in
1430 1768 1572 1825 charitate
1580 1769 1651 1825 ado·

64 1859 141 1928 itque
157 1856 282 1911 elabitur
296 1870 312 1907 a
328 1853 487 1923 seipsa,'ut
509 1853 570 1908 Deo
587 1854 701 1908 fruatur
719 1853 755 1908 ad
814 1856 933 1927 ptionis,
949 1856 979 1911 in
993 1857 1116 1912 veritate
1130 1857 1350 1927 promissionis,
1374 1857 1405 1913 in
1418 1861 1564 1929 potestate
1579 1860 1650 1915 red·

64 1948 142 2000 rtem.
169 1945 250 2000 Nihil
266 1947 324 1997 tam
337 1942 502 2013 ,iucundum
518 1944 577 1999 nisi
600 1946 682 1998 esset
698 1946 755 1997 tarn
814 1947 944 2002 ditionis.
960 1946 1122 2002 Murmuret
1135 1946 1196 2018 jam
1208 1949 1348 2019 quantum
1362 1947 1490 2003 voluerit
1503 1947 1649 2020 insipiens

64 2066 77 2089 i.
95 2035 187 2090 Amor
202 2034 250 2088 dat
274 2031 501 2087 familiaritatem
516 2033 579 2101 Dei,
602 2031 756 2086 familiari·
813 2037 953 2108 cogitatio
967 2051 1042 2105 mea,
1060 2037 1164 2091 dicens
1182 2052 1188 2092 :
1205 2035 1277 2101 Quis
1293 2036 1413 2092 enimes
1423 2040 1465 2106 tu,
1482 2039 1532 2091 aut
1541 2041 1651 2110 quanta

64 2140 96 2192 n,
119 2140 212 2179 ausus
233 2127 363 2197 gustum,
388 2128 496 2199 gustus
518 2123 634 2177 famem.
651 2122 756 2176 Anima
813 2129 860 2181 cst
873 2125 978 2199 gloria,
994 2125 1141 2197 quibusve
1156 2126 1270 2181 meritis
1285 2125 1508 2181 illamobtinere
1524 2128 1650 2196 speras?

64 2213 115 2286 igit
129 2229 213 2268 amor
228 2214 291 2285 Dei,
308 2215 382 2270 nihil
397 2214 476 2268 aliud
499 2215 597 2284 potest
613 2212 754 2282 cogitare,
814 2213 849 2270 Et
860 2230 916 2288 ego
925 2215 1100 2270 fiducialiter
1110 2215 1276 2286 respondeo
1289 2229 1295 2270 :
1311 2214 1379 2270 Scio
1389 2215 1437 2270 cui
1448 2214 1570 2287 credidi,
1581 2215 1650 2288 quia

64 2301 186 2372 idemne,
203 2303 374 2375 frequenter
389 2304 520 2374 suspirat
536 2302 639 2356 dicens
652 2316 658 2354 ε
672 2298 757 2353 Sicut
814 2306 843 2360 in
865 2305 1005 2359 charitate
1026 2304 1115 2359 nimiu
1130 2304 1279 2376 adoptavit
1293 2320 1339 2360 me
1355 2304 1385 2359 in
1400 2304 1502 2374 tilium,
1519 2304 1588 2376 quin
1602 2320 1651 2360 ve-

64 2392 201 2447 esidvffll
215 2393 364 2448 adfantes
379 2409 527 2465 addetum,
545 2392 587 2444 1'23
603 2388 757 2444 desiderat
812 2410 866 2449 rax
881 2397 927 2448 est
942 2393 973 2448 in
986 2392 1196 2465 promissione,
1212 2393 1357 2465 potensin
1368 2393 1560 2465 exhibitione,
1573 2395 1603 2449 et
1615 2393 1650 2448 li-

64 2497 89 2534 ra
99 2481 137 2536 ad
149 2488 187 2548 te,
201 2482 464 2553 Dens(Psal.xn1l.
479 2482 556 2536 Deus
567 2495 666 2562 amore
677 2477 758 2532 venit
814 2487 859 2538 cet
874 2483 900 2538 ei
912 2483 1099 2554 facerequod
1113 2483 1185 2538 vult.
1195 2484 1262 2538 Non
1270 2498 1394 2554 possum
1404 2482 1509 2539 terreri
1516 2482 1650 2539 multitu-

64 2585 123 2639 nes,
143 2573 224 2626 venit
239 2571 268 2625 in
293 2571 440 2639 hominos,
461 2571 556 2624 factus
583 2571 630 2623 cst
656 2568 755 2623 homo.
814 2573 881 2628 dine
889 2576 1079 2644 peccatorum
1090 2573 1117 2628 si
1126 2589 1207 2629 mors
1216 2573 1331 2628 Domini
1341 2573 1371 2628 in
1382 2575 1510 2627 mentem
1522 2573 1648 2644 venerit,

64 2674 118 2714 cus
130 2659 475 2714 invisibilisservissuis
487 2658 638 2712 lactusest
649 2655 756 2710 similis
814 2662 953 2733 quoniam
969 2665 1090 2734 peceato
1108 2678 1173 2717 men
1193 2663 1275 2717 illum
1294 2663 1414 2718 vincere
1436 2677 1495 2719 non
1510 2664 1648 2733 possunt.

64 2748 214 2804 ulceratus
229 2752 276 2803 est
291 2753 412 2820 propter
428 2748 532 2803 delicta
548 2748 661 2801 nostra.
813 2750 894 2806 Clavi
911 2755 939 2808 et
953 2752 1055 2808 lancea
1071 2752 1198 2806 clamant
1211 2751 1284 2806 mihi
1298 2750 1378 2824 quod
1390 2767 1462 2807 vere
1479 2751 1651 2808 reconcilia·

64 2853 93 2910 η
101 2856 207 2928 ,θᾳηῑθ
217 2860 276 2911 2013
286 2861 315 2911 ρ»
327 2855 412 2911 prm„
423 2855 454 2909 ῃ,
467 2852 650 2918 pauperibus,
666 2851 759 2906 visce-
813 2843 861 2896 tus
877 2843 935 2898 sim
948 2840 1078 2912 Christo,
1095 2843 1121 2897 si
1137 2858 1204 2897 eum
1222 2857 1369 2897 amavero.
1386 2842 1520 2914 Longius
1535 2841 1651 2914 aperuit

68 2949 100 2999 οι
113 2950 210 2999 mom
227 2945 351 3010 Christi,
371 2960 434 3018 φρ,
454 2943 491 2999 „p
507 2941 643 2997 omnihus
654 2946 756 3013 prone.
814 2931 885 2986 mihi
899 2931 977 2986 latus
992 2931 1102 2986 Christi
1117 2931 1228 3002 lancea,
1246 2934 1275 2986 et
1289 2945 1345 3003 ego
1365 2930 1483 3002 intravi,
1499 2933 1529 2987 et
1542 2931 1583 2987 ibi
1599 2947 1649 2987 re-

64 3032 122 3089 0155
137 3040 166 3087 ει
181 3034 314 3088 insidiis,
813 3020 936 3093 quiesco
952 3036 1089 3076 securus.
1105 3021 1160 3086 Qui
1174 3021 1351 3089 timetamet,
1363 3020 1503 3092 quonium
1510 3020 1649 3093 perfecta

80 3140 162 3196 llrma
173 3141 294 3212 requies
309 3144 356 3196 est
371 3142 496 3196 infirmis
506 3143 533 3195 et
544 3137 752 3211 peccatoribus

64 3228 146 3284 ribus
161 3229 334 3284 Salvatoris.
350 3229 481 3285 Securus
499 3230 558 3284 illic
574 3229 683 3298 habito,
703 3244 753 3298 pa·

77 3319 194 3373 viscere
206 3335 259 3390 per
268 3318 402 3374 vulnera.
418 3317 565 3390 Quidquid
576 3335 613 3374 cx
626 3333 672 3372 mc
681 3316 753 3373 mihi

64 3423 138 3478 urpo
153 3407 226 3462 mihi
242 3424 279 3462 ex
289 3408 459 3463 visceribus
476 3407 592 3462 Domini
602 3407 668 3476 mei,
681 3421 753 3477 quo-

64 3497 219 3552 icriccrdia
238 3497 371 3567 efflarunt,
396 3512 450 3551 noc
471 3496 578 3551 desunt
597 3494 751 3564 foramina,

64 3584 194 3641 effluant.
213 3586 269 3641 Per
285 3586 430 3640 foramina
442 3586 576 3656 corporis
588 3587 666 3656 patet
681 3583 753 3639 mihi

69 3674 180 3745 cordis,
197 3676 275 3745 patet
290 3691 430 3748 magnum
444 3674 561 3745 pietatis
583 3689 752 3729 sacramen·

64 3766 109 3820 ent
132 3764 248 3821 viscera
268 3763 482 3819 misericordiae
511 3762 564 3818 Dei
589 3763 694 3834 nostri,
720 3764 751 3818 in

64 3852 174 3907 'sitavit
189 3853 353 3907 nosoriens
363 3869 403 3908 ex
412 3852 471 3908 alto
483 3852 565 3921 (Luc.
579 3852 609 3923 r).
622 3852 751 3908 Vulnera

64 3956 114 3997 esu
128 3941 215 4012 plena
230 3942 299 3996 sunt
309 3941 524 4010 misericordia,
536 3941 622 4012 plene
632 3941 749 4013 pietate,

65 4030 170 4085 ccdine
185 4033 213 4085 et
228 4028 380 4084 charitate.
398 4030 547 4085 Foderunt
561 4045 668 4084 manus
682 4028 749 4100 ejus

84 4121 113 4174 et
132 4118 210 4174 latus
237 4119 340 4173 lancea
367 4119 538 4174 foraverunt
562 4116 658 4187 (Psal.
679 4135 747 4187 xxi,

64 4211 104 4264 'er
116 4208 171 4263 has
187 4208 278 4263 rimas
296 4208 364 4263 licet
379 4207 450 4262 mihi
462 4210 593 4281 gustare,
610 4206 748 4278 quoniam

64 4294 222 4352 tDominus
229 4312 324 4367 meus,
335 4297 473 4368 quoniam
481 4311 584 4351 revera
592 4295 705 4363 suavis,
713 4310 748 4348 ac

773 3079 947 3166 ccharitas
960 3109 1045 3165 foras
1058 3110 1151 3163 mittit
1166 3109 1301 3163 timorem
1316 3108 1345 3178 (I
1359 3108 1442 3164 doen.
1460 3109 1511 3180 rv).
1528 3109 1649 3164 Nullum

812 3201 871 3253 tam
886 3201 1050 3270 potensest
1064 3201 1093 3252 et
1102 3201 1161 3253 tem
1171 3196 1279 3252 efficax
1291 3199 1393 3253 contra
1404 3197 1540 3253 ardorem
1550 3194 1648 3252 libidi-

812 3289 860 3346 nis
877 3288 1131 3358 medicamentum,
1148 3302 1236 3359 quam
1255 3302 1337 3342 mors
1357 3285 1564 3357 Redemptoris
1578 3287 1647 3343 mei.

812 3378 952 3434 Extendit
964 3377 1085 3433 brachia
1105 3378 1206 3432 suain
1223 3392 1322 3447 cruce,
1339 3379 1368 3431 et
1384 3374 1523 3446 expandit
1541 3391 1647 3432 manus

813 3484 884 3524 suas
893 3468 923 3522 in
934 3483 1022 3523 cruce
1030 3469 1150 3539 paratus
1166 3467 1196 3521 in
1212 3466 1367 3538 amplexus
1386 3468 1585 3538 peccatorum.
1598 3466 1648 3521 ln-

812 3561 857 3612 ter
871 3557 994 3613 brachia
1007 3556 1170 3612 Salvmmis
1189 3556 1246 3612 mei
1263 3559 1291 3612 et
1305 3557 1407 3611 vivere
1422 3556 1501 3625 volo,
1524 3557 1554 3611 et
1572 3555 1649 3610 mori

812 3647 908 3719 cupio.
922 3647 964 3703 Ibi
973 3661 1100 3703 securus
1109 3646 1272 3702 decantabo
1284 3661 1291 3701 τ
1302 3644 1452 3701 Exaltabo
1461 3650 1500 3714 te,
1511 3644 1645 3712 Domine,

811 3738 946 3811 qnoniam
952 3736 1114 3809 suscepisti
1125 3751 1181 3803 me,
1194 3751 1249 3791 nec
1255 3734 1414 3791 delectasti
1421 3732 1649 3789 inimicosmeos

810 3843 901 3900 snper
914 3842 960 3883 me
970 3825 1067 3897 (Psal.
1083 3823 1199 3896 xxxix).
1212 3823 1347 3880 Salvator
1354 3825 1456 3878 noster
1466 3824 1553 3893 caput
1563 3821 1647 3877 incli-

810 3917 890 3972 navit
905 3917 935 3970 in
950 3918 1045 3972 morte
1061 3917 1092 3970 ut
1107 3913 1209 3969 osenla
1225 3914 1308 3968 daret
1321 3910 1438 3967 dilectis
1452 3910 1527 3967 suis.
1544 3910 1646 3968 Toties

810 4004 966 4060 Dominum
980 4003 1160 4075 osculamur,
1176 4001 1294 4076 quoties
1309 4000 1340 4057 in
1355 3999 1423 4074 ejus
1442 4013 1543 4057 amore
1563 4015 1646 4057 ccm-

809 4108 979 4164 pungimur.

808 4198 878 4254 er.
899 4199 950 4255 Xl.
965 4198 1126 4255 Excitatnr
1141 4199 1237 4254 anima
1260 4198 1298 4254 ad
1319 4197 1473 4255 amandum
1493 4195 1646 4255 Christum

916 4276 946 4327 et
960 4286 994 4327 sc
1008 4270 1055 4324 illi
1069 4270 1310 4327 conformandam
1320 4286 1379 4342 per
1392 4285 1532 4326 amorem.

64 4387 152 4442 cultae
163 4386 377 4442 misericordiae
389 4385 526 4440 omnibus
538 4384 746 4439 invocantibus
765 4393 792 4455 Ι)
842 4379 866 4434 Ο
887 4379 983 4434 anima
1004 4393 1078 4450 mea,
1104 4377 1246 4450 insignita
1261 4376 1315 4432 Dei
1334 4378 1473 4449 imagine,
1495 4375 1648 4448 redempta

64 4474 168 4545 nitate,
190 4476 328 4531 omnibus
344 4474 561 4546 inquirentibus
578 4476 606 4528 et
620 4473 747 4528 maxime

64 4578 115 4619 us.
139 4563 266 4634 Copiosa
280 4564 442 4634 redemptio
464 4564 529 4617 data
544 4567 589 4618 est
605 4563 692 4618 nobis
717 4563 747 4617 in

64 4666 85 4707 s
99 4651 262 4707 Salvatoris
279 4654 373 4708 nostri
393 4652 490 4721 (Psal.
508 4653 620 4723 cxxix).
639 4652 746 4724 Magna

74 4740 251 4811 dulcedinis,
268 4741 543 4814 gratiaeplenitudo,
561 4745 589 4796 et
602 4741 745 4812 perfectio

84 4828 158 4887 Cum
172 4845 219 4886 me
244 4830 341 4901 pulsat
361 4831 458 4901 aliqua
478 4831 572 4901 turpis
589 4830 743 4902 cogitatio,

64 4918 84 4975 d
104 4919 228 4975 vulnera
248 4919 369 4975 Christi.
388 4918 461 4975 Cum
481 4934 528 4974 me
547 4919 654 4990 promit
676 4932 745 4973 caro

64 5008 200 5064 rdctione
219 5009 375 5064 vulnerum
397 5008 514 5062 Domini
529 5008 587 5062 mei
606 5023 744 5081 resurge.

65 5096 133 5153 olus
148 5101 231 5169 parat
242 5097 367 5152 insidias
382 5096 463 5167 mihi,
480 5096 563 5169 fugio
577 5096 614 5150 ad
630 5097 747 5152 decena

64 5184 109 5257 rei,
126 5190 153 5240 et
168 5184 280 5240 recedit
294 5202 309 5238 a
325 5201 381 5240 me.
398 5185 429 5240 Si
445 5184 674 5240 ardorlibidinis
685 5201 747 5241 mo·

64 5274 121 5328 ¹bra
136 5289 211 5343 mea,
227 5274 431 5328 recordatione
447 5273 604 5329 vulnerum
613 5273 680 5329 Filii
695 5275 748 5330 Dei

64 5365 119 5417 tur.
137 5364 168 5417 ln
185 5363 322 5417 omnibus
334 5363 565 5417 adversitatibus
579 5380 638 5418 non
649 5363 750 5418 inveni

64 5468 90 5506 ni
98 5453 262 5508 remedium
274 5469 361 5524 quarn
370 5453 493 5508 vulnera
505 5453 627 5508 Christi.
642 5452 674 5505 ln
688 5452 748 5508 illis

64 5556 176 5613 tcurus,
195 5545 222 5598 ci
240 5543 397 5615 requiesco
412 5543 590 5613 intrepidus,
612 5540 750 5597 Christus

64 5634 105 5689 est
118 5648 172 5706 pro
192 5633 290 5690 nobis.
316 5631 396 5688 Nihil
412 5634 470 5687 tem
492 5631 593 5689 estad
611 5633 748 5704 mortem,

808 4469 1081 4542 Christisanguine,
1094 4467 1274 4538 desponsata
1284 4465 1351 4534 lide,
1361 4466 1457 4520 dotata
1468 4462 1589 4536 Spiritu,
1601 4480 1647 4522 er·

807 4563 873 4614 natu
883 4558 1053 4628 virtutibus,
1065 4558 1202 4629 deputata
1213 4572 1280 4611 cum
1289 4555 1417 4629 angelis,
1430 4553 1520 4627 dilige
1532 4551 1614 4609 illum
1628 4570 1646 4608 a

805 4665 863 4721 quc
878 4650 1030 4719 tantopere
1046 4646 1151 4701 dilecta
1170 4662 1214 4701 es.
1232 4644 1353 4700 Intende
1376 4640 1429 4715 illi,
1445 4644 1496 4716 qui
1519 4643 1644 4699 intendit

803 4738 866 4793 tibi.
889 4736 995 4802 Quaere
1010 4739 1192 4809 quaerentem
1214 4738 1252 4790 te.
1278 4734 1352 4788 Ama
1375 4746 1507 4790 amorem
1521 4733 1649 4805 tuum,a

803 4842 861 4899 quo
877 4825 997 4897 amaris,
1008 4824 1097 4896 emus
1108 4839 1208 4878 amore
1219 4825 1370 4895 praeventa
1379 4837 1423 4894 es,
1437 4822 1487 4896 qui
1498 4824 1545 4878 est
1556 4838 1648 4879 causa

804 4916 914 4971 amoris
930 4914 981 4970 tui.
1008 4915 1076 4984 lpse
1097 4915 1144 4967 est
1161 4913 1309 4983 meritum,
1332 4913 1399 4984 ipse
1421 4914 1467 4969 est
1482 4911 1648 4984 praemiumi

805 5006 870 5078 ipse
882 5005 1006 5074 fructus,
1016 5004 1082 5074 ipse
1094 5018 1179 5073 usus,
1191 5002 1256 5073 ipse
1266 5002 1344 5059 fluis.
1358 5001 1431 5059 Esto
1440 5003 1569 5059 sollicita
1581 5019 1650 5060 cum

806 5094 944 5164 sollicito,
962 5108 1030 5148 curn
1043 5095 1167 5147 vacante
1181 5108 1303 5163 vacans,
1316 5108 1385 5148 cum
1399 5092 1509 5146 mundo
1523 5091 1642 5163 munda,

807 5187 835 5239 et
850 5200 917 5239 cum
932 5183 1035 5236 sancto
1052 5184 1164 5235 sancta.
1177 5181 1299 5246 Qualem
1314 5184 1343 5235 te
1353 5181 1508 5252 paraveris
1525 5181 1597 5252 Deo,
1607 5185 1650 5236 ta-
1678 5190 1685 5199 '

807 5273 845 5328 lis
862 5274 996 5343 opportet
1015 5274 1155 5342 appareat
1170 5271 1223 5326 tibi
1240 5271 1330 5325 Deus.
1348 5269 1461 5324 Suavis
1477 5274 1507 5325 ct
1522 5271 1607 5326 mitis
1622 5276 1652 5326 et

808 5361 907 5417 multae
922 5360 1243 5432 misericordireffsal.
1260 5360 1372 5430 cxxxv)
1382 5375 1492 5415 suaves
1508 5363 1537 5415 et
1547 5359 1650 5414 dulces

810 5455 838 5506 et
852 5450 980 5507 humiles
995 5453 1025 5505 et
1039 5449 1251 5506 misericordes
1263 5449 1397 5521 requirit.
1410 5450 1483 5504 Ama
1495 5448 1588 5518 illum,
1601 5447 1656 5521 qui

811 5540 914 5595 eduxit
933 5542 961 5594 te
977 5539 1014 5594 dc
1034 5539 1097 5594 laon
1115 5539 1255 5606 miserico,
1278 5544 1308 5593 ct
1324 5539 1361 5594 dc
1376 5538 1439 5594 luto
1457 5538 1535 5592 fecis
1552 5535 1655 5607 (Psal-

809 5630 925 5703 xxxrx).
935 5628 1020 5705 Elige
1031 5629 1115 5686 illum
1123 5629 1250 5688 amicum
1259 5631 1342 5686 tuum
1351 5644 1414 5705 prae
1425 5625 1563 5686 omnibus
1574 5626 1649 5684 ami-
