3796 6022
130 261 190 335 em

542 261 763 330 APPENDIX
776 265 835 330 An
850 263 1042 332 HUGONIS
1058 265 1200 331 OPERA
1216 265 1415 331 MYSTICA.

1800 260 1854 332 928

134 485 198 527 euru
217 465 493 541 multiplicaveritis
517 468 696 538 orationem,
718 482 774 524 uon
795 466 966 533 exaudiam·
981 448 1011 513 Α
1025 484 1092 523 mus
1104 467 1230 540 denique
1241 484 1308 541 quae
1318 472 1387 524 sunt
1399 468 1464 524 istae
1481 468 1599 539 vestes,
1619 468 1648 524 et
1658 481 1728 540 quae
1742 480 1799 538 ρει
1808 480 1854 523 eas

69 547 73 557 ’
134 576 239 617 manus
250 560 328 614 enim
339 563 448 614 vestrm
458 558 603 629 sanquine
610 558 707 630 plnum
717 557 829 627 suntid
837 560 892 627 est,
900 573 968 628 peo-

137 651 201 705 outo
213 647 282 718 (lsa.
295 648 326 718 1).
339 646 375 702 Et
384 647 616 718 perMuluehiam
627 647 814 718 prophetam:
826 647 907 703 Eece
915 662 970 719 ego

135 736 292 810 projiciam
306 736 390 791 vohis
399 736 563 803 brachium,
576 740 606 792 et
616 736 786 808 dispergam
797 752 888 808 super
907 735 970 791 vul·

139 832 198 882 tum
218 829 348 879 vestrum
369 831 487 880 stercus
502 826 720 881 solemnitatum
742 832 918 891 vestrarum,
942 828 971 880 ot

140 919 270 968 assumet
293 929 344 967 vos
362 929 461 968 secum
477 914 555 969 dixit
570 915 712 969 Dominus
722 915 840 986 (ululae.
856 922 897 985 ιι).
916 915 973 968 Ρει

139 1002 973 1074 aliumquequeprophetumdetalibusdioitur:Putabant

142 1106 175 1145 se
186 1091 300 1146 habere
312 1108 380 1146 vasa
395 1094 505 1148 cantici
512 1094 589 1147 sicut
600 1093 818 1162 Davithmos.
830 1093 881 1163 vr).
898 1093 973 1147 Dum

142 1180 252 1234 etenim
261 1180 421 1236 subtilibus
434 1182 559 1237 vocibus
570 1183 661 1238 verba
672 1182 781 1238 divium
791 1181 886 1237 laudis
898 1181 974 1236 sibi-

1027 555 1855 630 siguitioeuturvirtutes.Suntergovestimenta,interior
1882 596 1885 605 .

1026 646 1114 717 linea,
1127 649 1257 703 exterior
1266 648 1381 703 scilicet
1389 647 1465 717 alba,
1474 645 1854 718 amictussuperhumeree,

1028 737 1107 807 quod
1121 752 1177 791 nos
1193 735 1447 807 superhumerale
1463 736 1562 792 dicere
1577 748 1755 805 possumus,
1772 748 1855 803 roua,

1028 824 1114 893 stola,
1127 826 1284 896 manipula,
1297 826 1399 880 insula.
1415 826 1490 881 Ante
1506 824 1603 879 omnio
1618 824 1708 879 debet
1719 821 1856 878 sacerdos

1031 914 1201 985 quotidiana
1224 915 1399 971 vestimenta
1421 915 1584 984 deponere,
1617 912 1726 967 deinde
1758 926 1855 966 manua
1884 934 1888 973 ι,

1029 1002 1161 1073 abluere,
1173 1006 1200 1057 et
1212 1002 1703 1058 siocandidavestimeutasumere.
1711 999 1856 1071 Depositis
1885 986 1889 1073 j

1030 1091 1267 1162 quotidianorum
1277 1092 1520 1147 vestimentorum
1531 1090 1682 1162 signifieat
1692 1087 1805 1145 veteris
1812 1087 1857 1142 ho·

1031 1180 1350 1252 minisdepositiouem,
1363 1180 1473 1236 ablutio
1486 1178 1856 1234 manuumcriminumoou·

1032 1269 1206 1338 sessionem,
1216 1270 1379 1340 assumptio
1391 1284 1536 1324 novorum
1550 1268 1799 1324 vestimentorum
1806 1266 1856 1320 vir·
1888 1276 1891 1325 t

1036 1362 1128 1414 tutum
1151 1360 1401 1415 exercitationem.
1421 1359 1512 1414 Linea
1527 1357 1649 1413 interior
1663 1355 1792 1411 interius
1806 1357 1856 1425 est,
1889 1342 1893 1391 ἶ

1033 1448 1311 1504 extoriorextcrius.
1322 1448 1381 1503 Ista
1396 1451 1441 1504 est
1456 1449 1486 1502 in
1502 1446 1628 1514 occulto,
1640 1445 1692 1499 illa
1702 1445 1734 1499 in
1745 1444 1856 1499 manile·
1889 1394 1894 1509 i

141 1268 211 1340 lant,
224 1274 253 1326 et
269 1270 379 1341 duplici
394 1274 444 1326 aut
454 1272 562 1343 triplici
582 1271 780 1327 modulatione
796 1272 910 1327 cantica
922 1285 974 1325 so·

142 1361 222 1431 nant,
234 1375 302 1415 vasa
312 1361 423 1415 cantici
430 1361 582 1417 sehabere
591 1361 668 1417 sieut
677 1361 776 1416 David
782 1365 896 1432 putant,
907 1359 976 1430 quia

143 1464 177 1504 se
188 1464 259 1504 vere
269 1449 437 1505 laudatores
447 1467 516 1506 esse
527 1451 580 1506 Dei
592 1451 770 1506 existimant.
781 1450 907 1506 Sednon
915 1447 976 1518 pla·

145 1541 192 1593 cet
201 1554 270 1609 vox,
289 1540 358 1610 quia
372 1539 431 1594 vita
445 1539 590 1611 displicet.
601 1540 665 1595 Nos
676 1556 759 1613 ergo,
777 1539 896 1608 fratres,
909 1553 978 1592 eeu·
1036 1543 1092 1593 sto.
1111 1538 1168 1591 Ista
1180 1538 1258 1607 latet,
1270 1537 1320 1591 illa
1337 1539 1425 1608 patet.
1437 1537 1597 1607 Propterea
1610 1534 1735 1589 interior
1750 1533 1856 1606 signifi·
1891 1538 1895 1565 ¹

144 1629 241 1682 temus
253 1627 377 1683 Domino
387 1629 465 1684 siout
480 1630 619 1701 praecepit
630 1630 797 1684 Psalmista.
808 1629 875 1684 llex
884 1628 979 1683 omnis
1036 1630 1082 1683 eat
1091 1627 1261 1682 munditiam
1273 1626 1382 1697 cordis,
1393 1626 1523 1681 exterior
1533 1624 1707 1679 munditiam
1722 1622 1854 1694 eorporis.
1892 1614 1896 1649 ¹

145 1720 237 1770 terrae
245 1717 335 1786 Deus,
345 1717 467 1789 psallite
478 1718 835 1790 sapienter(Psul.xnvr).
848 1717 924 1783 Quid
936 1734 982 1774 sa.
1037 1717 1132 1787 Super
1147 1716 1307 1785 humerale,
1323 1716 1402 1787 quod
1418 1731 1507 1786 supra
1523 1714 1666 1769 humeros
1678 1712 1808 1784 ponitur,
1817 1710 1857 1767 nbi

144 1804 279 1876 pientur?
290 1806 357 1861 Non
373 1808 467 1863 simus
485 1808 586 1879 pravis
597 1808 739 1878 operibus
760 1808 860 1879 dediti,
873 1823 932 1862 non
949 1807 981 1862 iu
1039 1822 1128 1862 onero
1137 1806 1233 1861 solent
1242 1805 1362 1875 imponi,
1374 1804 1559 1859 tolerantiam
1570 1803 1766 1873 praesentium
1777 1800 1857 1873 signi·
1893 1816 1897 1855 i

145 1893 299 1964 psallendo
311 1896 412 1951 verbis
425 1898 530 1952 otiosis
548 1897 661 1967 intenti,
673 1913 732 1952 nou
752 1896 838 1951 vauis
854 1895 981 1967 aspecti·
1039 1896 1106 1951 flexit
1115 1895 1257 1962 laborum,
1270 1910 1337 1965 quae
1346 1894 1434 1948 nobis
1449 1892 1621 1948 necessaria
1633 1893 1692 1960 est,
1704 1891 1730 1945 si
1743 1889 1805 1945 veri
1818 1904 1858 1944 ea·

145 1981 203 2038 bus
216 1984 337 2056 curiosi,
357 2002 416 2042 non
428 1988 491 2042 risu
502 1987 713 2052 dissoluti,nou
725 2002 857 2042 excursu
868 1989 896 2041 et
916 1985 980 2040 dis·
1039 1986 1174 2041 oei-dotes
1183 1985 1320 2040 volumus
1329 1998 1408 2038 esse.
1422 1982 1507 2037 Unde
1516 1981 1552 2036 de
1562 1980 1621 2035 illis
1631 1979 1684 2052 qui
1699 1993 1766 2035 eum
1774 1977 1859 2051 perdi·
1893 1958 1897 2035 i

145 2077 486 2149 eursuvagi.Cantemus
496 2075 979 2149 sieutquidnmrersihcntordioit.
1038 2075 1144 2129 derunt
1154 2075 1296 2144 seriptum
1307 2076 1369 2127 est:
1387 2071 1434 2126 Vae
1447 2071 1497 2126 lais
1508 2071 1557 2144 qui
1564 2069 1768 2142 perdiderunt
1777 2066 1859 2123 susti·
1893 2062 1896 2083 '

201 2188 344 2244 Omnibus
358 2187 407 2242 his
421 2187 507 2242 horis
517 2187 618 2242 eadem
638 2202 694 2242 vox
708 2187 810 2242 cordis
824 2193 854 2242 et
869 2189 942 2244 oris.

204 2277 265 2334 Vox
276 2282 322 2333 est
332 2283 418 2349 pratu
437 2277 531 2347 chori,
543 2277 657 2351 quaudo
675 2293 727 2332 eor
736 2277 923 2333 concinitori.

181 2387 340 2442 Cantemus
355 2385 445 2458 igitur
469 2385 592 2441 Domino
608 2385 754 2439 canticum
770 2400 889 2454 novum,
912 2384 981 2455 quia

145 2475 292 2530 mirabilia
308 2474 386 2544 feeit,
409 2477 438 2529 et
458 2490 517 2529 uon
532 2473 629 2529 solum
645 2473 712 2544 quia
729 2474 799 2528 feeit
817 2473 871 2528 sed
894 2473 980 2528 etiam

145 2564 214 2635 quia
234 2563 380 2619 mirabilia
405 2562 538 2618 fauturus
563 2566 619 2618 est.
646 2562 728 2618 Ferit
749 2562 807 2617 duo
830 2562 979 2633 praecipua

143 2653 310 2708 mirabilia:
337 2668 428 2707 uuum
451 2653 481 2706 in
504 2651 652 2706 creatione
676 2651 786 2720 muudi,
809 2650 933 2706 alterum
949 2651 979 2706 iu

143 2743 345 2814 redemptione
360 2741 481 2815 generis
496 2739 626 2796 humani.
642 2739 679 2794 Et
693 2739 826 2795 tacturus
842 2741 889 2796 est
902 2739 976 2796 duo:

143 2847 234 2888 uuum
259 2832 287 2885 in
312 2831 503 2886 renovatione
526 2830 633 2901 arenti,
659 2829 783 2883 alterum
808 2829 839 2883 in
866 2829 977 2901 glorifi-

144 2922 258 2977 catione
278 2921 432 2992 redempti.
455 2921 487 2975 ln
507 2919 565 2974 flue
580 2934 707 2989 namque
728 2918 841 2988 saeculi,
859 2918 976 2990 quaudo

142 3025 218 3065 nova
234 3010 322 3065 saciet
341 3008 453 3081 omnia,
474 3011 545 3064 tuuc
561 3007 648 3062 laieiet
667 3006 812 3062 mirabilia
841 3007 871 3062 iu
887 3023 977 3063 reno-

1040 2164 1188 2220 ucntiam!
1202 2162 1315 2231 (liceto.
1329 2164 1371 2233 ιι).

1065 2254 1111 2308 -Et
1122 2253 1264 2308 Dominus
1275 2250 1403 2306 delaude
1409 2249 1557 2319 patientiae
1566 2246 1822 2320 iannngelionit:
1834 2244 1860 2300 ln

1036 2343 1182 2483 potsserrtiu
1202 2346 1302 2397 vostra
1317 2338 1516 2412 possidebitis
1527 2337 1642 2392 animas
1657 2335 1860 2406 vestraslbuc.

1039 2432 1090 2469 xxi
1106 2457 1112 2469 .

1073 2503 1280 2559 Sustineamus
1292 2516 1374 2573 ergo,
1386 2500 1505 2570 iratres,
1522 2497 1665 2571 quidquid
1685 2496 1775 2553 uobis
1792 2496 1862 2551 ecci·

1037 2593 1111 2648 derit
1122 2593 1290 2660 adversum,
1303 2593 1334 2644 ut
1353 2591 1430 2645 sicut
1444 2589 1520 2647 hona
1530 2587 1718 2659 suscepimus
1727 2586 1766 2642 de
1786 2601 1864 2641 mauu

1036 2681 1164 2749 Domini,
1173 2681 1214 2734 ita
1226 2686 1255 2734 et
1265 2679 1341 2734 urala
1348 2678 1548 2734 sustineamus
1557 2676 1635 2746 (lob.
1646 2677 1689 2747 ιι).
1701 2675 1792 2745 Ζοιιε,
1804 2690 1862 2746 que

1035 2770 1154 2825 lumbos
1179 2769 1341 2823 circumdat
1365 2770 1394 2822 et
1422 2767 1598 2822 vestimenta
1629 2763 1810 2836 constringit
1831 2777 1863 2818 ne

1036 2859 1179 2928 diffluant,
1189 2856 1521 2913 virtutemeoutiuentiae
1529 2855 1670 2923 insinuat,
1682 2869 1751 2925 qum
1762 2854 1865 2908 fluxam

1035 2948 1160 3004 luxuriae
1169 2946 1441 3002 uostraelaseiviam
1452 2944 1591 3000 refrenet.
1606 2942 1698 3013 Stolo,
1711 2957 1779 3014 qum
1795 2942 1865 2998 eollo

1035 3038 1204 3110 imponitur,
1223 3037 1331 3108 jugum
1348 3050 1440 3090 suave
1451 3033 1567 3089 Domini
1587 3031 1744 3102 exprimit,
1760 3031 1798 3087 de
1812 3045 1865 3103 quo

140 3099 257 3155 vatione
277 3099 377 3155 creati.
394 3098 515 3166 Quando
531 3100 628 3152 nutem
644 3097 722 3151 dicet
737 3096 841 3152 electis
858 3112 864 3151 :
888 3096 977 3152 Veni·
994 3102 1019 3165 c
1036 3125 1386 3199 Dominusquvungelio
1397 3125 1454 3179 ,w
1469 3122 1762 3194 Juqummmmwm
1775 3135 1864 3176 m„

141 3194 185 3260 te,
202 3189 356 3245 benedicti
370 3188 477 3243 Patris
496 3188 564 3256 mei,
591 3185 740 3259 percipite
757 3202 881 3259 regnum
904 3187 978 3259 quod

143 3277 229 3333 vobis
240 3284 376 3350 paratum
394 3283 440 3333 est
455 3276 492 3332 ab
509 3276 626 3349 origine
641 3276 743 3330 muudi
757 3273 877 3346 (Matth.
893 3275 975 3347 xxv),

138 3368 208 3421 tunc
223 3367 311 3423 faciet
325 3365 471 3420 mirabilia
487 3364 517 3419 in
532 3364 748 3437 glorificatione
765 3365 920 3435 redempti.
931 3364 978 3419 Ad

140 3470 227 3526 quam
267 3455 494 3528 glorientiouem
537 3470 592 3510 nos
633 3454 797 3527 perducere
836 3454 977 3525 dignetur

139 3542 230 3598 lesus
263 3542 400 3599 Christus
435 3542 578 3600 Dominus
614 3545 730 3614 noster,
764 3541 814 3615 qui
847 3541 919 3597 vivit
948 3545 977 3597 et

142 3635 257 3707 regnat.

443 3721 572 3779 SERth
592 3721 672 3777 xlv.

138 3830 173 3889 ln
189 3831 318 3907 synodo,
340 3837 389 3888 aut
403 3831 435 3886 in
456 3831 535 3887 testo
550 3829 753 3886 confessorum
769 3825 956 3884 sacerdotum
965 3867 973 3896 ,

399 3903 436 3960 de
453 3903 589 3960 vestibus
603 3902 711 3957 sacris.

176 4004 974 4080 Sacerdotestui,Domine,iuduanturp'rrstitiamlPsal.

140 4095 974 4170 cxxxi).0portet,iratrescharissimi,utnusquiiudomo

140 4188 193 4242 Dei
209 4187 375 4242 sacerdotio
388 4187 552 4258 fungimur,
569 4186 689 4259 diguam
703 4185 870 4240 sacerdotio
882 4183 975 4256 justi·

138 4277 370 4348 tiamduoamus,
383 4278 411 4332 et
421 4276 556 4332 honestis
568 4276 598 4330 in
613 4274 711 4330 allucio
723 4274 858 4329 vestibus
868 4273 973 4328 indun-

138 4383 215 4432 mur,
226 4366 424 4436 imovirtutes,
435 4381 501 4437 quae
509 4381 563 4436 per
571 4367 671 4419 vestes
679 4363 880 4419 sacerdotales
895 4362 974 4418 desi-

1036 3223 1090 3283 est,
1103 3222 1215 3273 etoaus
1229 3213 1400 3271 ruetrmleve
1415 3212 1535 3282 (Mattio.
1551 3212 1603 3281 ιιι).
1619 3209 1765 3280 Sequitur
1778 3208 1864 3264 mnni-

1027 3308 1112 3379 .puln,
1131 3323 1197 3378 quoe
1219 3306 1247 3360 in
1267 3303 1390 3359 brachio
1402 3302 1524 3358 sinistre
1541 3299 1698 3371 dependet,
1715 3314 1785 3371 qum
1798 3295 1862 3353 nihil

1033 3396 1112 3452 aliud
1121 3397 1239 3451 denotat
1250 3393 1437 3462 sacramenti,
1451 3391 1510 3447 nisi
1524 3390 1602 3461 quod
1619 3404 1674 3460 pre
1696 3388 1811 3444 cautela
1826 3385 1860 3441 ibi

1032 3487 1160 3557 ponitur,
1176 3500 1213 3540 ne
1235 3484 1378 3539 sacerdos
1394 3480 1504 3552 aliquid
1521 3480 1551 3534 in
1566 3477 1665 3533 effloio
1681 3492 1739 3534 suo
1754 3477 1861 3532 ineante

1032 3578 1061 3630 et
1070 3575 1258 3647 negligenter
1268 3574 1346 3645 agat,
1358 3571 1413 3626 sed
1422 3569 1519 3626 omnia
1536 3568 1706 3641 diligenter,
1725 3567 1805 3622 siout
1817 3564 1861 3637 qui

1031 3664 1062 3721 iu
1073 3665 1235 3734 conspeetu
1244 3660 1359 3716 Domini
1367 3663 1395 3715 et
1405 3655 1860 3729 sanctorumangelerumeonsi·

1032 3753 1092 3823 stit,
1115 3751 1257 3823 perficiat.
1279 3749 1434 3822 Significat
1449 3763 1521 3820 ergo
1538 3746 1694 3815 ouutelum,
1710 3760 1765 3817 per
1778 3757 1858 3817 quem

1033 3841 1164 3898 cavenda
1176 3856 1326 3909 cavemuS,
1340 3841 1369 3893 et
1378 3837 1510 3892 iacienda
1523 3835 1658 3890 tacimus.
1667 3833 1860 3890 Hisomnibue

1030 3931 1165 3987 minister
1193 3929 1309 3985 Domini
1324 3928 1456 3996 indutus,
1470 3926 1516 3980 his
1535 3924 1676 3980 omnibus
1689 3925 1855 3990 adornatus,

1030 4021 1160 4077 neudum
1175 4023 1220 4076 est
1230 4021 1316 4088 aptus
1327 4015 1427 4072 oihoio
1443 4013 1631 4082 sacerdotali,
1649 4029 1706 4068 nee
1723 4011 1796 4067 illud
1810 4011 1859 4065 im-

1029 4110 1110 4182 plere
1123 4108 1285 4180 praesumit,
1297 4107 1355 4161 uisi
1367 4105 1538 4176 septimum,
1550 4102 1630 4174 quod
1640 4101 1734 4157 iulula
1750 4100 1857 4166 dieitur,

1031 4200 1147 4255 eaeteris
1155 4199 1279 4254 addatur
1287 4200 1315 4252 et
1325 4194 1555 4265 superponatur.
1567 4191 1649 4246 Istud
1658 4191 1859 4246 vestimentum

1032 4284 1415 4354 excellentiusestooeleris,
1425 4282 1534 4338 eminet
1542 4295 1599 4352 que
1609 4277 1860 4344 universie.Quam

1031 4379 1122 4451 igitur
1130 4378 1267 4431 virtutem
1276 4391 1330 4446 per
1339 4373 1397 4428 hoe
1408 4368 1717 4444 significaridieimus,
1727 4368 1788 4424 nisi
1796 4367 1859 4424 eha-

138 4460 277 4532 dssafltul'i
288 4471 492 4514 exerceamus.
505 4454 581 4520 Qffld
593 4469 720 4524 flstmqffll
735 4453 859 4524 Ps0d082
876 4451 974 4508 ornari
988 4460 1015 4522 D
1032 4465 1188 4522 ritatemde
1199 4480 1257 4535 qua
1266 4463 1336 4517 dicit
1352 4459 1513 4531 Apostolus
1525 4475 1530 4513 :
1543 4457 1649 4513 Adhuc
1660 4457 1747 4513 vehis
1761 4453 1858 4513 excel·

137 4548 284 4618 vestibus,
297 4548 355 4604 uisi
368 4561 508 4602 ornemur
520 4542 699 4599 virtutibus?
716 4543 801 4597 Certe
817 4542 843 4596 si
855 4540 973 4596 videre-

137 4630 976 4694 mussacerdotemsiuesacerdotalibusvestimentismis-

140 4745 203 4784 sum
213 4727 375 4797 celebrere,
384 4724 531 4794 siuealba,
544 4724 610 4779 sine
620 4722 705 4792 stole,
717 4719 973 4790 sineintula,uuu17

137 4820 199 4873 tum
214 4818 389 4872 miraremur
404 4817 432 4870 et
443 4813 640 4870 eumhorrore
653 4810 919 4866 nimiomiuistrum
930 4811 972 4863 to-

136 4898 972 4976 lemdetestnremur.Siergodetestandusessetquieece·

138 4987 971 5064 deretadaltaresinevestibus,quamdetestnndusquam

136 5082 304 5140 horrendus
314 5086 369 5154 est,
387 5082 588 5155 quiuecedeue
603 5078 833 5151 praesumiteum
847 5077 929 5132 vitiis
942 5079 971 5132 et

136 5173 202 5230 sine
211 5172 389 5228 virtutibus?
400 5172 546 5239 Quantum
561 5170 651 5225 distat
665 5169 742 5245 intpp
752 5183 805 5222 vas
816 5165 970 5238 quodlibet

136 5266 165 5320 et
179 5263 289 5333 eibum,
298 5264 409 5317 tantum
421 5261 510 5317 distat
524 5260 600 5315 inter
616 5258 792 5331 significans
804 5260 832 5313 et
850 5254 969 5330 signiti-

136 5357 242 5410 catum.
251 5351 545 5423 Vestessiguisscaut,
554 5349 678 5403 virtutes
688 5347 904 5420 significantur.
915 5345 970 5400 Ve-

136 5447 199 5499 stes
215 5442 289 5498 loris
301 5456 400 5496 eoram
410 5438 516 5511 populo
528 5438 679 5506 decorant,
692 5437 816 5491 virtutes
827 5435 907 5489 intus
916 5449 969 5489 eo-

135 5548 199 5588 ram
214 5531 338 5586 Domine
354 5528 521 5583 ministrum
537 5526 752 5582 commendent.
774 5524 856 5580 Siout
878 5523 970 5596 igitur

136 5637 197 5676 non
211 5620 354 5675 audemus
370 5616 512 5672 accedere
528 5615 564 5670 ad
580 5615 670 5671 altare
685 5615 751 5670 siue
766 5614 912 5684 vestibus,
924 5613 969 5668 sio

59 5712 68 5721 “
138 5723 197 5766 nen
208 5722 427 5784 praesumamus
442 5704 584 5763 accedere
599 5704 664 5762 siue
676 5701 847 5760 virtutibus.
859 5701 969 5758 Videa-

1031 4556 1189 4611 leutiorem
1207 4553 1281 4607 viam
1300 4547 1522 4606 ‹lernoustroSi
1532 4546 1645 4619 linguis
1656 4545 1807 4602 hominum
1818 4544 1857 4600 lo·

1030 4633 1859 4718 guaretanpclorum,ete.llCor·.xuxm),quaehenenoxit

1031 4732 1199 4801 fraternitas
1218 4728 1387 4794 vestraQui
1398 4744 1464 4782 oum
1484 4727 1539 4780 alia
1557 4726 1634 4780 dona
1652 4723 1818 4796 spiritualia
1836 4723 1860 4776 et

1030 4823 1155 4878 virtutes
1173 4821 1419 4885 demonstrasset,
1435 4816 1554 4871 tandem
1570 4815 1607 4870 de
1625 4813 1770 4869 charitate
1785 4808 1861 4867 intuli

1029 4913 1152 4969 dicens:
1173 4910 1209 4965 Si
1217 4909 1339 4981 linguis,
1351 4905 1443 4961 etat)
1459 4905 1544 4959 beatu
1562 4904 1657 4959 virtue
1673 4899 1821 4958 eharitast
1836 4901 1861 4955 et

1029 5003 1134 5058 beatus
1143 4998 1237 5068 solus,
1250 4997 1298 5069 qui
1310 4997 1340 5050 iu
1349 4996 1413 5066 ipsa
1427 5009 1523 5064 usquo
1536 4993 1565 5046 iu
1577 4992 1666 5047 tinem
1677 4984 1859 5063 persever-etl

1028 5091 1083 5158 Qui
1102 5105 1174 5162 ergo
1200 5103 1268 5143 cum
1291 5085 1358 5141 eliis
1384 5083 1545 5139 virtutibus
1568 5080 1744 5135 charitatem
1767 5080 1859 5143 habet,

1028 5179 1171 5237 sacerdos
1180 5179 1236 5233 est.
1250 5175 1286 5231 m
1296 5175 1346 5247 qui
1356 5173 1444 5229 etiam
1454 5171 1529 5227 alius
1545 5169 1610 5225 siue
1627 5169 1684 5224 ista
1701 5169 1800 5238 habet,
1816 5182 1861 5223 sn·

1028 5270 1134 5326 eerdos
1146 5269 1268 5323 nonest.
1282 5263 1452 5319 Habeamus
1463 5261 1571 5332 itaque,
1583 5259 1610 5314 si
1620 5258 1861 5314 verisueerdotes

1027 5360 1167 5416 volumus
1178 5371 1257 5422 esse,
1271 5352 1351 5426 qued
1362 5367 1431 5407 esse
1447 5350 1603 5417 debemus,
1616 5346 1782 5402 habeamus
1792 5346 1861 5400 iute-

1027 5435 1861 5514 rioremlineampermuuditiamcordis,exterioremper

1028 5529 1453 5603 munditiumeorporis.Super
1462 5526 1613 5582 humerale
1623 5540 1677 5596 per
1685 5524 1860 5594 patientiam,

1028 5643 1132 5698 nonam
1146 5641 1200 5697 per
1215 5621 1435 5690 continentiam,
1453 5617 1559 5673 stolum
1581 5630 1636 5687 per
1656 5613 1860 5679 obedientiam,

1028 5714 1210 5790 manipulum
1223 5728 1278 5786 per
1299 5709 1460 5782 cautelam,
1483 5705 1607 5764 infulam
1622 5719 1677 5778 per
1692 5701 1860 5759 charitatem
