<?xml version="1.0" encoding="UTF-8"?>
<!DOCTYPE html PUBLIC "-//W3C//DTD XHTML 1.0 Transitional//EN"
    "http://www.w3.org/TR/xhtml1/DTD/xhtml1-transitional.dtd">
<html xmlns="http://www.w3.org/1999/xhtml" xml:lang="en" lang="en">
 <head>
  <title>
</title>
<meta http-equiv="Content-Type" content="text/html;charset=utf-8" />
  <meta name='ocr-system' content='tesseract 3.04.00' />
  <meta name='ocr-capabilities' content='ocr_page ocr_carea ocr_par ocr_line ocrx_word'/>
</head>
<body>
  <div class='ocr_page' id='page_1' title='image "./patrologiaecurs28unkngoog_0062.png"; bbox 0 0 3796 6022; ppageno 0'>
   <div class='ocr_carea' id='block_1_1' title="bbox 82 281 137 346">
    <p class='ocr_par' dir='ltr' id='par_1_1' title="bbox 82 281 137 346">
     <span class='ocr_line' id='line_1_1' title="bbox 82 281 137 346; baseline 0.036 -2"><span class='ocrx_word' id='word_1_1' title='bbox 82 281 137 346; x_wconf 78' lang='lat'>1¹3</span> 
     </span>
    </p>
   </div>
   <div class='ocr_carea' id='block_1_2' title="bbox 454 259 1427 353">
    <p class='ocr_par' dir='ltr' id='par_1_2' title="bbox 454 259 1427 353">
     <span class='ocr_line' id='line_1_2' title="bbox 454 259 1427 353; baseline 0.003 -6"><span class='ocrx_word' id='word_1_2' title='bbox 454 283 507 348; x_wconf 84' lang='lat' dir='ltr'>oa</span> <span class='ocrx_word' id='word_1_3' title='bbox 529 282 691 347; x_wconf 82' lang='lat' dir='ltr'>aasrns</span> <span class='ocrx_word' id='word_1_4' title='bbox 713 283 767 346; x_wconf 84' lang='lat' dir='ltr'>ar</span> <span class='ocrx_word' id='word_1_5' title='bbox 787 259 899 346; x_wconf 78' lang='lat' dir='ltr'>amis</span> <span class='ocrx_word' id='word_1_6' title='bbox 921 281 1062 347; x_wconf 83' lang='lat' dir='ltr'>assus</span> <span class='ocrx_word' id='word_1_7' title='bbox 1085 284 1427 353; x_wconf 79' lang='lat' dir='ltr'>unsaramma.</span> 
     </span>
    </p>
   </div>
   <div class='ocr_carea' id='block_1_3' title="bbox 1742 292 1803 356">
    <p class='ocr_par' dir='ltr' id='par_1_3' title="bbox 1742 292 1803 356">
     <span class='ocr_line' id='line_1_3' title="bbox 1742 292 1803 356; baseline 0.033 -2"><span class='ocrx_word' id='word_1_8' title='bbox 1742 292 1803 356; x_wconf 81' lang='lat'>114</span> 
     </span>
    </p>
   </div>
   <div class='ocr_carea' id='block_1_4' title="bbox 79 463 1805 581">
    <p class='ocr_par' dir='ltr' id='par_1_4' title="bbox 79 463 1805 581">
     <span class='ocr_line' id='line_1_4' title="bbox 79 463 1805 581; baseline 0.003 -43"><span class='ocrx_word' id='word_1_9' title='bbox 79 500 174 554; x_wconf 87' lang='lat' dir='ltr'>genus</span> <span class='ocrx_word' id='word_1_10' title='bbox 191 483 259 556; x_wconf 77' lang='lat' dir='ltr'>ejus</span> <span class='ocrx_word' id='word_1_11' title='bbox 274 485 457 539; x_wconf 88' lang='lat' dir='ltr'>translatum.</span> <span class='ocrx_word' id='word_1_12' title='bbox 475 484 555 539; x_wconf 84' lang='lat' dir='ltr'>Idem</span> <span class='ocrx_word' id='word_1_13' title='bbox 565 486 612 538; x_wconf 89' lang='lat' dir='ltr'>est</span> <span class='ocrx_word' id='word_1_14' title='bbox 627 484 910 555; x_wconf 89' lang='lat' dir='ltr'>malumgranatum,</span> <span class='ocrx_word' id='word_1_15' title='bbox 928 463 957 527; x_wconf 76' lang='grc' dir='ltr'>Α</span> <span class='ocrx_word' id='word_1_16' title='bbox 972 489 1016 546; x_wconf 87' lang='lat' dir='ltr'>eis</span> <span class='ocrx_word' id='word_1_17' title='bbox 1031 494 1138 548; x_wconf 88' lang='lat' dir='ltr'>dicitur</span> <span class='ocrx_word' id='word_1_18' title='bbox 1150 496 1273 567; x_wconf 87' lang='lat' dir='ltr'>lignum,</span> <span class='ocrx_word' id='word_1_19' title='bbox 1291 499 1320 550; x_wconf 90' lang='lat' dir='ltr'>et</span> <span class='ocrx_word' id='word_1_20' title='bbox 1333 497 1420 581; x_wconf 65' lang='grc' dir='ltr'>γλυκύς1</span> <span class='ocrx_word' id='word_1_21' title='bbox 1429 496 1640 568; x_wconf 75' lang='lat' dir='ltr'>glpkisdulcis,</span> <span class='ocrx_word' id='word_1_22' title='bbox 1656 498 1805 572; x_wconf 71' lang='lat' dir='ltr'>hujusar.</span> 
     </span>
    </p>
   </div>
   <div class='ocr_carea' id='block_1_5' title="bbox 62 573 914 3039">
    <p class='ocr_par' dir='ltr' id='par_1_5' title="bbox 62 573 914 3039">
     <span class='ocr_line' id='line_1_5' title="bbox 79 573 912 644; baseline 0 -18"><span class='ocrx_word' id='word_1_23' title='bbox 79 590 111 626; x_wconf 88' lang='lat' dir='ltr'>co</span> <span class='ocrx_word' id='word_1_24' title='bbox 125 574 208 644; x_wconf 90' lang='lat' dir='ltr'>quod</span> <span class='ocrx_word' id='word_1_25' title='bbox 224 575 299 629; x_wconf 89' lang='lat' dir='ltr'>intra</span> <span class='ocrx_word' id='word_1_26' title='bbox 315 574 522 628; x_wconf 74' lang='lat' dir='ltr'>rotunditatem</span> <span class='ocrx_word' id='word_1_27' title='bbox 534 573 653 627; x_wconf 78' lang='lat' dir='ltr'>corticis</span> <span class='ocrx_word' id='word_1_28' title='bbox 668 588 828 643; x_wconf 88' lang='lat' dir='ltr'>granorum</span> <span class='ocrx_word' id='word_1_29' title='bbox 839 588 912 627; x_wconf 89' lang='lat' dir='ltr'>con-</span> 
     </span>
     <span class='ocr_line' id='line_1_6' title="bbox 78 661 912 717; baseline 0.001 -3"><span class='ocrx_word' id='word_1_30' title='bbox 78 663 167 715; x_wconf 85' lang='lat' dir='ltr'>tineat</span> <span class='ocrx_word' id='word_1_31' title='bbox 197 663 422 717; x_wconf 83' lang='lat' dir='ltr'>multitudinem.</span> <span class='ocrx_word' id='word_1_32' title='bbox 448 663 537 717; x_wconf 79' lang='lat' dir='ltr'>Picus</span> <span class='ocrx_word' id='word_1_33' title='bbox 566 663 667 716; x_wconf 85' lang='lat' dir='ltr'>Latine</span> <span class='ocrx_word' id='word_1_34' title='bbox 695 678 711 714; x_wconf 90' lang='lat' dir='ltr'>a</span> <span class='ocrx_word' id='word_1_35' title='bbox 735 661 912 716; x_wconf 80' lang='lat' dir='ltr'>fecunditate</span> 
     </span>
     <span class='ocr_line' id='line_1_7' title="bbox 78 749 914 805; baseline 0.002 -5"><span class='ocrx_word' id='word_1_36' title='bbox 78 755 210 804; x_wconf 72' lang='lat' dir='ltr'>vocatur.</span> <span class='ocrx_word' id='word_1_37' title='bbox 224 751 363 805; x_wconf 81' lang='lat' dir='ltr'>Feracior</span> <span class='ocrx_word' id='word_1_38' title='bbox 379 755 424 804; x_wconf 89' lang='lat' dir='ltr'>est</span> <span class='ocrx_word' id='word_1_39' title='bbox 439 751 683 805; x_wconf 82' lang='lat' dir='ltr'>animai-boribus</span> <span class='ocrx_word' id='word_1_40' title='bbox 700 750 826 804; x_wconf 73' lang='lat' dir='ltr'>caeteris.</span> <span class='ocrx_word' id='word_1_41' title='bbox 839 749 914 802; x_wconf 90' lang='lat' dir='ltr'>Nam</span> 
     </span>
     <span class='ocr_line' id='line_1_8' title="bbox 76 838 913 910; baseline -0.001 -18"><span class='ocrx_word' id='word_1_42' title='bbox 76 843 118 892; x_wconf 88' lang='lat' dir='ltr'>ter</span> <span class='ocrx_word' id='word_1_43' title='bbox 133 843 299 910; x_wconf 74' lang='lat' dir='ltr'>quaterque</span> <span class='ocrx_word' id='word_1_44' title='bbox 315 839 519 910; x_wconf 82' lang='lat' dir='ltr'>persingulas</span> <span class='ocrx_word' id='word_1_45' title='bbox 535 856 629 893; x_wconf 90' lang='lat' dir='ltr'>annos</span> <span class='ocrx_word' id='word_1_46' title='bbox 646 841 768 910; x_wconf 82' lang='lat' dir='ltr'>generat</span> <span class='ocrx_word' id='word_1_47' title='bbox 784 838 913 892; x_wconf 90' lang='lat' dir='ltr'>fructum</span> 
     </span>
     <span class='ocr_line' id='line_1_9' title="bbox 76 927 913 998; baseline 0.001 -19"><span class='ocrx_word' id='word_1_48' title='bbox 76 932 162 998; x_wconf 88' lang='lat' dir='ltr'>alque</span> <span class='ocrx_word' id='word_1_49' title='bbox 187 929 280 983; x_wconf 88' lang='lat' dir='ltr'>altero</span> <span class='ocrx_word' id='word_1_50' title='bbox 303 931 529 995; x_wconf 84' lang='lat' dir='ltr'>maturescente,</span> <span class='ocrx_word' id='word_1_51' title='bbox 547 929 622 982; x_wconf 88' lang='lat' dir='ltr'>alter</span> <span class='ocrx_word' id='word_1_52' title='bbox 637 928 778 995; x_wconf 87' lang='lat' dir='ltr'>oboritur,</span> <span class='ocrx_word' id='word_1_53' title='bbox 800 927 869 980; x_wconf 90' lang='lat' dir='ltr'>hinc</span> <span class='ocrx_word' id='word_1_54' title='bbox 885 930 913 981; x_wconf 90' lang='lat' dir='ltr'>et</span> 
     </span>
     <span class='ocr_line' id='line_1_10' title="bbox 75 1015 912 1087; baseline -0.001 -18"><span class='ocrx_word' id='word_1_55' title='bbox 75 1016 181 1071; x_wconf 83' lang='lat' dir='ltr'>caricae</span> <span class='ocrx_word' id='word_1_56' title='bbox 197 1034 214 1070; x_wconf 91' lang='lat' dir='ltr'>a</span> <span class='ocrx_word' id='word_1_57' title='bbox 226 1018 310 1087; x_wconf 91' lang='lat' dir='ltr'>copia</span> <span class='ocrx_word' id='word_1_58' title='bbox 321 1018 488 1072; x_wconf 80' lang='lat' dir='ltr'>nominatae.</span> <span class='ocrx_word' id='word_1_59' title='bbox 503 1018 592 1072; x_wconf 80' lang='lat' dir='ltr'>Ficus</span> <span class='ocrx_word' id='word_1_60' title='bbox 604 1017 745 1087; x_wconf 74' lang='lat' dir='ltr'>AEgpptiu</span> <span class='ocrx_word' id='word_1_61' title='bbox 757 1015 912 1070; x_wconf 89' lang='lat' dir='ltr'>fecundior</span> 
     </span>
     <span class='ocr_line' id='line_1_11' title="bbox 75 1104 908 1176; baseline 0.001 -19"><span class='ocrx_word' id='word_1_62' title='bbox 75 1104 178 1173; x_wconf 89' lang='lat' dir='ltr'>fertur,</span> <span class='ocrx_word' id='word_1_63' title='bbox 196 1106 287 1176; x_wconf 86' lang='lat' dir='ltr'>cujus</span> <span class='ocrx_word' id='word_1_64' title='bbox 302 1106 416 1176; x_wconf 89' lang='lat' dir='ltr'>lignum</span> <span class='ocrx_word' id='word_1_65' title='bbox 431 1106 461 1159; x_wconf 89' lang='lat' dir='ltr'>in</span> <span class='ocrx_word' id='word_1_66' title='bbox 481 1123 587 1176; x_wconf 89' lang='lat' dir='ltr'>aquam</span> <span class='ocrx_word' id='word_1_67' title='bbox 606 1105 740 1170; x_wconf 92' lang='lat' dir='ltr'>missum,</span> <span class='ocrx_word' id='word_1_68' title='bbox 759 1104 908 1173; x_wconf 87' lang='lat' dir='ltr'>continuo,</span> 
     </span>
     <span class='ocr_line' id='line_1_12' title="bbox 74 1192 909 1264; baseline -0.001 -18"><span class='ocrx_word' id='word_1_69' title='bbox 74 1195 228 1264; x_wconf 80' lang='lat' dir='ltr'>mergitur,</span> <span class='ocrx_word' id='word_1_70' title='bbox 239 1199 267 1248; x_wconf 89' lang='lat' dir='ltr'>et</span> <span class='ocrx_word' id='word_1_71' title='bbox 276 1210 343 1248; x_wconf 91' lang='lat' dir='ltr'>cum</span> <span class='ocrx_word' id='word_1_72' title='bbox 352 1195 382 1248; x_wconf 92' lang='lat' dir='ltr'>in</span> <span class='ocrx_word' id='word_1_73' title='bbox 397 1195 466 1249; x_wconf 90' lang='lat' dir='ltr'>limo</span> <span class='ocrx_word' id='word_1_74' title='bbox 477 1194 647 1264; x_wconf 81' lang='lat' dir='ltr'>aliquandiu</span> <span class='ocrx_word' id='word_1_75' title='bbox 654 1192 790 1263; x_wconf 79' lang='lat' dir='ltr'>jacuerit,</span> <span class='ocrx_word' id='word_1_76' title='bbox 803 1192 909 1246; x_wconf 89' lang='lat' dir='ltr'>deinde</span> 
     </span>
     <span class='ocr_line' id='line_1_13' title="bbox 73 1282 909 1352; baseline -0.001 -17"><span class='ocrx_word' id='word_1_77' title='bbox 73 1284 99 1335; x_wconf 88' lang='lat' dir='ltr'>in</span> <span class='ocrx_word' id='word_1_78' title='bbox 113 1284 498 1352; x_wconf 76' lang='lat' dir='ltr'>superficiemsustollitur,</span> <span class='ocrx_word' id='word_1_79' title='bbox 511 1299 599 1337; x_wconf 82' lang='lat' dir='ltr'>versa</span> <span class='ocrx_word' id='word_1_80' title='bbox 615 1282 679 1336; x_wconf 88' lang='lat' dir='ltr'>viee</span> <span class='ocrx_word' id='word_1_81' title='bbox 695 1284 817 1349; x_wconf 68' lang='lat' dir='ltr'>naturae,</span> <span class='ocrx_word' id='word_1_82' title='bbox 834 1296 909 1350; x_wconf 92' lang='lat' dir='ltr'>quo-</span> 
     </span>
     <span class='ocr_line' id='line_1_14' title="bbox 73 1369 907 1440; baseline 0 -17"><span class='ocrx_word' id='word_1_83' title='bbox 73 1373 147 1424; x_wconf 87' lang='lat' dir='ltr'>niam</span> <span class='ocrx_word' id='word_1_84' title='bbox 164 1373 362 1427; x_wconf 88' lang='lat' dir='ltr'>madefactum</span> <span class='ocrx_word' id='word_1_85' title='bbox 374 1373 473 1427; x_wconf 88' lang='lat' dir='ltr'>debuit</span> <span class='ocrx_word' id='word_1_86' title='bbox 485 1373 617 1426; x_wconf 89' lang='lat' dir='ltr'>humoris</span> <span class='ocrx_word' id='word_1_87' title='bbox 628 1370 755 1440; x_wconf 90' lang='lat' dir='ltr'>pondere</span> <span class='ocrx_word' id='word_1_88' title='bbox 764 1369 907 1423; x_wconf 89' lang='lat' dir='ltr'>residere.</span> 
     </span>
     <span class='ocr_line' id='line_1_15' title="bbox 73 1461 908 1530; baseline -0.005 -17"><span class='ocrx_word' id='word_1_89' title='bbox 73 1461 233 1514; x_wconf 68' lang='lat' dir='ltr'>Asenibus</span> <span class='ocrx_word' id='word_1_90' title='bbox 242 1461 272 1514; x_wconf 92' lang='lat' dir='ltr'>in</span> <span class='ocrx_word' id='word_1_91' title='bbox 284 1462 349 1515; x_wconf 88' lang='lat' dir='ltr'>cibo</span> <span class='ocrx_word' id='word_1_92' title='bbox 361 1461 606 1530; x_wconf 78' lang='lat' dir='ltr'>saepiussumptae</span> <span class='ocrx_word' id='word_1_93' title='bbox 618 1461 692 1513; x_wconf 79' lang='lat' dir='ltr'>ficus</span> <span class='ocrx_word' id='word_1_94' title='bbox 704 1474 795 1528; x_wconf 87' lang='lat' dir='ltr'>rugas</span> <span class='ocrx_word' id='word_1_95' title='bbox 807 1472 908 1510; x_wconf 89' lang='lat' dir='ltr'>eorum</span> 
     </span>
     <span class='ocr_line' id='line_1_16' title="bbox 73 1545 908 1619; baseline -0.005 -18"><span class='ocrx_word' id='word_1_96' title='bbox 73 1550 394 1604; x_wconf 85' lang='lat' dir='ltr'>ferunturdistendere.</span> <span class='ocrx_word' id='word_1_97' title='bbox 407 1550 521 1603; x_wconf 90' lang='lat' dir='ltr'>Tauros</span> <span class='ocrx_word' id='word_1_98' title='bbox 529 1565 646 1619; x_wconf 92' lang='lat' dir='ltr'>quoquc</span> <span class='ocrx_word' id='word_1_99' title='bbox 658 1547 863 1601; x_wconf 87' lang='lat' dir='ltr'>ferocissimos</span> <span class='ocrx_word' id='word_1_100' title='bbox 873 1545 908 1598; x_wconf 90' lang='lat' dir='ltr'>ad</span> 
     </span>
     <span class='ocr_line' id='line_1_17' title="bbox 72 1635 908 1710; baseline -0.002 -21"><span class='ocrx_word' id='word_1_101' title='bbox 72 1639 115 1691; x_wconf 85' lang='lat' dir='ltr'>liri</span> <span class='ocrx_word' id='word_1_102' title='bbox 131 1638 275 1693; x_wconf 80' lang='lat' dir='ltr'>arborem</span> <span class='ocrx_word' id='word_1_103' title='bbox 290 1638 429 1710; x_wconf 88' lang='lat' dir='ltr'>alligatos</span> <span class='ocrx_word' id='word_1_104' title='bbox 440 1653 651 1691; x_wconf 82' lang='lat' dir='ltr'>mansuescere</span> <span class='ocrx_word' id='word_1_105' title='bbox 659 1637 769 1690; x_wconf 87' lang='lat' dir='ltr'>dicunt.</span> <span class='ocrx_word' id='word_1_106' title='bbox 783 1635 908 1688; x_wconf 80' lang='lat' dir='ltr'>illorusa</span> 
     </span>
     <span class='ocr_line' id='line_1_18' title="bbox 71 1723 907 1798; baseline -0.004 -18"><span class='ocrx_word' id='word_1_107' title='bbox 71 1728 185 1780; x_wconf 72' lang='lat' dir='ltr'>[linceis</span> <span class='ocrx_word' id='word_1_108' title='bbox 210 1730 325 1795; x_wconf 83' lang='lat' dir='ltr'>vocata,</span> <span class='ocrx_word' id='word_1_109' title='bbox 347 1743 435 1798; x_wconf 90' lang='lat' dir='ltr'>quam</span> <span class='ocrx_word' id='word_1_110' title='bbox 458 1726 555 1779; x_wconf 52' lang='lat' dir='ltr'>tantini</span> <span class='ocrx_word' id='word_1_111' title='bbox 570 1724 716 1794; x_wconf 89' lang='lat' dir='ltr'>appellant</span> <span class='ocrx_word' id='word_1_112' title='bbox 732 1723 848 1791; x_wconf 90' lang='lat' dir='ltr'>rubum,</span> <span class='ocrx_word' id='word_1_113' title='bbox 872 1740 907 1777; x_wconf 91' lang='lat' dir='ltr'>eo</span> 
     </span>
     <span class='ocr_line' id='line_1_19' title="bbox 70 1812 906 1886; baseline -0.005 -18"><span class='ocrx_word' id='word_1_114' title='bbox 70 1815 145 1884; x_wconf 91' lang='lat' dir='ltr'>quod</span> <span class='ocrx_word' id='word_1_115' title='bbox 171 1814 289 1869; x_wconf 84' lang='lat' dir='ltr'>fructus</span> <span class='ocrx_word' id='word_1_116' title='bbox 312 1814 379 1886; x_wconf 79' lang='lat' dir='ltr'>ejus</span> <span class='ocrx_word' id='word_1_117' title='bbox 401 1815 447 1868; x_wconf 86' lang='lat' dir='ltr'>vel</span> <span class='ocrx_word' id='word_1_118' title='bbox 463 1815 623 1885; x_wconf 81' lang='lat' dir='ltr'>virgultum</span> <span class='ocrx_word' id='word_1_119' title='bbox 641 1813 734 1867; x_wconf 91' lang='lat' dir='ltr'>rubet.</span> <span class='ocrx_word' id='word_1_120' title='bbox 752 1812 805 1865; x_wconf 84' lang='lat' dir='ltr'>Est</span> <span class='ocrx_word' id='word_1_121' title='bbox 827 1812 906 1865; x_wconf 91' lang='lat' dir='ltr'>enim</span> 
     </span>
     <span class='ocr_line' id='line_1_20' title="bbox 70 1900 905 1971; baseline 0 -15"><span class='ocrx_word' id='word_1_122' title='bbox 70 1921 170 1958; x_wconf 84' lang='lat' dir='ltr'>morus</span> <span class='ocrx_word' id='word_1_123' title='bbox 187 1905 339 1959; x_wconf 78' lang='lat' dir='ltr'>silvestris</span> <span class='ocrx_word' id='word_1_124' title='bbox 354 1905 482 1958; x_wconf 80' lang='lat' dir='ltr'>fructum</span> <span class='ocrx_word' id='word_1_125' title='bbox 493 1902 631 1970; x_wconf 80' lang='lat' dir='ltr'>afferens,</span> <span class='ocrx_word' id='word_1_126' title='bbox 648 1901 726 1971; x_wconf 87' lang='lat' dir='ltr'>quod</span> <span class='ocrx_word' id='word_1_127' title='bbox 742 1901 772 1954; x_wconf 94' lang='lat' dir='ltr'>in</span> <span class='ocrx_word' id='word_1_128' title='bbox 787 1900 905 1956; x_wconf 86' lang='lat' dir='ltr'>deserto</span> 
     </span>
     <span class='ocr_line' id='line_1_21' title="bbox 69 1989 905 2062; baseline -0.001 -19"><span class='ocrx_word' id='word_1_129' title='bbox 69 1997 221 2061; x_wconf 88' lang='lat' dir='ltr'>pastorum</span> <span class='ocrx_word' id='word_1_130' title='bbox 237 1993 330 2047; x_wconf 90' lang='lat' dir='ltr'>fames</span> <span class='ocrx_word' id='word_1_131' title='bbox 346 2009 380 2046; x_wconf 87' lang='lat' dir='ltr'>ac</span> <span class='ocrx_word' id='word_1_132' title='bbox 395 1993 518 2062; x_wconf 87' lang='lat' dir='ltr'>penuria</span> <span class='ocrx_word' id='word_1_133' title='bbox 535 1992 709 2044; x_wconf 87' lang='lat' dir='ltr'>confovetur</span> <span class='ocrx_word' id='word_1_134' title='bbox 724 1989 816 2060; x_wconf 83' lang='lat' dir='ltr'>hujus</span> <span class='ocrx_word' id='word_1_135' title='bbox 836 1989 905 2043; x_wconf 90' lang='lat' dir='ltr'>folin</span> 
     </span>
     <span class='ocr_line' id='line_1_22' title="bbox 68 2079 902 2152; baseline 0 -19"><span class='ocrx_word' id='word_1_136' title='bbox 68 2081 266 2152; x_wconf 78' lang='lat' dir='ltr'>superjactata</span> <span class='ocrx_word' id='word_1_137' title='bbox 297 2081 443 2150; x_wconf 87' lang='lat' dir='ltr'>serpenti,</span> <span class='ocrx_word' id='word_1_138' title='bbox 467 2081 601 2134; x_wconf 90' lang='lat' dir='ltr'>feruntur</span> <span class='ocrx_word' id='word_1_139' title='bbox 628 2079 795 2133; x_wconf 84' lang='lat' dir='ltr'>interimere</span> <span class='ocrx_word' id='word_1_140' title='bbox 825 2095 902 2133; x_wconf 90' lang='lat' dir='ltr'>eum.</span> 
     </span>
     <span class='ocr_line' id='line_1_23' title="bbox 68 2167 904 2240; baseline 0.001 -21"><span class='ocrx_word' id='word_1_141' title='bbox 68 2170 262 2240; x_wconf 75' lang='lat' dir='ltr'>SpeornoruS,</span> <span class='ocrx_word' id='word_1_142' title='bbox 276 2170 353 2223; x_wconf 87' lang='lat' dir='ltr'>sieut</span> <span class='ocrx_word' id='word_1_143' title='bbox 364 2174 392 2223; x_wconf 88' lang='lat' dir='ltr'>et</span> <span class='ocrx_word' id='word_1_144' title='bbox 403 2186 515 2239; x_wconf 76' lang='lat' dir='ltr'>morae,</span> <span class='ocrx_word' id='word_1_145' title='bbox 527 2171 629 2223; x_wconf 77' lang='lat' dir='ltr'>Graeca</span> <span class='ocrx_word' id='word_1_146' title='bbox 640 2167 756 2220; x_wconf 90' lang='lat' dir='ltr'>nomina</span> <span class='ocrx_word' id='word_1_147' title='bbox 766 2172 844 2221; x_wconf 91' lang='lat' dir='ltr'>sunt.</span> <span class='ocrx_word' id='word_1_148' title='bbox 858 2167 904 2221; x_wconf 84' lang='lat' dir='ltr'>bi-</span> 
     </span>
     <span class='ocr_line' id='line_1_24' title="bbox 67 2257 901 2328; baseline 0 -18"><span class='ocrx_word' id='word_1_149' title='bbox 67 2264 106 2310; x_wconf 82' lang='lat' dir='ltr'>cta</span> <span class='ocrx_word' id='word_1_150' title='bbox 121 2262 224 2312; x_wconf 89' lang='lat' dir='ltr'>autem</span> <span class='ocrx_word' id='word_1_151' title='bbox 241 2274 428 2328; x_wconf 81' lang='lat' dir='ltr'>sycomorus,</span> <span class='ocrx_word' id='word_1_152' title='bbox 447 2260 521 2311; x_wconf 88' lang='lat' dir='ltr'>licus</span> <span class='ocrx_word' id='word_1_153' title='bbox 535 2258 622 2324; x_wconf 80' lang='lat' dir='ltr'>latria,</span> <span class='ocrx_word' id='word_1_154' title='bbox 634 2257 700 2326; x_wconf 86' lang='lat' dir='ltr'>qaia</span> <span class='ocrx_word' id='word_1_155' title='bbox 716 2261 787 2308; x_wconf 78' lang='grc' dir='ltr'>αῦκιν</span> <span class='ocrx_word' id='word_1_156' title='bbox 799 2257 901 2310; x_wconf 79' lang='lat' dir='ltr'>Graece</span> 
     </span>
     <span class='ocr_line' id='line_1_25' title="bbox 66 2345 901 2416; baseline 0.001 -19"><span class='ocrx_word' id='word_1_157' title='bbox 66 2346 168 2400; x_wconf 81' lang='lat' dir='ltr'>dicitur</span> <span class='ocrx_word' id='word_1_158' title='bbox 184 2349 263 2401; x_wconf 82' lang='lat' dir='ltr'>ficus</span> <span class='ocrx_word' id='word_1_159' title='bbox 279 2350 307 2400; x_wconf 87' lang='lat' dir='ltr'>ct</span> <span class='ocrx_word' id='word_1_160' title='bbox 323 2345 404 2416; x_wconf 74' lang='grc' dir='ltr'>μωρὸς</span> <span class='ocrx_word' id='word_1_161' title='bbox 418 2347 527 2411; x_wconf 88' lang='lat' dir='ltr'>fatuus,</span> <span class='ocrx_word' id='word_1_162' title='bbox 545 2345 652 2398; x_wconf 82' lang='lat' dir='ltr'>dicitur</span> <span class='ocrx_word' id='word_1_163' title='bbox 667 2345 753 2398; x_wconf 88' lang='lat' dir='ltr'>etiarn</span> <span class='ocrx_word' id='word_1_164' title='bbox 774 2345 901 2398; x_wconf 88' lang='lat' dir='ltr'>marisca</span> 
     </span>
     <span class='ocr_line' id='line_1_26' title="bbox 65 2433 899 2503; baseline 0.001 -17"><span class='ocrx_word' id='word_1_165' title='bbox 65 2436 202 2490; x_wconf 86' lang='lat' dir='ltr'>aLatinis</span> <span class='ocrx_word' id='word_1_166' title='bbox 219 2438 249 2490; x_wconf 88' lang='lat' dir='ltr'>et</span> <span class='ocrx_word' id='word_1_167' title='bbox 265 2437 346 2489; x_wconf 89' lang='lat' dir='ltr'>celsa</span> <span class='ocrx_word' id='word_1_168' title='bbox 360 2435 397 2487; x_wconf 89' lang='lat' dir='ltr'>ab</span> <span class='ocrx_word' id='word_1_169' title='bbox 408 2435 569 2502; x_wconf 82' lang='lat' dir='ltr'>altitudine,</span> <span class='ocrx_word' id='word_1_170' title='bbox 586 2435 721 2503; x_wconf 90' lang='lat' dir='ltr'>quianon</span> <span class='ocrx_word' id='word_1_171' title='bbox 734 2436 780 2486; x_wconf 91' lang='lat' dir='ltr'>est</span> <span class='ocrx_word' id='word_1_172' title='bbox 798 2433 899 2487; x_wconf 81' lang='lat' dir='ltr'>brevis</span> 
     </span>
     <span class='ocr_line' id='line_1_27' title="bbox 66 2521 897 2594; baseline -0.004 -17"><span class='ocrx_word' id='word_1_173' title='bbox 66 2528 232 2578; x_wconf 79' lang='lat' dir='ltr'>utcaterae.</span> <span class='ocrx_word' id='word_1_174' title='bbox 250 2525 318 2578; x_wconf 85' lang='lat' dir='ltr'>Nux</span> <span class='ocrx_word' id='word_1_175' title='bbox 334 2524 487 2594; x_wconf 88' lang='lat' dir='ltr'>appellata,</span> <span class='ocrx_word' id='word_1_176' title='bbox 506 2522 582 2593; x_wconf 91' lang='lat' dir='ltr'>quod</span> <span class='ocrx_word' id='word_1_177' title='bbox 601 2523 702 2576; x_wconf 91' lang='lat' dir='ltr'>umbra</span> <span class='ocrx_word' id='word_1_178' title='bbox 718 2521 764 2575; x_wconf 84' lang='lat' dir='ltr'>rel</span> <span class='ocrx_word' id='word_1_179' title='bbox 781 2521 897 2575; x_wconf 84' lang='lat' dir='ltr'>stillici-</span> 
     </span>
     <span class='ocr_line' id='line_1_28' title="bbox 65 2611 896 2683; baseline -0.001 -18"><span class='ocrx_word' id='word_1_180' title='bbox 65 2613 137 2667; x_wconf 89' lang='lat' dir='ltr'>dium</span> <span class='ocrx_word' id='word_1_181' title='bbox 169 2614 312 2668; x_wconf 89' lang='lat' dir='ltr'>foliorum</span> <span class='ocrx_word' id='word_1_182' title='bbox 340 2612 406 2683; x_wconf 77' lang='lat' dir='ltr'>ejus</span> <span class='ocrx_word' id='word_1_183' title='bbox 436 2612 579 2681; x_wconf 83' lang='lat' dir='ltr'>proximis</span> <span class='ocrx_word' id='word_1_184' title='bbox 601 2611 759 2664; x_wconf 77' lang='lat' dir='ltr'>arboribus</span> <span class='ocrx_word' id='word_1_185' title='bbox 783 2614 896 2665; x_wconf 89' lang='lat' dir='ltr'>noceat.</span> 
     </span>
     <span class='ocr_line' id='line_1_29' title="bbox 66 2698 897 2770; baseline -0.004 -16"><span class='ocrx_word' id='word_1_186' title='bbox 66 2701 140 2756; x_wconf 89' lang='lat' dir='ltr'>llanc</span> <span class='ocrx_word' id='word_1_187' title='bbox 158 2703 220 2756; x_wconf 89' lang='lat' dir='ltr'>alio</span> <span class='ocrx_word' id='word_1_188' title='bbox 237 2700 355 2756; x_wconf 90' lang='lat' dir='ltr'>nomine</span> <span class='ocrx_word' id='word_1_189' title='bbox 373 2701 468 2754; x_wconf 52' lang='lat' dir='ltr'>lantini</span> <span class='ocrx_word' id='word_1_190' title='bbox 487 2699 660 2770; x_wconf 73' lang='lat' dir='ltr'>=juglandem</span> <span class='ocrx_word' id='word_1_191' title='bbox 676 2700 791 2764; x_wconf 86' lang='lat' dir='ltr'>vocant,</span> <span class='ocrx_word' id='word_1_192' title='bbox 811 2698 897 2769; x_wconf 91' lang='lat' dir='ltr'>quasi</span> 
     </span>
     <span class='ocr_line' id='line_1_30' title="bbox 63 2787 896 2861; baseline -0.004 -18"><span class='ocrx_word' id='word_1_193' title='bbox 63 2791 141 2844; x_wconf 87' lang='lat' dir='ltr'>lovis</span> <span class='ocrx_word' id='word_1_194' title='bbox 163 2791 316 2861; x_wconf 87' lang='lat' dir='ltr'>glandem.</span> <span class='ocrx_word' id='word_1_195' title='bbox 337 2790 404 2844; x_wconf 82' lang='lat' dir='ltr'>Fuit</span> <span class='ocrx_word' id='word_1_196' title='bbox 427 2789 505 2843; x_wconf 88' lang='lat' dir='ltr'>enim</span> <span class='ocrx_word' id='word_1_197' title='bbox 527 2788 592 2842; x_wconf 83' lang='lat' dir='ltr'>baec</span> <span class='ocrx_word' id='word_1_198' title='bbox 612 2787 701 2841; x_wconf 88' lang='lat' dir='ltr'>arbor</span> <span class='ocrx_word' id='word_1_199' title='bbox 723 2790 896 2841; x_wconf 88' lang='lat' dir='ltr'>consecrata</span> 
     </span>
     <span class='ocr_line' id='line_1_31' title="bbox 62 2876 895 2951; baseline -0.002 -20"><span class='ocrx_word' id='word_1_200' title='bbox 62 2879 132 2934; x_wconf 83' lang='lat' dir='ltr'>lori.</span> <span class='ocrx_word' id='word_1_201' title='bbox 150 2879 249 2951; x_wconf 82' lang='lat' dir='ltr'>Cujus</span> <span class='ocrx_word' id='word_1_202' title='bbox 270 2894 388 2948; x_wconf 89' lang='lat' dir='ltr'>pomum</span> <span class='ocrx_word' id='word_1_203' title='bbox 413 2882 522 2930; x_wconf 91' lang='lat' dir='ltr'>tantum</span> <span class='ocrx_word' id='word_1_204' title='bbox 542 2876 602 2929; x_wconf 78' lang='lat' dir='ltr'>rim</span> <span class='ocrx_word' id='word_1_205' title='bbox 617 2876 750 2930; x_wconf 88' lang='lat' dir='ltr'>habetat</span> <span class='ocrx_word' id='word_1_206' title='bbox 769 2877 895 2930; x_wconf 88' lang='lat' dir='ltr'>missum</span> 
     </span>
     <span class='ocr_line' id='line_1_32' title="bbox 62 2965 895 3039; baseline -0.006 -16"><span class='ocrx_word' id='word_1_207' title='bbox 62 2970 132 3023; x_wconf 88' lang='lat' dir='ltr'>inter</span> <span class='ocrx_word' id='word_1_208' title='bbox 142 2972 307 3039; x_wconf 88' lang='lat' dir='ltr'>suspectos</span> <span class='ocrx_word' id='word_1_209' title='bbox 316 2967 474 3021; x_wconf 89' lang='lat' dir='ltr'>herbarum</span> <span class='ocrx_word' id='word_1_210' title='bbox 485 2966 531 3018; x_wconf 84' lang='lat' dir='ltr'>vel</span> <span class='ocrx_word' id='word_1_211' title='bbox 544 2965 702 3035; x_wconf 81' lang='lat' dir='ltr'>fungorum</span> <span class='ocrx_word' id='word_1_212' title='bbox 712 2965 796 3018; x_wconf 86' lang='lat' dir='ltr'>cibos</span> <span class='ocrx_word' id='word_1_213' title='bbox 808 2965 895 3035; x_wconf 91' lang='lat' dir='ltr'>quid·</span> 
     </span>
    </p>
   </div>
   <div class='ocr_carea' id='block_1_6' title="bbox 969 582 1801 662">
    <p class='ocr_par' dir='ltr' id='par_1_6' title="bbox 969 582 1801 662">
     <span class='ocr_line' id='line_1_33' title="bbox 969 582 1801 662; baseline 0.012 -26"><span class='ocrx_word' id='word_1_214' title='bbox 969 582 1052 636; x_wconf 91' lang='lat' dir='ltr'>boris</span> <span class='ocrx_word' id='word_1_215' title='bbox 1059 600 1431 656; x_wconf 84' lang='lat' dir='ltr'>pomosuccusexprcssus</span> <span class='ocrx_word' id='word_1_216' title='bbox 1439 588 1673 644; x_wconf 82' lang='lat' dir='ltr'>acatiaaGraecis</span> <span class='ocrx_word' id='word_1_217' title='bbox 1684 590 1801 662; x_wconf 88' lang='lat' dir='ltr'>dicitur,</span> 
     </span>
    </p>
   </div>
   <div class='ocr_carea' id='block_1_7' title="bbox 964 679 1803 1731">
    <p class='ocr_par' dir='ltr' id='par_1_7' title="bbox 964 679 1803 1731">
     <span class='ocr_line' id='line_1_34' title="bbox 970 679 1803 754; baseline 0.007 -22"><span class='ocrx_word' id='word_1_218' title='bbox 970 679 1089 733; x_wconf 90' lang='lat' dir='ltr'>Pistatia</span> <span class='ocrx_word' id='word_1_219' title='bbox 1110 681 1199 734; x_wconf 89' lang='lat' dir='ltr'>arbor</span> <span class='ocrx_word' id='word_1_220' title='bbox 1214 681 1299 750; x_wconf 89' lang='lat' dir='ltr'>dicta,</span> <span class='ocrx_word' id='word_1_221' title='bbox 1322 683 1401 752; x_wconf 92' lang='lat' dir='ltr'>quod</span> <span class='ocrx_word' id='word_1_222' title='bbox 1417 684 1519 736; x_wconf 88' lang='lat' dir='ltr'>cortex</span> <span class='ocrx_word' id='word_1_223' title='bbox 1533 683 1612 752; x_wconf 90' lang='lat' dir='ltr'>pomi</span> <span class='ocrx_word' id='word_1_224' title='bbox 1631 683 1699 754; x_wconf 81' lang='lat' dir='ltr'>ejus</span> <span class='ocrx_word' id='word_1_225' title='bbox 1718 683 1803 738; x_wconf 87' lang='lat' dir='ltr'>nardi</span> 
     </span>
     <span class='ocr_line' id='line_1_35' title="bbox 968 768 1801 843; baseline 0.008 -22"><span class='ocrx_word' id='word_1_226' title='bbox 968 768 1066 837; x_wconf 89' lang='lat' dir='ltr'>pistici</span> <span class='ocrx_word' id='word_1_227' title='bbox 1083 770 1203 824; x_wconf 88' lang='lat' dir='ltr'>odorem</span> <span class='ocrx_word' id='word_1_228' title='bbox 1219 771 1336 825; x_wconf 88' lang='lat' dir='ltr'>referat.</span> <span class='ocrx_word' id='word_1_229' title='bbox 1359 772 1450 825; x_wconf 89' lang='lat' dir='ltr'>Pinus</span> <span class='ocrx_word' id='word_1_230' title='bbox 1466 772 1555 825; x_wconf 87' lang='lat' dir='ltr'>arbor</span> <span class='ocrx_word' id='word_1_231' title='bbox 1569 773 1652 843; x_wconf 86' lang='lat' dir='ltr'>picea</span> <span class='ocrx_word' id='word_1_232' title='bbox 1667 773 1704 828; x_wconf 87' lang='lat' dir='ltr'>ab</span> <span class='ocrx_word' id='word_1_233' title='bbox 1728 789 1801 828; x_wconf 89' lang='lat' dir='ltr'>acu-</span> 
     </span>
     <span class='ocr_line' id='line_1_36' title="bbox 968 859 1801 931; baseline 0.005 -18"><span class='ocrx_word' id='word_1_234' title='bbox 968 861 1046 913; x_wconf 88' lang='lat' dir='ltr'>mine</span> <span class='ocrx_word' id='word_1_235' title='bbox 1060 860 1198 914; x_wconf 90' lang='lat' dir='ltr'>foliorum</span> <span class='ocrx_word' id='word_1_236' title='bbox 1213 859 1299 928; x_wconf 87' lang='lat' dir='ltr'>dicta,</span> <span class='ocrx_word' id='word_1_237' title='bbox 1316 860 1437 930; x_wconf 89' lang='lat' dir='ltr'>pinnum</span> <span class='ocrx_word' id='word_1_238' title='bbox 1453 861 1529 914; x_wconf 88' lang='lat' dir='ltr'>enim</span> <span class='ocrx_word' id='word_1_239' title='bbox 1541 861 1654 931; x_wconf 83' lang='lat' dir='ltr'>antiqui</span> <span class='ocrx_word' id='word_1_240' title='bbox 1668 862 1801 917; x_wconf 86' lang='lat' dir='ltr'>nomina-</span> 
     </span>
     <span class='ocr_line' id='line_1_37' title="bbox 968 949 1800 1022; baseline 0.006 -20"><span class='ocrx_word' id='word_1_241' title='bbox 968 949 1037 1002; x_wconf 90' lang='lat' dir='ltr'>bant</span> <span class='ocrx_word' id='word_1_242' title='bbox 1052 952 1179 1003; x_wconf 85' lang='lat' dir='ltr'>acutum.</span> <span class='ocrx_word' id='word_1_243' title='bbox 1196 949 1301 1002; x_wconf 89' lang='lat' dir='ltr'>Pinum</span> <span class='ocrx_word' id='word_1_244' title='bbox 1315 952 1410 1003; x_wconf 91' lang='lat' dir='ltr'>autem</span> <span class='ocrx_word' id='word_1_245' title='bbox 1425 950 1511 1003; x_wconf 89' lang='lat' dir='ltr'>aliam</span> <span class='ocrx_word' id='word_1_246' title='bbox 1524 950 1605 1020; x_wconf 90' lang='lat' dir='ltr'>pitin,</span> <span class='ocrx_word' id='word_1_247' title='bbox 1623 950 1709 1006; x_wconf 89' lang='lat' dir='ltr'>aliam</span> <span class='ocrx_word' id='word_1_248' title='bbox 1724 967 1800 1022; x_wconf 92' lang='lat' dir='ltr'>peu·</span> 
     </span>
     <span class='ocr_line' id='line_1_38' title="bbox 968 1038 1799 1112; baseline 0.006 -21"><span class='ocrx_word' id='word_1_249' title='bbox 968 1054 1031 1092; x_wconf 86' lang='lat' dir='ltr'>cem</span> <span class='ocrx_word' id='word_1_250' title='bbox 1056 1041 1172 1105; x_wconf 88' lang='lat' dir='ltr'>vocant,</span> <span class='ocrx_word' id='word_1_251' title='bbox 1197 1054 1284 1108; x_wconf 90' lang='lat' dir='ltr'>quam</span> <span class='ocrx_word' id='word_1_252' title='bbox 1307 1053 1362 1092; x_wconf 88' lang='lat' dir='ltr'>noa</span> <span class='ocrx_word' id='word_1_253' title='bbox 1378 1038 1491 1107; x_wconf 86' lang='lat' dir='ltr'>piceam</span> <span class='ocrx_word' id='word_1_254' title='bbox 1514 1039 1640 1093; x_wconf 88' lang='lat' dir='ltr'>dicimus</span> <span class='ocrx_word' id='word_1_255' title='bbox 1666 1056 1701 1095; x_wconf 93' lang='lat' dir='ltr'>eo</span> <span class='ocrx_word' id='word_1_256' title='bbox 1716 1042 1799 1112; x_wconf 88' lang='lat' dir='ltr'>quod</span> 
     </span>
     <span class='ocr_line' id='line_1_39' title="bbox 967 1127 1798 1201; baseline 0.007 -22"><span class='ocrx_word' id='word_1_257' title='bbox 967 1127 1092 1181; x_wconf 91' lang='lat' dir='ltr'>desudet</span> <span class='ocrx_word' id='word_1_258' title='bbox 1107 1129 1211 1197; x_wconf 87' lang='lat' dir='ltr'>picem,</span> <span class='ocrx_word' id='word_1_259' title='bbox 1236 1128 1269 1180; x_wconf 90' lang='lat' dir='ltr'>ln</span> <span class='ocrx_word' id='word_1_260' title='bbox 1284 1128 1448 1183; x_wconf 71' lang='lat' dir='ltr'>Germaniae</span> <span class='ocrx_word' id='word_1_261' title='bbox 1469 1133 1565 1180; x_wconf 91' lang='lat' dir='ltr'>autem</span> <span class='ocrx_word' id='word_1_262' title='bbox 1581 1128 1688 1183; x_wconf 90' lang='lat' dir='ltr'>insulis</span> <span class='ocrx_word' id='word_1_263' title='bbox 1703 1128 1798 1201; x_wconf 84' lang='lat' dir='ltr'>hujus</span> 
     </span>
     <span class='ocr_line' id='line_1_40' title="bbox 966 1216 1797 1286; baseline 0.008 -19"><span class='ocrx_word' id='word_1_264' title='bbox 966 1216 1797 1286; x_wconf 73' lang='lat' dir='ltr'>arborislacrpmaelectrumgignitGuttaenimdessuens</span> 
     </span>
     <span class='ocr_line' id='line_1_41' title="bbox 966 1304 1797 1378; baseline 0.007 -22"><span class='ocrx_word' id='word_1_265' title='bbox 966 1304 1065 1375; x_wconf 87' lang='lat' dir='ltr'>rigore</span> <span class='ocrx_word' id='word_1_266' title='bbox 1076 1306 1122 1359; x_wconf 86' lang='lat' dir='ltr'>vel</span> <span class='ocrx_word' id='word_1_267' title='bbox 1138 1309 1239 1375; x_wconf 90' lang='lat' dir='ltr'>tepore</span> <span class='ocrx_word' id='word_1_268' title='bbox 1249 1305 1277 1358; x_wconf 92' lang='lat' dir='ltr'>in</span> <span class='ocrx_word' id='word_1_269' title='bbox 1293 1304 1469 1358; x_wconf 86' lang='lat' dir='ltr'>soliditatem</span> <span class='ocrx_word' id='word_1_270' title='bbox 1481 1305 1621 1372; x_wconf 87' lang='lat' dir='ltr'>durescit,</span> <span class='ocrx_word' id='word_1_271' title='bbox 1638 1309 1667 1359; x_wconf 88' lang='lat' dir='ltr'>et</span> <span class='ocrx_word' id='word_1_272' title='bbox 1681 1322 1797 1378; x_wconf 89' lang='lat' dir='ltr'>gemma</span> 
     </span>
     <span class='ocr_line' id='line_1_42' title="bbox 966 1392 1797 1464; baseline 0.007 -19"><span class='ocrx_word' id='word_1_273' title='bbox 966 1392 1006 1460; x_wconf 86' lang='lat' dir='ltr'>tlt,</span> <span class='ocrx_word' id='word_1_274' title='bbox 1023 1394 1058 1447; x_wconf 88' lang='lat' dir='ltr'>de</span> <span class='ocrx_word' id='word_1_275' title='bbox 1070 1394 1206 1464; x_wconf 88' lang='lat' dir='ltr'>qualitate</span> <span class='ocrx_word' id='word_1_276' title='bbox 1223 1409 1276 1446; x_wconf 90' lang='lat' dir='ltr'>sua</span> <span class='ocrx_word' id='word_1_277' title='bbox 1294 1409 1400 1448; x_wconf 88' lang='lat' dir='ltr'>nomen</span> <span class='ocrx_word' id='word_1_278' title='bbox 1415 1393 1574 1463; x_wconf 75' lang='lat' dir='ltr'>accipisne,</span> <span class='ocrx_word' id='word_1_279' title='bbox 1593 1394 1620 1447; x_wconf 92' lang='lat' dir='ltr'>id</span> <span class='ocrx_word' id='word_1_280' title='bbox 1637 1398 1682 1448; x_wconf 91' lang='lat' dir='ltr'>est</span> <span class='ocrx_word' id='word_1_281' title='bbox 1697 1397 1797 1450; x_wconf 87' lang='lat' dir='ltr'>succi-</span> 
     </span>
     <span class='ocr_line' id='line_1_43' title="bbox 966 1483 1798 1553; baseline 0.007 -19"><span class='ocrx_word' id='word_1_282' title='bbox 966 1499 1044 1549; x_wconf 89' lang='lat' dir='ltr'>num,</span> <span class='ocrx_word' id='word_1_283' title='bbox 1067 1499 1101 1537; x_wconf 91' lang='lat' dir='ltr'>eo</span> <span class='ocrx_word' id='word_1_284' title='bbox 1117 1484 1194 1553; x_wconf 90' lang='lat' dir='ltr'>quod</span> <span class='ocrx_word' id='word_1_285' title='bbox 1217 1499 1327 1537; x_wconf 89' lang='lat' dir='ltr'>succus</span> <span class='ocrx_word' id='word_1_286' title='bbox 1352 1483 1390 1535; x_wconf 90' lang='lat' dir='ltr'>sit</span> <span class='ocrx_word' id='word_1_287' title='bbox 1406 1483 1532 1536; x_wconf 89' lang='lat' dir='ltr'>arboris.</span> <span class='ocrx_word' id='word_1_288' title='bbox 1553 1483 1645 1537; x_wconf 90' lang='lat' dir='ltr'>Pinus</span> <span class='ocrx_word' id='word_1_289' title='bbox 1668 1484 1798 1541; x_wconf 87' lang='lat' dir='ltr'>creditur</span> 
     </span>
     <span class='ocr_line' id='line_1_44' title="bbox 964 1571 1799 1643; baseline 0.005 -19"><span class='ocrx_word' id='word_1_290' title='bbox 964 1573 1108 1640; x_wconf 88' lang='lat' dir='ltr'>prodesse</span> <span class='ocrx_word' id='word_1_291' title='bbox 1123 1573 1247 1640; x_wconf 77' lang='lat' dir='ltr'>cunella,</span> <span class='ocrx_word' id='word_1_292' title='bbox 1266 1589 1331 1643; x_wconf 85' lang='lat' dir='ltr'>quae</span> <span class='ocrx_word' id='word_1_293' title='bbox 1348 1572 1404 1627; x_wconf 91' lang='lat' dir='ltr'>sub</span> <span class='ocrx_word' id='word_1_294' title='bbox 1416 1588 1450 1626; x_wconf 90' lang='lat' dir='ltr'>ea</span> <span class='ocrx_word' id='word_1_295' title='bbox 1466 1575 1632 1640; x_wconf 88' lang='lat' dir='ltr'>servantur,</span> <span class='ocrx_word' id='word_1_296' title='bbox 1649 1571 1799 1628; x_wconf 87' lang='lat' dir='ltr'>sicutnux</span> 
     </span>
     <span class='ocr_line' id='line_1_45' title="bbox 965 1661 1797 1731; baseline 0.002 -17"><span class='ocrx_word' id='word_1_297' title='bbox 965 1677 1072 1716; x_wconf 86' lang='lat' dir='ltr'>nocere</span> <span class='ocrx_word' id='word_1_298' title='bbox 1102 1663 1248 1717; x_wconf 91' lang='lat' dir='ltr'>omnibus.</span> <span class='ocrx_word' id='word_1_299' title='bbox 1268 1661 1360 1715; x_wconf 76' lang='lat' dir='ltr'>Abies</span> <span class='ocrx_word' id='word_1_300' title='bbox 1384 1661 1459 1714; x_wconf 88' lang='lat' dir='ltr'>dicta</span> <span class='ocrx_word' id='word_1_301' title='bbox 1489 1661 1568 1731; x_wconf 89' lang='lat' dir='ltr'>quod</span> <span class='ocrx_word' id='word_1_302' title='bbox 1591 1677 1653 1730; x_wconf 84' lang='lat' dir='ltr'>prae</span> <span class='ocrx_word' id='word_1_303' title='bbox 1679 1661 1797 1716; x_wconf 86' lang='lat' dir='ltr'>caeteris</span> 
     </span>
    </p>
   </div>
   <div class='ocr_carea' id='block_1_8' title="bbox 922 1749 1795 1827">
    <p class='ocr_par' dir='ltr' id='par_1_8' title="bbox 922 1749 1795 1827">
     <span class='ocr_line' id='line_1_46' title="bbox 922 1749 1795 1827; baseline 0.002 -24"><span class='ocrx_word' id='word_1_304' title='bbox 922 1764 949 1827; x_wconf 81' lang='grc' dir='ltr'><strong>Β</strong></span> <span class='ocrx_word' id='word_1_305' title='bbox 964 1751 1121 1806; x_wconf 88' lang='lat' dir='ltr'>arboribus</span> <span class='ocrx_word' id='word_1_306' title='bbox 1138 1752 1225 1822; x_wconf 90' lang='lat' dir='ltr'>longe</span> <span class='ocrx_word' id='word_1_307' title='bbox 1249 1754 1303 1818; x_wconf 89' lang='lat' dir='ltr'>eat,</span> <span class='ocrx_word' id='word_1_308' title='bbox 1326 1754 1354 1804; x_wconf 92' lang='lat' dir='ltr'>et</span> <span class='ocrx_word' id='word_1_309' title='bbox 1369 1750 1398 1803; x_wconf 92' lang='lat' dir='ltr'>in</span> <span class='ocrx_word' id='word_1_310' title='bbox 1415 1750 1567 1804; x_wconf 90' lang='lat' dir='ltr'>excelsum</span> <span class='ocrx_word' id='word_1_311' title='bbox 1595 1749 1795 1821; x_wconf 84' lang='lat' dir='ltr'>praeemineat,</span> 
     </span>
    </p>
   </div>
   <div class='ocr_carea' id='block_1_9' title="bbox 952 1839 1797 3063">
    <p class='ocr_par' dir='ltr' id='par_1_9' title="bbox 952 1839 1797 3063">
     <span class='ocr_line' id='line_1_47' title="bbox 964 1839 1797 1910; baseline 0.002 -18"><span class='ocrx_word' id='word_1_312' title='bbox 964 1841 1052 1910; x_wconf 81' lang='lat' dir='ltr'>eujus</span> <span class='ocrx_word' id='word_1_313' title='bbox 1062 1843 1163 1895; x_wconf 89' lang='lat' dir='ltr'>natura</span> <span class='ocrx_word' id='word_1_314' title='bbox 1175 1839 1468 1909; x_wconf 89' lang='lat' dir='ltr'>experscstterrenis</span> <span class='ocrx_word' id='word_1_315' title='bbox 1479 1839 1623 1906; x_wconf 90' lang='lat' dir='ltr'>humoris,</span> <span class='ocrx_word' id='word_1_316' title='bbox 1631 1839 1797 1909; x_wconf 86' lang='lat' dir='ltr'>aeproinde</span> 
     </span>
     <span class='ocr_line' id='line_1_48' title="bbox 964 1927 1797 2001; baseline 0 -19"><span class='ocrx_word' id='word_1_317' title='bbox 964 1929 1072 1984; x_wconf 86' lang='lat' dir='ltr'>babilis</span> <span class='ocrx_word' id='word_1_318' title='bbox 1088 1933 1174 2001; x_wconf 90' lang='lat' dir='ltr'>atque</span> <span class='ocrx_word' id='word_1_319' title='bbox 1188 1930 1263 1983; x_wconf 89' lang='lat' dir='ltr'>levis</span> <span class='ocrx_word' id='word_1_320' title='bbox 1280 1929 1413 1982; x_wconf 87' lang='lat' dir='ltr'>babetur.</span> <span class='ocrx_word' id='word_1_321' title='bbox 1431 1929 1514 1981; x_wconf 90' lang='lat' dir='ltr'>Hanc</span> <span class='ocrx_word' id='word_1_322' title='bbox 1528 1929 1647 1999; x_wconf 87' lang='lat' dir='ltr'>quidam</span> <span class='ocrx_word' id='word_1_323' title='bbox 1658 1927 1797 2000; x_wconf 78' lang='lat' dir='ltr'>gallicam</span> 
     </span>
     <span class='ocr_line' id='line_1_49' title="bbox 961 2016 1795 2088; baseline 0.002 -18"><span class='ocrx_word' id='word_1_324' title='bbox 961 2021 1076 2086; x_wconf 89' lang='lat' dir='ltr'>vocant,</span> <span class='ocrx_word' id='word_1_325' title='bbox 1100 2022 1221 2088; x_wconf 89' lang='lat' dir='ltr'>propter</span> <span class='ocrx_word' id='word_1_326' title='bbox 1241 2018 1408 2071; x_wconf 90' lang='lat' dir='ltr'>candorem.</span> <span class='ocrx_word' id='word_1_327' title='bbox 1430 2017 1599 2071; x_wconf 72' lang='lat' dir='ltr'>[dstantem</span> <span class='ocrx_word' id='word_1_328' title='bbox 1624 2017 1689 2072; x_wconf 91' lang='lat' dir='ltr'>sine</span> <span class='ocrx_word' id='word_1_329' title='bbox 1705 2016 1795 2072; x_wconf 87' lang='lat' dir='ltr'>nodo.</span> 
     </span>
     <span class='ocr_line' id='line_1_50' title="bbox 959 2106 1795 2177; baseline -0.001 -17"><span class='ocrx_word' id='word_1_330' title='bbox 959 2106 1073 2161; x_wconf 82' lang='lat' dir='ltr'>Codrus</span> <span class='ocrx_word' id='word_1_331' title='bbox 1088 2112 1134 2161; x_wconf 89' lang='lat' dir='ltr'>est</span> <span class='ocrx_word' id='word_1_332' title='bbox 1144 2123 1209 2177; x_wconf 88' lang='lat' dir='ltr'>quae</span> <span class='ocrx_word' id='word_1_333' title='bbox 1225 2107 1311 2159; x_wconf 90' lang='lat' dir='ltr'>etiam</span> <span class='ocrx_word' id='word_1_334' title='bbox 1326 2106 1429 2160; x_wconf 81' lang='lat' dir='ltr'>Graece</span> <span class='ocrx_word' id='word_1_335' title='bbox 1443 2107 1524 2175; x_wconf 72' lang='grc' dir='ltr'>κέδρος</span> <span class='ocrx_word' id='word_1_336' title='bbox 1538 2106 1645 2159; x_wconf 88' lang='lat' dir='ltr'>cedros</span> <span class='ocrx_word' id='word_1_337' title='bbox 1660 2107 1795 2160; x_wconf 87' lang='lat' dir='ltr'>vocatur.</span> 
     </span>
     <span class='ocr_line' id='line_1_51' title="bbox 959 2191 1796 2266; baseline 0 -18"><span class='ocrx_word' id='word_1_338' title='bbox 959 2195 1046 2266; x_wconf 76' lang='lat' dir='ltr'>cujus</span> <span class='ocrx_word' id='word_1_339' title='bbox 1062 2195 1131 2250; x_wconf 92' lang='lat' dir='ltr'>folia</span> <span class='ocrx_word' id='word_1_340' title='bbox 1156 2195 1290 2265; x_wconf 70' lang='lat' dir='ltr'>cypressi</span> <span class='ocrx_word' id='word_1_341' title='bbox 1313 2195 1535 2248; x_wconf 91' lang='lat' dir='ltr'>similitudinem</span> <span class='ocrx_word' id='word_1_342' title='bbox 1553 2192 1663 2246; x_wconf 89' lang='lat' dir='ltr'>habent</span> <span class='ocrx_word' id='word_1_343' title='bbox 1681 2191 1796 2263; x_wconf 88' lang='lat' dir='ltr'>lignum</span> 
     </span>
     <span class='ocr_line' id='line_1_52' title="bbox 957 2279 1796 2355; baseline 0 -19"><span class='ocrx_word' id='word_1_344' title='bbox 957 2301 1029 2339; x_wconf 84' lang='lat' dir='ltr'>vero</span> <span class='ocrx_word' id='word_1_345' title='bbox 1040 2284 1163 2355; x_wconf 75' lang='lat' dir='ltr'>pacandi</span> <span class='ocrx_word' id='word_1_346' title='bbox 1181 2285 1281 2338; x_wconf 90' lang='lat' dir='ltr'>odoris</span> <span class='ocrx_word' id='word_1_347' title='bbox 1296 2288 1351 2352; x_wconf 89' lang='lat' dir='ltr'>est,</span> <span class='ocrx_word' id='word_1_348' title='bbox 1368 2287 1396 2337; x_wconf 92' lang='lat' dir='ltr'>et</span> <span class='ocrx_word' id='word_1_349' title='bbox 1412 2279 1460 2337; x_wconf 87' lang='lat' dir='ltr'>diu</span> <span class='ocrx_word' id='word_1_350' title='bbox 1481 2283 1601 2349; x_wconf 76' lang='lat' dir='ltr'>duranS,</span> <span class='ocrx_word' id='word_1_351' title='bbox 1614 2297 1669 2336; x_wconf 87' lang='lat' dir='ltr'>nec</span> <span class='ocrx_word' id='word_1_352' title='bbox 1685 2297 1701 2335; x_wconf 86' lang='lat' dir='ltr'>a</span> <span class='ocrx_word' id='word_1_353' title='bbox 1716 2280 1796 2336; x_wconf 87' lang='lat' dir='ltr'>tinea</span> 
     </span>
     <span class='ocr_line' id='line_1_53' title="bbox 956 2370 1796 2444; baseline -0.002 -17"><span class='ocrx_word' id='word_1_354' title='bbox 956 2390 1086 2444; x_wconf 87' lang='lat' dir='ltr'>unquam</span> <span class='ocrx_word' id='word_1_355' title='bbox 1102 2374 1320 2441; x_wconf 88' lang='lat' dir='ltr'>exterminatur,</span> <span class='ocrx_word' id='word_1_356' title='bbox 1346 2374 1423 2427; x_wconf 91' lang='lat' dir='ltr'>unde</span> <span class='ocrx_word' id='word_1_357' title='bbox 1445 2375 1473 2426; x_wconf 95' lang='lat' dir='ltr'>et</span> <span class='ocrx_word' id='word_1_358' title='bbox 1492 2371 1521 2424; x_wconf 94' lang='lat' dir='ltr'>in</span> <span class='ocrx_word' id='word_1_359' title='bbox 1538 2370 1656 2439; x_wconf 90' lang='lat' dir='ltr'>templis</span> <span class='ocrx_word' id='word_1_360' title='bbox 1674 2373 1796 2440; x_wconf 87' lang='lat' dir='ltr'>propter</span> 
     </span>
     <span class='ocr_line' id='line_1_54' title="bbox 956 2458 1794 2533; baseline -0.004 -16"><span class='ocrx_word' id='word_1_361' title='bbox 956 2466 1174 2519; x_wconf 86' lang='lat' dir='ltr'>diuturnitatem</span> <span class='ocrx_word' id='word_1_362' title='bbox 1196 2480 1233 2519; x_wconf 91' lang='lat' dir='ltr'>ex</span> <span class='ocrx_word' id='word_1_363' title='bbox 1256 2464 1312 2517; x_wconf 88' lang='lat' dir='ltr'>hoc</span> <span class='ocrx_word' id='word_1_364' title='bbox 1327 2463 1408 2533; x_wconf 87' lang='lat' dir='ltr'>ligno</span> <span class='ocrx_word' id='word_1_365' title='bbox 1424 2461 1573 2515; x_wconf 87' lang='lat' dir='ltr'>lacunaria</span> <span class='ocrx_word' id='word_1_366' title='bbox 1594 2461 1676 2515; x_wconf 83' lang='lat' dir='ltr'>frunt.</span> <span class='ocrx_word' id='word_1_367' title='bbox 1695 2458 1794 2530; x_wconf 82' lang='lat' dir='ltr'>Hujus</span> 
     </span>
     <span class='ocr_line' id='line_1_55' title="bbox 955 2548 1793 2625; baseline -0.006 -18"><span class='ocrx_word' id='word_1_368' title='bbox 955 2554 1028 2625; x_wconf 89' lang='lat' dir='ltr'>ligni</span> <span class='ocrx_word' id='word_1_369' title='bbox 1053 2554 1151 2608; x_wconf 89' lang='lat' dir='ltr'>resina</span> <span class='ocrx_word' id='word_1_370' title='bbox 1175 2552 1273 2606; x_wconf 90' lang='lat' dir='ltr'>cedria</span> <span class='ocrx_word' id='word_1_371' title='bbox 1296 2551 1412 2618; x_wconf 89' lang='lat' dir='ltr'>dicitur,</span> <span class='ocrx_word' id='word_1_372' title='bbox 1433 2565 1499 2620; x_wconf 76' lang='lat' dir='ltr'>quaa</span> <span class='ocrx_word' id='word_1_373' title='bbox 1527 2549 1558 2603; x_wconf 92' lang='lat' dir='ltr'>in</span> <span class='ocrx_word' id='word_1_374' title='bbox 1579 2548 1793 2604; x_wconf 82' lang='lat' dir='ltr'>conservandis</span> 
     </span>
     <span class='ocr_line' id='line_1_56' title="bbox 954 2637 1793 2709; baseline -0.004 -14"><span class='ocrx_word' id='word_1_375' title='bbox 954 2644 1027 2697; x_wconf 90' lang='lat' dir='ltr'>adeo</span> <span class='ocrx_word' id='word_1_376' title='bbox 1042 2647 1088 2696; x_wconf 89' lang='lat' dir='ltr'>est</span> <span class='ocrx_word' id='word_1_377' title='bbox 1103 2642 1192 2708; x_wconf 87' lang='lat' dir='ltr'>utilis,</span> <span class='ocrx_word' id='word_1_378' title='bbox 1210 2644 1241 2695; x_wconf 90' lang='lat' dir='ltr'>ut</span> <span class='ocrx_word' id='word_1_379' title='bbox 1255 2640 1382 2709; x_wconf 90' lang='lat' dir='ltr'>perliniti</span> <span class='ocrx_word' id='word_1_380' title='bbox 1399 2654 1436 2693; x_wconf 91' lang='lat' dir='ltr'>ex</span> <span class='ocrx_word' id='word_1_381' title='bbox 1452 2655 1485 2692; x_wconf 89' lang='lat' dir='ltr'>ea</span> <span class='ocrx_word' id='word_1_382' title='bbox 1502 2653 1556 2692; x_wconf 90' lang='lat' dir='ltr'>neo</span> <span class='ocrx_word' id='word_1_383' title='bbox 1570 2637 1666 2691; x_wconf 86' lang='lat' dir='ltr'>tineas</span> <span class='ocrx_word' id='word_1_384' title='bbox 1677 2637 1793 2707; x_wconf 89' lang='lat' dir='ltr'>patian-</span> 
     </span>
     <span class='ocr_line' id='line_1_57' title="bbox 953 2725 1792 2800; baseline -0.006 -15"><span class='ocrx_word' id='word_1_385' title='bbox 953 2735 1009 2800; x_wconf 90' lang='lat' dir='ltr'>tur,</span> <span class='ocrx_word' id='word_1_386' title='bbox 1035 2747 1089 2785; x_wconf 88' lang='lat' dir='ltr'>nec</span> <span class='ocrx_word' id='word_1_387' title='bbox 1109 2734 1241 2799; x_wconf 88' lang='lat' dir='ltr'>tempore</span> <span class='ocrx_word' id='word_1_388' title='bbox 1257 2730 1483 2783; x_wconf 88' lang='lat' dir='ltr'>consenescant.</span> <span class='ocrx_word' id='word_1_389' title='bbox 1500 2726 1669 2796; x_wconf 76' lang='lat' dir='ltr'>Oppressus</span> <span class='ocrx_word' id='word_1_390' title='bbox 1688 2725 1792 2782; x_wconf 77' lang='lat' dir='ltr'>Graece</span> 
     </span>
     <span class='ocr_line' id='line_1_58' title="bbox 952 2813 1791 2890; baseline -0.002 -18"><span class='ocrx_word' id='word_1_391' title='bbox 952 2820 1100 2890; x_wconf 73' lang='grc' dir='ltr'>κυπρῑιισσος</span> <span class='ocrx_word' id='word_1_392' title='bbox 1118 2836 1135 2871; x_wconf 85' lang='lat' dir='ltr'>a</span> <span class='ocrx_word' id='word_1_393' title='bbox 1150 2818 1233 2887; x_wconf 87' lang='lat' dir='ltr'>pueri</span> <span class='ocrx_word' id='word_1_394' title='bbox 1249 2818 1367 2871; x_wconf 84' lang='lat' dir='ltr'>nomine</span> <span class='ocrx_word' id='word_1_395' title='bbox 1384 2816 1499 2883; x_wconf 82' lang='lat' dir='ltr'>dieitur,</span> <span class='ocrx_word' id='word_1_396' title='bbox 1515 2815 1593 2886; x_wconf 89' lang='lat' dir='ltr'>quod</span> <span class='ocrx_word' id='word_1_397' title='bbox 1615 2816 1702 2885; x_wconf 75' lang='lat' dir='ltr'>capul</span> <span class='ocrx_word' id='word_1_398' title='bbox 1722 2813 1791 2885; x_wconf 75' lang='lat' dir='ltr'>ojus</span> 
     </span>
     <span class='ocr_line' id='line_1_59' title="bbox 952 2904 1791 2976; baseline -0.004 -15"><span class='ocrx_word' id='word_1_399' title='bbox 952 2907 1160 2961; x_wconf 82' lang='lat' dir='ltr'>erotunditate</span> <span class='ocrx_word' id='word_1_400' title='bbox 1173 2908 1203 2961; x_wconf 91' lang='lat' dir='ltr'>in</span> <span class='ocrx_word' id='word_1_401' title='bbox 1228 2922 1368 2960; x_wconf 91' lang='lat' dir='ltr'>cacumen</span> <span class='ocrx_word' id='word_1_402' title='bbox 1393 2906 1530 2976; x_wconf 70' lang='lat' dir='ltr'>erigitur,</span> <span class='ocrx_word' id='word_1_403' title='bbox 1557 2904 1677 2958; x_wconf 89' lang='lat' dir='ltr'>undeet</span> <span class='ocrx_word' id='word_1_404' title='bbox 1697 2918 1791 2958; x_wconf 85' lang='lat' dir='ltr'>conos</span> 
     </span>
     <span class='ocr_line' id='line_1_60' title="bbox 952 2992 1789 3063; baseline -0.006 -11"><span class='ocrx_word' id='word_1_405' title='bbox 952 3003 1075 3054; x_wconf 88' lang='lat' dir='ltr'>vocatur</span> <span class='ocrx_word' id='word_1_406' title='bbox 1089 2999 1145 3052; x_wconf 89' lang='lat' dir='ltr'>alta</span> <span class='ocrx_word' id='word_1_407' title='bbox 1155 2997 1329 3051; x_wconf 89' lang='lat' dir='ltr'>rotunditas.</span> <span class='ocrx_word' id='word_1_408' title='bbox 1347 2995 1424 3048; x_wconf 89' lang='lat' dir='ltr'>Hinc</span> <span class='ocrx_word' id='word_1_409' title='bbox 1435 2999 1463 3048; x_wconf 91' lang='lat' dir='ltr'>et</span> <span class='ocrx_word' id='word_1_410' title='bbox 1477 2995 1592 3048; x_wconf 89' lang='lat' dir='ltr'>fructus</span> <span class='ocrx_word' id='word_1_411' title='bbox 1603 2992 1671 3063; x_wconf 84' lang='lat' dir='ltr'>ejus</span> <span class='ocrx_word' id='word_1_412' title='bbox 1682 3007 1789 3063; x_wconf 90' lang='lat' dir='ltr'>conus,</span> 
     </span>
    </p>
   </div>
   <div class='ocr_carea' id='block_1_10' title="bbox 62 3055 1791 3159">
    <p class='ocr_par' dir='ltr' id='par_1_10' title="bbox 62 3055 1791 3159">
     <span class='ocr_line' id='line_1_61' title="bbox 62 3055 1791 3159; baseline -0.012 -4"><span class='ocrx_word' id='word_1_413' title='bbox 62 3059 125 3127; x_wconf 65' lang='lat' dir='ltr'>quid</span> <span class='ocrx_word' id='word_1_414' title='bbox 142 3059 173 3113; x_wconf 70' lang='lat' dir='ltr'>in</span> <span class='ocrx_word' id='word_1_415' title='bbox 198 3059 245 3112; x_wconf 51' lang='lat'>⁰³⁸</span> <span class='ocrx_word' id='word_1_416' title='bbox 260 3057 439 3112; x_wconf 50' lang='lat' dir='ltr'>Virumum</span> <span class='ocrx_word' id='word_1_417' title='bbox 455 3057 509 3122; x_wconf 44' lang='grc' dir='ltr'>θεῖ’</span> <span class='ocrx_word' id='word_1_418' title='bbox 536 3058 672 3124; x_wconf 57' lang='lat' dir='ltr'>exsugsst’</span> <span class='ocrx_word' id='word_1_419' title='bbox 689 3055 791 3123; x_wconf 40' lang='lat' dir='ltr'>&#39;Upim&#39;</span> <span class='ocrx_word' id='word_1_420' title='bbox 807 3058 895 3152; x_wconf 40' lang='lat' dir='ltr'>aque</span> <span class='ocrx_word' id='word_1_421' title='bbox 914 3075 1020 3159; x_wconf 82' lang='lat' dir='ltr'>Cquia</span> <span class='ocrx_word' id='word_1_422' title='bbox 1040 3088 1203 3143; x_wconf 89' lang='lat' dir='ltr'>rotunditas</span> <span class='ocrx_word' id='word_1_423' title='bbox 1229 3085 1295 3157; x_wconf 83' lang='lat' dir='ltr'>ejus</span> <span class='ocrx_word' id='word_1_424' title='bbox 1318 3085 1385 3138; x_wconf 90' lang='lat' dir='ltr'>talis</span> <span class='ocrx_word' id='word_1_425' title='bbox 1411 3087 1457 3137; x_wconf 88' lang='lat' dir='ltr'>est</span> <span class='ocrx_word' id='word_1_426' title='bbox 1480 3086 1510 3135; x_wconf 93' lang='lat' dir='ltr'>ut</span> <span class='ocrx_word' id='word_1_427' title='bbox 1535 3098 1642 3135; x_wconf 91' lang='lat' dir='ltr'>conum</span> <span class='ocrx_word' id='word_1_428' title='bbox 1660 3080 1791 3136; x_wconf 86' lang='lat' dir='ltr'>imitetur</span> 
     </span>
    </p>
   </div>
   <div class='ocr_carea' id='block_1_11' title="bbox 57 3143 895 4287">
    <p class='ocr_par' dir='ltr' id='par_1_11' title="bbox 57 3143 895 4287">
     <span class='ocr_line' id='line_1_62' title="bbox 62 3143 895 3219; baseline -0.007 -19"><span class='ocrx_word' id='word_1_429' title='bbox 62 3149 241 3219; x_wconf 85' lang='lat' dir='ltr'>exstinguat.</span> <span class='ocrx_word' id='word_1_430' title='bbox 252 3147 353 3205; x_wconf 88' lang='lat' dir='ltr'>Nuces</span> <span class='ocrx_word' id='word_1_431' title='bbox 364 3148 461 3199; x_wconf 87' lang='lat' dir='ltr'>autem</span> <span class='ocrx_word' id='word_1_432' title='bbox 470 3143 895 3215; x_wconf 86' lang='lat' dir='ltr'>generaliterdicunturomnra</span> 
     </span>
     <span class='ocr_line' id='line_1_63' title="bbox 61 3233 893 3304; baseline -0.006 -14"><span class='ocrx_word' id='word_1_433' title='bbox 61 3252 140 3304; x_wconf 88' lang='lat' dir='ltr'>poma</span> <span class='ocrx_word' id='word_1_434' title='bbox 158 3237 243 3291; x_wconf 83' lang='lat' dir='ltr'>corio</span> <span class='ocrx_word' id='word_1_435' title='bbox 259 3234 372 3290; x_wconf 86' lang='lat' dir='ltr'>duriori</span> <span class='ocrx_word' id='word_1_436' title='bbox 384 3237 469 3302; x_wconf 89' lang='lat' dir='ltr'>tecta,</span> <span class='ocrx_word' id='word_1_437' title='bbox 482 3236 512 3287; x_wconf 92' lang='lat' dir='ltr'>ut</span> <span class='ocrx_word' id='word_1_438' title='bbox 523 3234 627 3302; x_wconf 75' lang='lat' dir='ltr'>pineta,</span> <span class='ocrx_word' id='word_1_439' title='bbox 645 3247 737 3285; x_wconf 88' lang='lat' dir='ltr'>nuces</span> <span class='ocrx_word' id='word_1_440' title='bbox 752 3233 893 3285; x_wconf 76' lang='lat' dir='ltr'>avellanas</span> 
     </span>
     <span class='ocr_line' id='line_1_64' title="bbox 61 3320 893 3394; baseline -0.007 -16"><span class='ocrx_word' id='word_1_441' title='bbox 61 3325 193 3394; x_wconf 79' lang='lat' dir='ltr'>glandes,</span> <span class='ocrx_word' id='word_1_442' title='bbox 216 3328 384 3393; x_wconf 83' lang='lat' dir='ltr'>castaneae,</span> <span class='ocrx_word' id='word_1_443' title='bbox 406 3322 568 3394; x_wconf 74' lang='lat' dir='ltr'>amygdala.</span> <span class='ocrx_word' id='word_1_444' title='bbox 596 3322 669 3375; x_wconf 90' lang='lat' dir='ltr'>lline</span> <span class='ocrx_word' id='word_1_445' title='bbox 693 3321 789 3374; x_wconf 91' lang='lat' dir='ltr'>nuclei</span> <span class='ocrx_word' id='word_1_446' title='bbox 814 3320 893 3389; x_wconf 89' lang='lat' dir='ltr'>dicti,</span> 
     </span>
     <span class='ocr_line' id='line_1_65' title="bbox 60 3411 895 3483; baseline -0.005 -16"><span class='ocrx_word' id='word_1_447' title='bbox 60 3415 135 3483; x_wconf 89' lang='lat' dir='ltr'>quod</span> <span class='ocrx_word' id='word_1_448' title='bbox 151 3415 214 3468; x_wconf 90' lang='lat' dir='ltr'>sint</span> <span class='ocrx_word' id='word_1_449' title='bbox 231 3415 304 3468; x_wconf 93' lang='lat' dir='ltr'>duro</span> <span class='ocrx_word' id='word_1_450' title='bbox 329 3414 409 3469; x_wconf 86' lang='lat' dir='ltr'>corio</span> <span class='ocrx_word' id='word_1_451' title='bbox 426 3415 503 3468; x_wconf 89' lang='lat' dir='ltr'>terti.</span> <span class='ocrx_word' id='word_1_452' title='bbox 526 3415 563 3465; x_wconf 80' lang='lat' dir='ltr'>at</span> <span class='ocrx_word' id='word_1_453' title='bbox 578 3415 676 3465; x_wconf 86' lang='lat' dir='ltr'>contra</span> <span class='ocrx_word' id='word_1_454' title='bbox 698 3411 794 3464; x_wconf 90' lang='lat' dir='ltr'>omnia</span> <span class='ocrx_word' id='word_1_455' title='bbox 809 3425 895 3480; x_wconf 86' lang='lat' dir='ltr'>poma</span> 
     </span>
     <span class='ocr_line' id='line_1_66' title="bbox 61 3500 893 3571; baseline -0.002 -16"><span class='ocrx_word' id='word_1_456' title='bbox 61 3503 166 3569; x_wconf 89' lang='lat' dir='ltr'>rnollia,</span> <span class='ocrx_word' id='word_1_457' title='bbox 184 3504 262 3557; x_wconf 89' lang='lat' dir='ltr'>mala</span> <span class='ocrx_word' id='word_1_458' title='bbox 277 3504 353 3557; x_wconf 88' lang='lat' dir='ltr'>dicta</span> <span class='ocrx_word' id='word_1_459' title='bbox 370 3507 447 3570; x_wconf 91' lang='lat' dir='ltr'>sunl,</span> <span class='ocrx_word' id='word_1_460' title='bbox 466 3501 519 3556; x_wconf 87' lang='lat' dir='ltr'>sed</span> <span class='ocrx_word' id='word_1_461' title='bbox 535 3517 601 3555; x_wconf 84' lang='lat' dir='ltr'>eum</span> <span class='ocrx_word' id='word_1_462' title='bbox 617 3500 783 3571; x_wconf 76' lang='lat' dir='ltr'>adjectione</span> <span class='ocrx_word' id='word_1_463' title='bbox 799 3504 893 3554; x_wconf 89' lang='lat' dir='ltr'>terra-</span> 
     </span>
     <span class='ocr_line' id='line_1_67' title="bbox 61 3589 893 3663; baseline -0.001 -20"><span class='ocrx_word' id='word_1_464' title='bbox 61 3608 120 3645; x_wconf 90' lang='lat' dir='ltr'>rum</span> <span class='ocrx_word' id='word_1_465' title='bbox 145 3594 176 3646; x_wconf 88' lang='lat' dir='ltr'>in</span> <span class='ocrx_word' id='word_1_466' title='bbox 192 3593 303 3663; x_wconf 90' lang='lat' dir='ltr'>quibus</span> <span class='ocrx_word' id='word_1_467' title='bbox 318 3595 402 3646; x_wconf 89' lang='lat' dir='ltr'>antea</span> <span class='ocrx_word' id='word_1_468' title='bbox 420 3596 486 3645; x_wconf 88' lang='lat' dir='ltr'>nata</span> <span class='ocrx_word' id='word_1_469' title='bbox 502 3595 580 3656; x_wconf 86' lang='lat' dir='ltr'>sunt,</span> <span class='ocrx_word' id='word_1_470' title='bbox 598 3592 629 3644; x_wconf 89' lang='lat' dir='ltr'>ut</span> <span class='ocrx_word' id='word_1_471' title='bbox 644 3589 769 3658; x_wconf 88' lang='lat' dir='ltr'>persica,</span> <span class='ocrx_word' id='word_1_472' title='bbox 788 3590 893 3659; x_wconf 88' lang='lat' dir='ltr'>punica</span> 
     </span>
     <span class='ocr_line' id='line_1_68' title="bbox 61 3679 893 3752; baseline -0.002 -18"><span class='ocrx_word' id='word_1_473' title='bbox 61 3683 194 3749; x_wconf 86' lang='lat' dir='ltr'>matiana,</span> <span class='ocrx_word' id='word_1_474' title='bbox 217 3685 274 3735; x_wconf 89' lang='lat' dir='ltr'>etc.</span> <span class='ocrx_word' id='word_1_475' title='bbox 292 3681 454 3752; x_wconf 74' lang='lat' dir='ltr'>Ampgdala</span> <span class='ocrx_word' id='word_1_476' title='bbox 480 3679 611 3750; x_wconf 68' lang='grc' dir='ltr'>ἂμίγδιιλιν</span> <span class='ocrx_word' id='word_1_477' title='bbox 625 3681 761 3734; x_wconf 75' lang='lat' dir='ltr'>Graecum</span> <span class='ocrx_word' id='word_1_478' title='bbox 786 3695 893 3733; x_wconf 88' lang='lat' dir='ltr'>nomen</span> 
     </span>
     <span class='ocr_line' id='line_1_69' title="bbox 59 3768 894 3842; baseline 0 -20"><span class='ocrx_word' id='word_1_479' title='bbox 59 3774 110 3840; x_wconf 86' lang='lat' dir='ltr'>est,</span> <span class='ocrx_word' id='word_1_480' title='bbox 123 3771 205 3841; x_wconf 89' lang='lat' dir='ltr'>qnod</span> <span class='ocrx_word' id='word_1_481' title='bbox 223 3772 325 3826; x_wconf 88' lang='lat' dir='ltr'>Latine</span> <span class='ocrx_word' id='word_1_482' title='bbox 340 3771 429 3842; x_wconf 87' lang='lat' dir='ltr'>longa</span> <span class='ocrx_word' id='word_1_483' title='bbox 444 3787 505 3824; x_wconf 80' lang='lat' dir='ltr'>nux</span> <span class='ocrx_word' id='word_1_484' title='bbox 518 3773 648 3824; x_wconf 82' lang='lat' dir='ltr'>vocatur.</span> <span class='ocrx_word' id='word_1_485' title='bbox 666 3768 786 3823; x_wconf 80' lang='lat' dir='ltr'>tlunctis</span> <span class='ocrx_word' id='word_1_486' title='bbox 797 3772 894 3822; x_wconf 91' lang='lat' dir='ltr'>autem</span> 
     </span>
     <span class='ocr_line' id='line_1_70' title="bbox 59 3857 893 3930; baseline 0.002 -21"><span class='ocrx_word' id='word_1_487' title='bbox 59 3859 217 3914; x_wconf 87' lang='lat' dir='ltr'>arboribus</span> <span class='ocrx_word' id='word_1_488' title='bbox 233 3861 317 3930; x_wconf 90' lang='lat' dir='ltr'>prius</span> <span class='ocrx_word' id='word_1_489' title='bbox 333 3877 367 3914; x_wconf 90' lang='lat' dir='ltr'>se</span> <span class='ocrx_word' id='word_1_490' title='bbox 379 3861 450 3914; x_wconf 89' lang='lat' dir='ltr'>flore</span> <span class='ocrx_word' id='word_1_491' title='bbox 461 3859 559 3925; x_wconf 85' lang='lat' dir='ltr'>vestit,</span> <span class='ocrx_word' id='word_1_492' title='bbox 577 3861 604 3912; x_wconf 93' lang='lat' dir='ltr'>et</span> <span class='ocrx_word' id='word_1_493' title='bbox 620 3858 656 3911; x_wconf 88' lang='lat' dir='ltr'>ad</span> <span class='ocrx_word' id='word_1_494' title='bbox 672 3857 793 3911; x_wconf 89' lang='lat' dir='ltr'>ferenda</span> <span class='ocrx_word' id='word_1_495' title='bbox 808 3874 893 3926; x_wconf 90' lang='lat' dir='ltr'>poma</span> 
     </span>
     <span class='ocr_line' id='line_1_71' title="bbox 58 3946 893 4020; baseline 0.002 -23"><span class='ocrx_word' id='word_1_496' title='bbox 58 3947 179 4001; x_wconf 88' lang='lat' dir='ltr'>arbusta</span> <span class='ocrx_word' id='word_1_497' title='bbox 202 3950 359 4020; x_wconf 89' lang='lat' dir='ltr'>sequentia</span> <span class='ocrx_word' id='word_1_498' title='bbox 382 3949 534 4019; x_wconf 84' lang='lat' dir='ltr'>praevenit.</span> <span class='ocrx_word' id='word_1_499' title='bbox 559 3947 733 4000; x_wconf 67' lang='lat' dir='ltr'>tastonam</span> <span class='ocrx_word' id='word_1_500' title='bbox 758 3946 853 4000; x_wconf 84' lang='lat' dir='ltr'>Latini</span> <span class='ocrx_word' id='word_1_501' title='bbox 877 3964 893 4000; x_wconf 90' lang='lat' dir='ltr'>a</span> 
     </span>
     <span class='ocr_line' id='line_1_72' title="bbox 57 4034 893 4107; baseline 0.002 -19"><span class='ocrx_word' id='word_1_502' title='bbox 57 4034 159 4091; x_wconf 74' lang='lat' dir='ltr'>Graeeo</span> <span class='ocrx_word' id='word_1_503' title='bbox 170 4038 319 4107; x_wconf 88' lang='lat' dir='ltr'>appellant</span> <span class='ocrx_word' id='word_1_504' title='bbox 329 4038 485 4097; x_wconf 84' lang='lat' dir='ltr'>vocabulo)</span> <span class='ocrx_word' id='word_1_505' title='bbox 497 4039 571 4091; x_wconf 88' lang='lat' dir='ltr'>banc</span> <span class='ocrx_word' id='word_1_506' title='bbox 579 4037 656 4091; x_wconf 90' lang='lat' dir='ltr'>enim</span> <span class='ocrx_word' id='word_1_507' title='bbox 667 4036 763 4090; x_wconf 82' lang='lat' dir='ltr'>Grmei</span> <span class='ocrx_word' id='word_1_508' title='bbox 772 4036 893 4090; x_wconf 78' lang='grc' dir='ltr'>κάσιανον</span> 
     </span>
     <span class='ocr_line' id='line_1_73' title="bbox 58 4125 893 4194; baseline 0.002 -18"><span class='ocrx_word' id='word_1_509' title='bbox 58 4129 325 4181; x_wconf 86' lang='lat' dir='ltr'>castanonvocant.</span> <span class='ocrx_word' id='word_1_510' title='bbox 338 4127 462 4191; x_wconf 85' lang='lat' dir='ltr'>Quidam</span> <span class='ocrx_word' id='word_1_511' title='bbox 473 4144 488 4179; x_wconf 89' lang='grc' dir='ltr'>ιι</span> <span class='ocrx_word' id='word_1_512' title='bbox 505 4125 661 4180; x_wconf 86' lang='lat' dir='ltr'>castrando</span> <span class='ocrx_word' id='word_1_513' title='bbox 674 4125 780 4178; x_wconf 85' lang='lat' dir='ltr'>dictam</span> <span class='ocrx_word' id='word_1_514' title='bbox 792 4128 893 4194; x_wconf 91' lang='lat' dir='ltr'>putant</span> 
     </span>
     <span class='ocr_line' id='line_1_74' title="bbox 57 4213 891 4287; baseline 0 -21"><span class='ocrx_word' id='word_1_515' title='bbox 57 4228 89 4266; x_wconf 88' lang='lat' dir='ltr'>eo</span> <span class='ocrx_word' id='word_1_516' title='bbox 97 4215 180 4284; x_wconf 92' lang='lat' dir='ltr'>quod</span> <span class='ocrx_word' id='word_1_517' title='bbox 191 4214 307 4270; x_wconf 90' lang='lat' dir='ltr'>fructus</span> <span class='ocrx_word' id='word_1_518' title='bbox 318 4215 386 4287; x_wconf 81' lang='lat' dir='ltr'>ejus</span> <span class='ocrx_word' id='word_1_519' title='bbox 397 4215 507 4287; x_wconf 82' lang='lat' dir='ltr'>gemini</span> <span class='ocrx_word' id='word_1_520' title='bbox 519 4216 549 4268; x_wconf 91' lang='lat' dir='ltr'>in</span> <span class='ocrx_word' id='word_1_521' title='bbox 560 4215 678 4269; x_wconf 89' lang='lat' dir='ltr'>modurn</span> <span class='ocrx_word' id='word_1_522' title='bbox 687 4213 891 4267; x_wconf 88' lang='lat' dir='ltr'>testiculorum</span> 
     </span>
    </p>
   </div>
   <div class='ocr_carea' id='block_1_12' title="bbox 56 4302 890 4374">
    <p class='ocr_par' dir='ltr' id='par_1_12' title="bbox 56 4302 890 4374">
     <span class='ocr_line' id='line_1_75' title="bbox 56 4302 890 4374; baseline 0 -19"><span class='ocrx_word' id='word_1_523' title='bbox 56 4302 128 4356; x_wconf 88' lang='lat' dir='ltr'>intra</span> <span class='ocrx_word' id='word_1_524' title='bbox 146 4303 313 4358; x_wconf 85' lang='lat' dir='ltr'>folliculum</span> <span class='ocrx_word' id='word_1_525' title='bbox 324 4308 393 4358; x_wconf 88' lang='lat' dir='ltr'>sunt</span> <span class='ocrx_word' id='word_1_526' title='bbox 409 4305 561 4373; x_wconf 85' lang='lat' dir='ltr'>reconditi,</span> <span class='ocrx_word' id='word_1_527' title='bbox 572 4304 622 4374; x_wconf 91' lang='lat' dir='ltr'>qui</span> <span class='ocrx_word' id='word_1_528' title='bbox 638 4303 707 4357; x_wconf 92' lang='lat' dir='ltr'>dum</span> <span class='ocrx_word' id='word_1_529' title='bbox 721 4302 890 4373; x_wconf 83' lang='lat' dir='ltr'>ejiciuntur,</span> 
     </span>
    </p>
   </div>
   <div class='ocr_carea' id='block_1_13' title="bbox 59 4386 934 4462">
    <p class='ocr_par' dir='ltr' id='par_1_13' title="bbox 59 4386 934 4462">
     <span class='ocr_line' id='line_1_76' title="bbox 59 4386 934 4462; baseline 0.002 -16"><span class='ocrx_word' id='word_1_530' title='bbox 59 4392 142 4462; x_wconf 84' lang='lat' dir='ltr'>quasi</span> <span class='ocrx_word' id='word_1_531' title='bbox 158 4394 345 4462; x_wconf 80' lang='lat' dir='ltr'>castrantur3</span> <span class='ocrx_word' id='word_1_532' title='bbox 362 4394 426 4448; x_wconf 76' lang='lat' dir='ltr'>llaec</span> <span class='ocrx_word' id='word_1_533' title='bbox 442 4394 531 4447; x_wconf 90' lang='lat' dir='ltr'>arbor</span> <span class='ocrx_word' id='word_1_534' title='bbox 545 4393 647 4460; x_wconf 89' lang='lat' dir='ltr'>semel,</span> <span class='ocrx_word' id='word_1_535' title='bbox 664 4395 694 4445; x_wconf 91' lang='lat' dir='ltr'>ut</span> <span class='ocrx_word' id='word_1_536' title='bbox 704 4392 788 4446; x_wconf 90' lang='lat' dir='ltr'>excia</span> <span class='ocrx_word' id='word_1_537' title='bbox 805 4391 892 4446; x_wconf 88' lang='lat' dir='ltr'>fucrit</span> <span class='ocrx_word' id='word_1_538' title='bbox 906 4386 934 4448; x_wconf 90' lang='lat' dir='ltr'>D</span> 
     </span>
    </p>
   </div>
   <div class='ocr_carea' id='block_1_14' title="bbox 59 4481 893 4910">
    <p class='ocr_par' dir='ltr' id='par_1_14' title="bbox 59 4481 893 4817">
     <span class='ocr_line' id='line_1_77' title="bbox 59 4481 892 4552; baseline -0.001 -18"><span class='ocrx_word' id='word_1_539' title='bbox 59 4483 198 4551; x_wconf 89' lang='lat' dir='ltr'>tanquam</span> <span class='ocrx_word' id='word_1_540' title='bbox 226 4481 302 4535; x_wconf 86' lang='lat' dir='ltr'>silva</span> <span class='ocrx_word' id='word_1_541' title='bbox 323 4482 505 4552; x_wconf 88' lang='lat' dir='ltr'>expullulare</span> <span class='ocrx_word' id='word_1_542' title='bbox 530 4482 693 4537; x_wconf 86' lang='lat' dir='ltr'>cousuevit.</span> <span class='ocrx_word' id='word_1_543' title='bbox 721 4481 783 4537; x_wconf 91' lang='lat' dir='ltr'>llex</span> <span class='ocrx_word' id='word_1_544' title='bbox 804 4481 892 4535; x_wconf 89' lang='lat' dir='ltr'>arbor</span> 
     </span>
     <span class='ocr_line' id='line_1_78' title="bbox 61 4567 893 4641; baseline -0.004 -18"><span class='ocrx_word' id='word_1_545' title='bbox 61 4569 232 4639; x_wconf 73' lang='lat' dir='ltr'>grandifera</span> <span class='ocrx_word' id='word_1_546' title='bbox 246 4571 283 4624; x_wconf 86' lang='lat' dir='ltr'>ab</span> <span class='ocrx_word' id='word_1_547' title='bbox 299 4571 392 4625; x_wconf 90' lang='lat' dir='ltr'>electo</span> <span class='ocrx_word' id='word_1_548' title='bbox 415 4573 528 4624; x_wconf 90' lang='lat' dir='ltr'>vocata.</span> <span class='ocrx_word' id='word_1_549' title='bbox 554 4569 652 4641; x_wconf 83' lang='lat' dir='ltr'>Hujus</span> <span class='ocrx_word' id='word_1_550' title='bbox 675 4568 752 4622; x_wconf 91' lang='lat' dir='ltr'>enim</span> <span class='ocrx_word' id='word_1_551' title='bbox 776 4567 893 4621; x_wconf 87' lang='lat' dir='ltr'>arboris</span> 
     </span>
     <span class='ocr_line' id='line_1_79' title="bbox 61 4657 892 4730; baseline -0.004 -19"><span class='ocrx_word' id='word_1_552' title='bbox 61 4657 189 4712; x_wconf 85' lang='lat' dir='ltr'>fructum</span> <span class='ocrx_word' id='word_1_553' title='bbox 205 4659 342 4714; x_wconf 87' lang='lat' dir='ltr'>homines</span> <span class='ocrx_word' id='word_1_554' title='bbox 357 4660 482 4729; x_wconf 90' lang='lat' dir='ltr'>primum</span> <span class='ocrx_word' id='word_1_555' title='bbox 497 4661 533 4714; x_wconf 91' lang='lat' dir='ltr'>ad</span> <span class='ocrx_word' id='word_1_556' title='bbox 543 4659 653 4713; x_wconf 89' lang='lat' dir='ltr'>victum</span> <span class='ocrx_word' id='word_1_557' title='bbox 661 4659 719 4712; x_wconf 90' lang='lat' dir='ltr'>sibi</span> <span class='ocrx_word' id='word_1_558' title='bbox 729 4657 892 4730; x_wconf 85' lang='lat' dir='ltr'>elegerunt.</span> 
     </span>
     <span class='ocr_line' id='line_1_80' title="bbox 62 4745 316 4817; baseline 0.004 -17"><span class='ocrx_word' id='word_1_559' title='bbox 62 4745 146 4801; x_wconf 84' lang='lat' dir='ltr'>Unda</span> <span class='ocrx_word' id='word_1_560' title='bbox 163 4750 194 4801; x_wconf 88' lang='lat' dir='ltr'>et</span> <span class='ocrx_word' id='word_1_561' title='bbox 208 4751 295 4817; x_wconf 84' lang='lat' dir='ltr'>poeta</span> <span class='ocrx_word' id='word_1_562' title='bbox 310 4763 316 4801; x_wconf 92' lang='lat'>:</span> 
     </span>
    </p>

    <p class='ocr_par' dir='ltr' id='par_1_15' title="bbox 111 4835 839 4910">
     <span class='ocr_line' id='line_1_81' title="bbox 111 4835 839 4910; baseline -0.003 -20"><span class='ocrx_word' id='word_1_563' title='bbox 111 4835 263 4890; x_wconf 83' lang='lat' dir='ltr'>Mortales</span> <span class='ocrx_word' id='word_1_564' title='bbox 277 4838 376 4890; x_wconf 76' lang='lat' dir='ltr'>carilefi</span> <span class='ocrx_word' id='word_1_565' title='bbox 390 4838 547 4892; x_wconf 81' lang='lat' dir='ltr'>ructabant</span> <span class='ocrx_word' id='word_1_566' title='bbox 557 4845 677 4909; x_wconf 73' lang='lat' dir='ltr'>guttura</span> <span class='ocrx_word' id='word_1_567' title='bbox 691 4837 839 4910; x_wconf 70' lang='lat' dir='ltr'>glandem.</span> 
     </span>
    </p>
   </div>
   <div class='ocr_carea' id='block_1_15' title="bbox 63 4924 896 5088">
    <p class='ocr_par' dir='ltr' id='par_1_16' title="bbox 63 4924 896 5088">
     <span class='ocr_line' id='line_1_82' title="bbox 94 4924 896 4996; baseline 0 -18"><span class='ocrx_word' id='word_1_568' title='bbox 94 4924 185 4978; x_wconf 89' lang='lat' dir='ltr'>Prius</span> <span class='ocrx_word' id='word_1_569' title='bbox 201 4924 279 4978; x_wconf 90' lang='lat' dir='ltr'>enim</span> <span class='ocrx_word' id='word_1_570' title='bbox 307 4941 394 4994; x_wconf 88' lang='lat' dir='ltr'>quam</span> <span class='ocrx_word' id='word_1_571' title='bbox 420 4926 557 4981; x_wconf 90' lang='lat' dir='ltr'>frumenti</span> <span class='ocrx_word' id='word_1_572' title='bbox 578 4944 652 4981; x_wconf 90' lang='lat' dir='ltr'>usus</span> <span class='ocrx_word' id='word_1_573' title='bbox 668 4932 759 4996; x_wconf 91' lang='lat' dir='ltr'>esset,</span> <span class='ocrx_word' id='word_1_574' title='bbox 783 4925 896 4994; x_wconf 91' lang='lat' dir='ltr'>antiqui</span> 
     </span>
     <span class='ocr_line' id='line_1_83' title="bbox 63 5012 895 5088; baseline 0.001 -22"><span class='ocrx_word' id='word_1_575' title='bbox 63 5012 198 5067; x_wconf 86' lang='lat' dir='ltr'>homines</span> <span class='ocrx_word' id='word_1_576' title='bbox 215 5013 323 5084; x_wconf 83' lang='lat' dir='ltr'>glande</span> <span class='ocrx_word' id='word_1_577' title='bbox 334 5014 480 5068; x_wconf 88' lang='lat' dir='ltr'>vixerunt.</span> <span class='ocrx_word' id='word_1_578' title='bbox 498 5015 617 5088; x_wconf 83' lang='lat' dir='ltr'>Phagas</span> <span class='ocrx_word' id='word_1_579' title='bbox 633 5019 661 5070; x_wconf 91' lang='lat' dir='ltr'>et</span> <span class='ocrx_word' id='word_1_580' title='bbox 672 5016 793 5070; x_wconf 88' lang='lat' dir='ltr'>esculus</span> <span class='ocrx_word' id='word_1_581' title='bbox 809 5015 895 5068; x_wconf 87' lang='lat' dir='ltr'>arbo·</span> 
     </span>
    </p>
   </div>
   <div class='ocr_carea' id='block_1_16' title="bbox 951 3169 1790 3692">
    <p class='ocr_par' dir='ltr' id='par_1_17' title="bbox 951 3169 1790 3692">
     <span class='ocr_line' id='line_1_84' title="bbox 952 3169 1790 3245; baseline -0.012 -12"><span class='ocrx_word' id='word_1_582' title='bbox 952 3181 1078 3234; x_wconf 87' lang='lat' dir='ltr'>undeet</span> <span class='ocrx_word' id='word_1_583' title='bbox 1104 3178 1243 3231; x_wconf 75' lang='lat' dir='ltr'>coniferae</span> <span class='ocrx_word' id='word_1_584' title='bbox 1266 3173 1411 3245; x_wconf 76' lang='lat' dir='ltr'>cyparissi</span> <span class='ocrx_word' id='word_1_585' title='bbox 1441 3173 1586 3225; x_wconf 91' lang='lat' dir='ltr'>dicuntur.</span> <span class='ocrx_word' id='word_1_586' title='bbox 1608 3169 1790 3240; x_wconf 77' lang='lat' dir='ltr'>Huiusmodi</span> 
     </span>
     <span class='ocr_line' id='line_1_85' title="bbox 951 3259 1789 3340; baseline -0.014 -17"><span class='ocrx_word' id='word_1_587' title='bbox 951 3271 1064 3340; x_wconf 84' lang='lat' dir='ltr'>lignum</span> <span class='ocrx_word' id='word_1_588' title='bbox 1081 3269 1169 3322; x_wconf 87' lang='lat' dir='ltr'>cedro</span> <span class='ocrx_word' id='word_1_589' title='bbox 1184 3281 1258 3336; x_wconf 92' lang='lat' dir='ltr'>pene</span> <span class='ocrx_word' id='word_1_590' title='bbox 1275 3263 1439 3333; x_wconf 88' lang='lat' dir='ltr'>proximam</span> <span class='ocrx_word' id='word_1_591' title='bbox 1450 3261 1538 3314; x_wconf 91' lang='lat' dir='ltr'>habet</span> <span class='ocrx_word' id='word_1_592' title='bbox 1552 3259 1700 3326; x_wconf 83' lang='lat' dir='ltr'>virtutem,</span> <span class='ocrx_word' id='word_1_593' title='bbox 1715 3259 1789 3312; x_wconf 91' lang='lat' dir='ltr'>tem-</span> 
     </span>
     <span class='ocr_line' id='line_1_86' title="bbox 951 3345 1788 3428; baseline -0.014 -15"><span class='ocrx_word' id='word_1_594' title='bbox 951 3360 1064 3428; x_wconf 89' lang='lat' dir='ltr'>plorum</span> <span class='ocrx_word' id='word_1_595' title='bbox 1088 3371 1205 3427; x_wconf 89' lang='lat' dir='ltr'>quoquc</span> <span class='ocrx_word' id='word_1_596' title='bbox 1224 3352 1357 3408; x_wconf 85' lang='lat' dir='ltr'>trabibus</span> <span class='ocrx_word' id='word_1_597' title='bbox 1378 3354 1486 3420; x_wconf 91' lang='lat' dir='ltr'>aptum,</span> <span class='ocrx_word' id='word_1_598' title='bbox 1503 3345 1718 3417; x_wconf 83' lang='lat' dir='ltr'>impenetrabili</span> <span class='ocrx_word' id='word_1_599' title='bbox 1735 3360 1788 3401; x_wconf 87' lang='lat' dir='ltr'>so-</span> 
     </span>
     <span class='ocr_line' id='line_1_87' title="bbox 951 3435 1787 3514; baseline -0.018 -12"><span class='ocrx_word' id='word_1_600' title='bbox 951 3449 1061 3501; x_wconf 88' lang='lat' dir='ltr'>liditate</span> <span class='ocrx_word' id='word_1_601' title='bbox 1077 3461 1226 3514; x_wconf 90' lang='lat' dir='ltr'>nunquam</span> <span class='ocrx_word' id='word_1_602' title='bbox 1240 3441 1322 3496; x_wconf 92' lang='lat' dir='ltr'>oneri</span> <span class='ocrx_word' id='word_1_603' title='bbox 1339 3440 1425 3507; x_wconf 90' lang='lat' dir='ltr'>cedit,</span> <span class='ocrx_word' id='word_1_604' title='bbox 1442 3438 1495 3492; x_wconf 92' lang='lat' dir='ltr'>sed</span> <span class='ocrx_word' id='word_1_605' title='bbox 1511 3452 1544 3490; x_wconf 88' lang='lat' dir='ltr'>ea</span> <span class='ocrx_word' id='word_1_606' title='bbox 1560 3451 1616 3506; x_wconf 90' lang='lat' dir='ltr'>qua</span> <span class='ocrx_word' id='word_1_607' title='bbox 1629 3435 1658 3489; x_wconf 91' lang='lat' dir='ltr'>iu</span> <span class='ocrx_word' id='word_1_608' title='bbox 1673 3435 1787 3505; x_wconf 90' lang='lat' dir='ltr'>prinei-</span> 
     </span>
     <span class='ocr_line' id='line_1_88' title="bbox 951 3523 1787 3606; baseline -0.012 -18"><span class='ocrx_word' id='word_1_609' title='bbox 951 3537 999 3606; x_wconf 92' lang='lat' dir='ltr'>pio</span> <span class='ocrx_word' id='word_1_610' title='bbox 1023 3535 1111 3588; x_wconf 89' lang='lat' dir='ltr'>fuerit</span> <span class='ocrx_word' id='word_1_611' title='bbox 1135 3533 1269 3587; x_wconf 81' lang='lat' dir='ltr'>firmitate</span> <span class='ocrx_word' id='word_1_612' title='bbox 1294 3530 1474 3600; x_wconf 86' lang='lat' dir='ltr'>persevemt.</span> <span class='ocrx_word' id='word_1_613' title='bbox 1505 3524 1624 3595; x_wconf 77' lang='lat' dir='ltr'>Antiqui</span> <span class='ocrx_word' id='word_1_614' title='bbox 1650 3523 1787 3594; x_wconf 75' lang='lat' dir='ltr'>cypressi</span> 
     </span>
     <span class='ocr_line' id='line_1_89' title="bbox 951 3612 1786 3692; baseline -0.016 -13"><span class='ocrx_word' id='word_1_615' title='bbox 951 3641 1051 3678; x_wconf 88' lang='lat' dir='ltr'>ramos</span> <span class='ocrx_word' id='word_1_616' title='bbox 1060 3639 1151 3692; x_wconf 88' lang='lat' dir='ltr'>prope</span> <span class='ocrx_word' id='word_1_617' title='bbox 1161 3636 1265 3692; x_wconf 90' lang='lat' dir='ltr'>rogum</span> <span class='ocrx_word' id='word_1_618' title='bbox 1276 3618 1455 3672; x_wconf 87' lang='lat' dir='ltr'>constituere</span> <span class='ocrx_word' id='word_1_619' title='bbox 1467 3614 1611 3679; x_wconf 90' lang='lat' dir='ltr'>solebant,</span> <span class='ocrx_word' id='word_1_620' title='bbox 1622 3615 1654 3667; x_wconf 96' lang='lat' dir='ltr'>ut</span> <span class='ocrx_word' id='word_1_621' title='bbox 1664 3612 1786 3668; x_wconf 88' lang='lat' dir='ltr'>odorem</span> 
     </span>
    </p>
   </div>
   <div class='ocr_carea' id='block_1_17' title="bbox 952 3700 1785 3855">
    <p class='ocr_par' dir='ltr' id='par_1_18' title="bbox 952 3700 1785 3855">
     <span class='ocr_line' id='line_1_90' title="bbox 952 3700 1785 3774; baseline -0.012 -9"><span class='ocrx_word' id='word_1_622' title='bbox 952 3713 1128 3766; x_wconf 84' lang='lat' dir='ltr'>cadaverum</span> <span class='ocrx_word' id='word_1_623' title='bbox 1138 3711 1206 3764; x_wconf 91' lang='lat' dir='ltr'>dum</span> <span class='ocrx_word' id='word_1_624' title='bbox 1218 3708 1383 3774; x_wconf 89' lang='lat' dir='ltr'>urerentur,</span> <span class='ocrx_word' id='word_1_625' title='bbox 1394 3703 1592 3774; x_wconf 88' lang='lat' dir='ltr'>opprimerent</span> <span class='ocrx_word' id='word_1_626' title='bbox 1601 3700 1785 3772; x_wconf 87' lang='lat' dir='ltr'>jucunditate</span> 
     </span>
     <span class='ocr_line' id='line_1_91' title="bbox 952 3800 1159 3855; baseline -0.01 0"><span class='ocrx_word' id='word_1_627' title='bbox 952 3801 1053 3855; x_wconf 90' lang='lat' dir='ltr'>odoris</span> <span class='ocrx_word' id='word_1_628' title='bbox 1069 3800 1159 3853; x_wconf 82' lang='lat' dir='ltr'>illius</span> 
     </span>
    </p>
   </div>
   <div class='ocr_carea' id='block_1_18' title="bbox 948 3895 1784 4419">
    <p class='ocr_par' dir='ltr' id='par_1_19' title="bbox 948 3895 1784 4419">
     <span class='ocr_line' id='line_1_92' title="bbox 986 3895 1784 3977; baseline -0.015 -16"><span class='ocrx_word' id='word_1_629' title='bbox 986 3907 1146 3977; x_wconf 79' lang='lat' dir='ltr'>iuniperus</span> <span class='ocrx_word' id='word_1_630' title='bbox 1160 3906 1263 3961; x_wconf 73' lang='lat' dir='ltr'>Graece</span> <span class='ocrx_word' id='word_1_631' title='bbox 1278 3904 1391 3974; x_wconf 74' lang='grc' dir='ltr'>ἄρκευθος</span> <span class='ocrx_word' id='word_1_632' title='bbox 1419 3901 1495 3955; x_wconf 89' lang='lat' dir='ltr'>dicta</span> <span class='ocrx_word' id='word_1_633' title='bbox 1511 3901 1637 3969; x_wconf 89' lang='lat' dir='ltr'>putatur,</span> <span class='ocrx_word' id='word_1_634' title='bbox 1659 3895 1784 3968; x_wconf 92' lang='lat' dir='ltr'>quibus·</span> 
     </span>
     <span class='ocr_line' id='line_1_93' title="bbox 951 3984 1783 4069; baseline -0.012 -19"><span class='ocrx_word' id='word_1_635' title='bbox 951 3997 1016 4050; x_wconf 89' lang='lat' dir='ltr'>dam</span> <span class='ocrx_word' id='word_1_636' title='bbox 1028 3996 1140 4063; x_wconf 85' lang='lat' dir='ltr'>Latine,</span> <span class='ocrx_word' id='word_1_637' title='bbox 1153 3992 1416 4065; x_wconf 77' lang='lat' dir='ltr'>quasijunipprus,</span> <span class='ocrx_word' id='word_1_638' title='bbox 1429 3990 1457 4042; x_wconf 93' lang='lat' dir='ltr'>id</span> <span class='ocrx_word' id='word_1_639' title='bbox 1467 3991 1513 4042; x_wconf 89' lang='lat' dir='ltr'>est</span> <span class='ocrx_word' id='word_1_640' title='bbox 1519 3985 1707 4069; x_wconf 71' lang='lat' dir='ltr'>juvanstr</span> <span class='ocrx_word' id='word_1_641' title='bbox 1718 3984 1783 4040; x_wconf 86' lang='lat' dir='ltr'>sive</span> 
     </span>
     <span class='ocr_line' id='line_1_94' title="bbox 949 4073 1782 4156; baseline -0.013 -18"><span class='ocrx_word' id='word_1_642' title='bbox 949 4085 1028 4156; x_wconf 90' lang='lat' dir='ltr'>quod</span> <span class='ocrx_word' id='word_1_643' title='bbox 1044 4084 1080 4136; x_wconf 89' lang='lat' dir='ltr'>ab</span> <span class='ocrx_word' id='word_1_644' title='bbox 1103 4083 1198 4153; x_wconf 90' lang='lat' dir='ltr'>ample</span> <span class='ocrx_word' id='word_1_645' title='bbox 1223 4083 1253 4135; x_wconf 91' lang='lat' dir='ltr'>in</span> <span class='ocrx_word' id='word_1_646' title='bbox 1270 4083 1429 4152; x_wconf 84' lang='lat' dir='ltr'>angustum</span> <span class='ocrx_word' id='word_1_647' title='bbox 1450 4078 1539 4145; x_wconf 88' lang='lat' dir='ltr'>finiat,</span> <span class='ocrx_word' id='word_1_648' title='bbox 1563 4079 1594 4130; x_wconf 89' lang='lat' dir='ltr'>nt</span> <span class='ocrx_word' id='word_1_649' title='bbox 1610 4075 1699 4147; x_wconf 88' lang='lat' dir='ltr'>ignis,</span> <span class='ocrx_word' id='word_1_650' title='bbox 1716 4073 1782 4128; x_wconf 87' lang='lat' dir='ltr'>sive</span> 
     </span>
     <span class='ocr_line' id='line_1_95' title="bbox 949 4164 1782 4244; baseline -0.012 -18"><span class='ocrx_word' id='word_1_651' title='bbox 949 4173 1027 4244; x_wconf 90' lang='lat' dir='ltr'>quod</span> <span class='ocrx_word' id='word_1_652' title='bbox 1043 4175 1215 4240; x_wconf 78' lang='lat' dir='ltr'>conceptum</span> <span class='ocrx_word' id='word_1_653' title='bbox 1227 4171 1276 4223; x_wconf 90' lang='lat' dir='ltr'>diu</span> <span class='ocrx_word' id='word_1_654' title='bbox 1291 4171 1387 4222; x_wconf 86' lang='lat' dir='ltr'>teneat</span> <span class='ocrx_word' id='word_1_655' title='bbox 1397 4167 1505 4238; x_wconf 87' lang='lat' dir='ltr'>ignem,</span> <span class='ocrx_word' id='word_1_656' title='bbox 1516 4165 1589 4218; x_wconf 88' lang='lat' dir='ltr'>adeo</span> <span class='ocrx_word' id='word_1_657' title='bbox 1601 4164 1667 4217; x_wconf 86' lang='lat' dir='ltr'>atsi</span> <span class='ocrx_word' id='word_1_658' title='bbox 1677 4178 1782 4234; x_wconf 79' lang='lat' dir='ltr'>prunae</span> 
     </span>
     <span class='ocr_line' id='line_1_96' title="bbox 949 4250 1782 4332; baseline -0.011 -18"><span class='ocrx_word' id='word_1_659' title='bbox 949 4259 1074 4332; x_wconf 81' lang='lat' dir='ltr'>exejus,</span> <span class='ocrx_word' id='word_1_660' title='bbox 1091 4260 1189 4313; x_wconf 89' lang='lat' dir='ltr'>cinere</span> <span class='ocrx_word' id='word_1_661' title='bbox 1199 4262 1346 4327; x_wconf 73' lang='lat' dir='ltr'>coopertae</span> <span class='ocrx_word' id='word_1_662' title='bbox 1358 4256 1426 4322; x_wconf 90' lang='lat' dir='ltr'>siat,</span> <span class='ocrx_word' id='word_1_663' title='bbox 1440 4269 1534 4324; x_wconf 89' lang='lat' dir='ltr'>usque</span> <span class='ocrx_word' id='word_1_664' title='bbox 1546 4250 1582 4306; x_wconf 90' lang='lat' dir='ltr'>ad</span> <span class='ocrx_word' id='word_1_665' title='bbox 1591 4267 1700 4306; x_wconf 89' lang='lat' dir='ltr'>annum</span> <span class='ocrx_word' id='word_1_666' title='bbox 1714 4265 1782 4322; x_wconf 90' lang='lat' dir='ltr'>per·</span> 
     </span>
     <span class='ocr_line' id='line_1_97' title="bbox 948 4341 1726 4419; baseline -0.013 -16"><span class='ocrx_word' id='word_1_667' title='bbox 948 4349 1076 4403; x_wconf 85' lang='lat' dir='ltr'>veniant.</span> <span class='ocrx_word' id='word_1_668' title='bbox 1092 4349 1150 4418; x_wconf 74' lang='lat' dir='ltr'>Pyr</span> <span class='ocrx_word' id='word_1_669' title='bbox 1165 4345 1232 4419; x_wconf 77' lang='grc' dir='ltr'>[τωρ]</span> <span class='ocrx_word' id='word_1_670' title='bbox 1248 4346 1325 4400; x_wconf 89' lang='lat' dir='ltr'>enim</span> <span class='ocrx_word' id='word_1_671' title='bbox 1341 4345 1417 4414; x_wconf 90' lang='lat' dir='ltr'>apud</span> <span class='ocrx_word' id='word_1_672' title='bbox 1436 4343 1559 4397; x_wconf 86' lang='lat' dir='ltr'>Graecos</span> <span class='ocrx_word' id='word_1_673' title='bbox 1574 4342 1655 4413; x_wconf 83' lang='lat' dir='ltr'>ignis</span> <span class='ocrx_word' id='word_1_674' title='bbox 1670 4341 1726 4396; x_wconf 89' lang='lat' dir='ltr'>est.</span> 
     </span>
    </p>
   </div>
   <div class='ocr_carea' id='block_1_19' title="bbox 949 4444 1784 4952">
    <p class='ocr_par' dir='ltr' id='par_1_20' title="bbox 949 4444 1784 4952">
     <span class='ocr_line' id='line_1_98' title="bbox 985 4444 1784 4516; baseline -0.013 -8"><span class='ocrx_word' id='word_1_675' title='bbox 985 4455 1124 4508; x_wconf 90' lang='lat' dir='ltr'>Platanus</span> <span class='ocrx_word' id='word_1_676' title='bbox 1144 4471 1159 4507; x_wconf 93' lang='lat' dir='ltr'>a</span> <span class='ocrx_word' id='word_1_677' title='bbox 1183 4450 1345 4514; x_wconf 78' lang='lat' dir='ltr'>latitudine&#39;,</span> <span class='ocrx_word' id='word_1_678' title='bbox 1354 4450 1491 4504; x_wconf 89' lang='lat' dir='ltr'>foliorum</span> <span class='ocrx_word' id='word_1_679' title='bbox 1517 4448 1604 4515; x_wconf 87' lang='lat' dir='ltr'>dicta,</span> <span class='ocrx_word' id='word_1_680' title='bbox 1626 4445 1672 4500; x_wconf 86' lang='lat' dir='ltr'>vel</span> <span class='ocrx_word' id='word_1_681' title='bbox 1702 4444 1784 4516; x_wconf 93' lang='lat' dir='ltr'>quod</span> 
     </span>
     <span class='ocr_line' id='line_1_99' title="bbox 950 4530 1781 4614; baseline -0.017 -16"><span class='ocrx_word' id='word_1_682' title='bbox 950 4544 1014 4614; x_wconf 88' lang='lat' dir='ltr'>ipsa</span> <span class='ocrx_word' id='word_1_683' title='bbox 1032 4543 1121 4597; x_wconf 88' lang='lat' dir='ltr'>arhor</span> <span class='ocrx_word' id='word_1_684' title='bbox 1136 4542 1233 4612; x_wconf 90' lang='lat' dir='ltr'>patula</span> <span class='ocrx_word' id='word_1_685' title='bbox 1249 4541 1287 4594; x_wconf 93' lang='lat' dir='ltr'>sit</span> <span class='ocrx_word' id='word_1_686' title='bbox 1303 4544 1330 4594; x_wconf 91' lang='lat' dir='ltr'>et</span> <span class='ocrx_word' id='word_1_687' title='bbox 1349 4539 1454 4608; x_wconf 88' lang='lat' dir='ltr'>ampla,</span> <span class='ocrx_word' id='word_1_688' title='bbox 1471 4553 1537 4589; x_wconf 89' lang='lat' dir='ltr'>nam</span> <span class='ocrx_word' id='word_1_689' title='bbox 1555 4535 1651 4606; x_wconf 91' lang='lat' dir='ltr'>platos</span> <span class='ocrx_word' id='word_1_690' title='bbox 1666 4530 1781 4605; x_wconf 77' lang='grc' dir='ltr'>[πλάτος]</span> 
     </span>
     <span class='ocr_line' id='line_1_100' title="bbox 949 4619 1782 4699; baseline -0.013 -13"><span class='ocrx_word' id='word_1_691' title='bbox 949 4632 1046 4686; x_wconf 67' lang='lat' dir='ltr'>(irari</span> <span class='ocrx_word' id='word_1_692' title='bbox 1057 4632 1146 4685; x_wconf 89' lang='lat' dir='ltr'>latum</span> <span class='ocrx_word' id='word_1_693' title='bbox 1161 4633 1276 4685; x_wconf 87' lang='lat' dir='ltr'>vorant.</span> <span class='ocrx_word' id='word_1_694' title='bbox 1294 4626 1450 4699; x_wconf 83' lang='lat' dir='ltr'>Expressit</span> <span class='ocrx_word' id='word_1_695' title='bbox 1465 4625 1557 4696; x_wconf 77' lang='lat' dir='ltr'>hujus</span> <span class='ocrx_word' id='word_1_696' title='bbox 1573 4621 1690 4678; x_wconf 87' lang='lat' dir='ltr'>arboris</span> <span class='ocrx_word' id='word_1_697' title='bbox 1705 4619 1782 4676; x_wconf 86' lang='lat' dir='ltr'>Scri·</span> 
     </span>
     <span class='ocr_line' id='line_1_101' title="bbox 949 4709 1783 4791; baseline -0.012 -17"><span class='ocrx_word' id='word_1_698' title='bbox 949 4724 1034 4791; x_wconf 89' lang='lat' dir='ltr'>ptura</span> <span class='ocrx_word' id='word_1_699' title='bbox 1047 4736 1153 4773; x_wconf 90' lang='lat' dir='ltr'>nomen</span> <span class='ocrx_word' id='word_1_700' title='bbox 1168 4723 1196 4772; x_wconf 92' lang='lat' dir='ltr'>et</span> <span class='ocrx_word' id='word_1_701' title='bbox 1207 4719 1329 4772; x_wconf 91' lang='lat' dir='ltr'>formam</span> <span class='ocrx_word' id='word_1_702' title='bbox 1342 4716 1444 4770; x_wconf 91' lang='lat' dir='ltr'>dicens</span> <span class='ocrx_word' id='word_1_703' title='bbox 1461 4731 1466 4769; x_wconf 91' lang='lat'><strong>:</strong></span> <span class='ocrx_word' id='word_1_704' title='bbox 1488 4713 1578 4780; x_wconf 88' lang='lat' dir='ltr'>Quasi</span> <span class='ocrx_word' id='word_1_705' title='bbox 1586 4711 1726 4785; x_wconf 85' lang='lat' dir='ltr'>platanus</span> <span class='ocrx_word' id='word_1_706' title='bbox 1740 4709 1783 4766; x_wconf 85' lang='lat' dir='ltr'>di·</span> 
     </span>
     <span class='ocr_line' id='line_1_102' title="bbox 950 4796 1781 4878; baseline -0.011 -16"><span class='ocrx_word' id='word_1_707' title='bbox 950 4808 1040 4863; x_wconf 86' lang='lat' dir='ltr'>Iatata</span> <span class='ocrx_word' id='word_1_708' title='bbox 1059 4825 1122 4861; x_wconf 90' lang='lat' dir='ltr'>sum</span> <span class='ocrx_word' id='word_1_709' title='bbox 1138 4809 1168 4861; x_wconf 88' lang='lat' dir='ltr'>ia</span> <span class='ocrx_word' id='word_1_710' title='bbox 1183 4806 1294 4878; x_wconf 85' lang='lat' dir='ltr'>plateis</span> <span class='ocrx_word' id='word_1_711' title='bbox 1311 4804 1453 4878; x_wconf 74' lang='lat' dir='ltr'>[exaltata</span> <span class='ocrx_word' id='word_1_712' title='bbox 1478 4820 1541 4858; x_wconf 89' lang='lat' dir='ltr'>sum</span> <span class='ocrx_word' id='word_1_713' title='bbox 1550 4803 1640 4875; x_wconf 72' lang='lat' dir='ltr'>¹juxta</span> <span class='ocrx_word' id='word_1_714' title='bbox 1656 4796 1781 4874; x_wconf 84' lang='lat' dir='ltr'>aquam].</span> 
     </span>
     <span class='ocr_line' id='line_1_103' title="bbox 952 4892 1602 4952; baseline -0.009 -1"><span class='ocrx_word' id='word_1_715' title='bbox 952 4898 1004 4952; x_wconf 81' lang='lat' dir='ltr'>Est</span> <span class='ocrx_word' id='word_1_716' title='bbox 1019 4901 1115 4951; x_wconf 90' lang='lat' dir='ltr'>autem</span> <span class='ocrx_word' id='word_1_717' title='bbox 1130 4896 1298 4950; x_wconf 89' lang='lat' dir='ltr'>tenerrimis</span> <span class='ocrx_word' id='word_1_718' title='bbox 1315 4895 1394 4949; x_wconf 89' lang='lat' dir='ltr'>foliis</span> <span class='ocrx_word' id='word_1_719' title='bbox 1414 4910 1448 4947; x_wconf 89' lang='lat' dir='ltr'>ac</span> <span class='ocrx_word' id='word_1_720' title='bbox 1464 4892 1602 4947; x_wconf 89' lang='lat' dir='ltr'>molibus.</span> 
     </span>
    </p>
   </div>
   <div class='ocr_carea' id='block_1_20' title="bbox 986 5000 1786 5072">
    <p class='ocr_par' dir='ltr' id='par_1_21' title="bbox 986 5000 1786 5072">
     <span class='ocr_line' id='line_1_104' title="bbox 986 5000 1786 5072; baseline 0 -16"><span class='ocrx_word' id='word_1_721' title='bbox 986 5003 1120 5068; x_wconf 85' lang='lat' dir='ltr'>Quercus</span> <span class='ocrx_word' id='word_1_722' title='bbox 1140 5003 1204 5056; x_wconf 85' lang='lat' dir='ltr'>sive</span> <span class='ocrx_word' id='word_1_723' title='bbox 1227 5018 1338 5072; x_wconf 89' lang='lat' dir='ltr'>querna</span> <span class='ocrx_word' id='word_1_724' title='bbox 1352 5001 1436 5055; x_wconf 88' lang='lat' dir='ltr'>dicta</span> <span class='ocrx_word' id='word_1_725' title='bbox 1452 5000 1531 5072; x_wconf 93' lang='lat' dir='ltr'>quod</span> <span class='ocrx_word' id='word_1_726' title='bbox 1551 5015 1585 5053; x_wconf 90' lang='lat' dir='ltr'>ea</span> <span class='ocrx_word' id='word_1_727' title='bbox 1601 5000 1681 5055; x_wconf 89' lang='lat' dir='ltr'>soliti</span> <span class='ocrx_word' id='word_1_728' title='bbox 1700 5003 1786 5057; x_wconf 83' lang='lat' dir='ltr'>erant</span> 
     </span>
    </p>
   </div>
   <div class='ocr_carea' id='block_1_21' title="bbox 64 5089 1790 5719">
    <p class='ocr_par' dir='ltr' id='par_1_22' title="bbox 64 5089 1789 5627">
     <span class='ocr_line' id='line_1_105' title="bbox 64 5089 1786 5176; baseline -0.002 -28"><span class='ocrx_word' id='word_1_729' title='bbox 64 5118 110 5155; x_wconf 72' lang='lat' dir='ltr'>ras</span> <span class='ocrx_word' id='word_1_730' title='bbox 126 5101 302 5174; x_wconf 73' lang='lat' dir='ltr'>glandiferae</span> <span class='ocrx_word' id='word_1_731' title='bbox 318 5102 383 5157; x_wconf 72' lang='lat' dir='ltr'>ideo</span> <span class='ocrx_word' id='word_1_732' title='bbox 399 5106 510 5157; x_wconf 53' lang='lat' dir='ltr'>vocatae</span> <span class='ocrx_word' id='word_1_733' title='bbox 526 5106 685 5159; x_wconf 63' lang='lat' dir='ltr'>creduntur</span> <span class='ocrx_word' id='word_1_734' title='bbox 700 5105 778 5176; x_wconf 74' lang='lat' dir='ltr'>quod</span> <span class='ocrx_word' id='word_1_735' title='bbox 793 5120 896 5158; x_wconf 64' lang='lat' dir='ltr'>eorum</span> <span class='ocrx_word' id='word_1_736' title='bbox 952 5093 991 5146; x_wconf 91' lang='lat' dir='ltr'>dii</span> <span class='ocrx_word' id='word_1_737' title='bbox 1007 5091 1505 5164; x_wconf 84' lang='lat' dir='ltr'>gentiumqum1·e1rtibusresponsa</span> <span class='ocrx_word' id='word_1_738' title='bbox 1521 5091 1601 5158; x_wconf 90' lang='lat' dir='ltr'>dare,</span> <span class='ocrx_word' id='word_1_739' title='bbox 1612 5089 1786 5145; x_wconf 87' lang='lat' dir='ltr'>arbormul-</span> 
     </span>
     <span class='ocr_line' id='line_1_106' title="bbox 64 5179 1786 5263; baseline 0.001 -22"><span class='ocrx_word' id='word_1_740' title='bbox 64 5189 209 5245; x_wconf 82' lang='lat' dir='ltr'>fructibus</span> <span class='ocrx_word' id='word_1_741' title='bbox 227 5190 296 5244; x_wconf 90' lang='lat' dir='ltr'>olim</span> <span class='ocrx_word' id='word_1_742' title='bbox 319 5190 454 5246; x_wconf 88' lang='lat' dir='ltr'>homines</span> <span class='ocrx_word' id='word_1_743' title='bbox 470 5194 616 5262; x_wconf 85' lang='lat' dir='ltr'>vixerunt,</span> <span class='ocrx_word' id='word_1_744' title='bbox 636 5194 792 5263; x_wconf 88' lang='lat' dir='ltr'>cibumque</span> <span class='ocrx_word' id='word_1_745' title='bbox 817 5210 897 5248; x_wconf 90' lang='lat' dir='ltr'>sum-</span> <span class='ocrx_word' id='word_1_746' title='bbox 952 5186 1014 5236; x_wconf 66' lang='lat' dir='ltr'>111¹ss</span> <span class='ocrx_word' id='word_1_747' title='bbox 1029 5197 1141 5234; x_wconf 69' lang='lat' dir='ltr'>ssssssOSa</span> <span class='ocrx_word' id='word_1_748' title='bbox 1165 5182 1242 5235; x_wconf 69' lang='lat' dir='ltr'>Sisslll</span> <span class='ocrx_word' id='word_1_749' title='bbox 1256 5179 1365 5250; x_wconf 88' lang='lat' dir='ltr'>legitur</span> <span class='ocrx_word' id='word_1_750' title='bbox 1384 5179 1420 5233; x_wconf 70' lang='lat' dir='ltr'>de</span> <span class='ocrx_word' id='word_1_751' title='bbox 1436 5195 1549 5250; x_wconf 69' lang='grc' dir='ltr'><strong>(11161Ὁῦ</strong></span> <span class='ocrx_word' id='word_1_752' title='bbox 1565 5179 1707 5251; x_wconf 64' lang='lat' dir='ltr'>Mambre,</span> <span class='ocrx_word' id='word_1_753' title='bbox 1728 5179 1786 5234; x_wconf 67' lang='lat' dir='ltr'>suh</span> 
     </span>
     <span class='ocr_line' id='line_1_107' title="bbox 65 5267 1788 5353; baseline 0.003 -19"><span class='ocrx_word' id='word_1_754' title='bbox 65 5282 196 5347; x_wconf 85' lang='lat' dir='ltr'>pserunt.</span> <span class='ocrx_word' id='word_1_755' title='bbox 210 5279 286 5332; x_wconf 82' lang='lat' dir='ltr'>Nam</span> <span class='ocrx_word' id='word_1_756' title='bbox 296 5281 427 5334; x_wconf 83' lang='lat' dir='ltr'>aesculus</span> <span class='ocrx_word' id='word_1_757' title='bbox 443 5281 480 5335; x_wconf 92' lang='lat' dir='ltr'>ab</span> <span class='ocrx_word' id='word_1_758' title='bbox 492 5298 560 5337; x_wconf 90' lang='lat' dir='ltr'>esca</span> <span class='ocrx_word' id='word_1_759' title='bbox 570 5282 657 5336; x_wconf 90' lang='lat' dir='ltr'>dicta.</span> <span class='ocrx_word' id='word_1_760' title='bbox 668 5282 789 5353; x_wconf 85' lang='lat' dir='ltr'>Phagas</span> <span class='ocrx_word' id='word_1_761' title='bbox 800 5299 896 5337; x_wconf 84' lang='lat' dir='ltr'>veroa</span> <span class='ocrx_word' id='word_1_762' title='bbox 954 5287 1010 5340; x_wconf 87' lang='lat' dir='ltr'>qua</span> <span class='ocrx_word' id='word_1_763' title='bbox 1026 5269 1167 5323; x_wconf 57' lang='lat' dir='ltr'>hssblllvst</span> <span class='ocrx_word' id='word_1_764' title='bbox 1182 5269 1341 5337; x_wconf 63' lang='lat' dir='ltr'>Ablflhflfflv</span> <span class='ocrx_word' id='word_1_765' title='bbox 1358 5285 1424 5340; x_wconf 71' lang='lat' dir='ltr'>‘luae</span> <span class='ocrx_word' id='word_1_766' title='bbox 1436 5267 1530 5323; x_wconf 55' lang='lat' dir='ltr'>serm?</span> <span class='ocrx_word' id='word_1_767' title='bbox 1545 5267 1788 5339; x_wconf 59' lang='lat' dir='ltr'>usqueadcfflls·</span> 
     </span>
     <span class='ocr_line' id='line_1_108' title="bbox 64 5356 1788 5443; baseline 0.002 -21"><span class='ocrx_word' id='word_1_768' title='bbox 64 5371 166 5424; x_wconf 74' lang='lat' dir='ltr'>Graeco</span> <span class='ocrx_word' id='word_1_769' title='bbox 181 5367 362 5423; x_wconf 87' lang='lat' dir='ltr'>vocabulum</span> <span class='ocrx_word' id='word_1_770' title='bbox 377 5371 464 5423; x_wconf 83' lang='lat' dir='ltr'>traxit</span> <span class='ocrx_word' id='word_1_771' title='bbox 475 5387 481 5439; x_wconf 77' lang='lat'>3</span> <span class='ocrx_word' id='word_1_772' title='bbox 498 5372 582 5443; x_wconf 68' lang='grc' dir='ltr'>φάγειι</span> <span class='ocrx_word' id='word_1_773' title='bbox 593 5372 671 5426; x_wconf 90' lang='lat' dir='ltr'>enim</span> <span class='ocrx_word' id='word_1_774' title='bbox 686 5372 789 5426; x_wconf 85' lang='lat' dir='ltr'>Graece</span> <span class='ocrx_word' id='word_1_775' title='bbox 801 5389 898 5426; x_wconf 90' lang='lat' dir='ltr'>come·</span> <span class='ocrx_word' id='word_1_776' title='bbox 954 5358 1055 5411; x_wconf 58' lang='lat' dir='ltr'>lamini</span> <span class='ocrx_word' id='word_1_777' title='bbox 1067 5358 1147 5428; x_wconf 89' lang='lat' dir='ltr'>regis</span> <span class='ocrx_word' id='word_1_778' title='bbox 1158 5358 1311 5427; x_wconf 66' lang='lat' dir='ltr'>imllssl&#39;ium</span> <span class='ocrx_word' id='word_1_779' title='bbox 1323 5357 1474 5427; x_wconf 90' lang='lat' dir='ltr'>permulta</span> <span class='ocrx_word' id='word_1_780' title='bbox 1485 5357 1595 5411; x_wconf 64' lang='lat' dir='ltr'>Sfflt‘lllfl</span> <span class='ocrx_word' id='word_1_781' title='bbox 1606 5356 1788 5426; x_wconf 62' lang='lat' dir='ltr'>perdurasse</span> 
     </span>
     <span class='ocr_line' id='line_1_109' title="bbox 65 5446 1789 5537; baseline 0.003 -27"><span class='ocrx_word' id='word_1_782' title='bbox 65 5457 130 5514; x_wconf 88' lang='lat' dir='ltr'>dere</span> <span class='ocrx_word' id='word_1_783' title='bbox 147 5457 259 5512; x_wconf 89' lang='lat' dir='ltr'>dicitur</span> <span class='ocrx_word' id='word_1_784' title='bbox 274 5456 387 5537; x_wconf 80' lang='lat' dir='ltr'>Latine.</span> <span class='ocrx_word' id='word_1_785' title='bbox 404 5459 532 5529; x_wconf 71' lang='lat' dir='ltr'>Xylicon</span> <span class='ocrx_word' id='word_1_786' title='bbox 547 5477 635 5531; x_wconf 93' lang='lat' dir='ltr'>quam</span> <span class='ocrx_word' id='word_1_787' title='bbox 651 5460 745 5515; x_wconf 87' lang='lat' dir='ltr'>Latini</span> <span class='ocrx_word' id='word_1_788' title='bbox 762 5465 899 5531; x_wconf 86' lang='lat' dir='ltr'>corrupte</span> <span class='ocrx_word' id='word_1_789' title='bbox 956 5447 1070 5501; x_wconf 54' lang='lat' dir='ltr'>fluctus</span> <span class='ocrx_word' id='word_1_790' title='bbox 1095 5446 1233 5501; x_wconf 61' lang='lat' dir='ltr'>s0¹l⁰ffl¹¹1</span> <span class='ocrx_word' id='word_1_791' title='bbox 1249 5446 1315 5518; x_wconf 66' lang='lat' dir='ltr'>elus</span> <span class='ocrx_word' id='word_1_792' title='bbox 1338 5446 1416 5519; x_wconf 66' lang='lat'>&amp;⁰¹1³</span> <span class='ocrx_word' id='word_1_793' title='bbox 1440 5449 1571 5516; x_wconf 62' lang='lat' dir='ltr'>V00³²¹¹¹l</span> <span class='ocrx_word' id='word_1_794' title='bbox 1595 5449 1624 5500; x_wconf 64' lang='grc' dir='ltr'>θῑ</span> <span class='ocrx_word' id='word_1_795' title='bbox 1638 5458 1789 5501; x_wconf 64' lang='lat' dir='ltr'>mmmm</span> 
     </span>
     <span class='ocr_line' id='line_1_110' title="bbox 65 5535 1264 5627; baseline 0.005 -27"><span class='ocrx_word' id='word_1_796' title='bbox 65 5547 202 5618; x_wconf 88' lang='lat' dir='ltr'>siliquam</span> <span class='ocrx_word' id='word_1_797' title='bbox 219 5552 336 5618; x_wconf 80' lang='lat' dir='ltr'>vocant,</span> <span class='ocrx_word' id='word_1_798' title='bbox 352 5548 417 5603; x_wconf 88' lang='lat' dir='ltr'>ideo</span> <span class='ocrx_word' id='word_1_799' title='bbox 432 5550 488 5604; x_wconf 89' lang='lat' dir='ltr'>tale</span> <span class='ocrx_word' id='word_1_800' title='bbox 503 5565 611 5627; x_wconf 86' lang='lat' dir='ltr'>nomen</span> <span class='ocrx_word' id='word_1_801' title='bbox 626 5567 643 5603; x_wconf 88' lang='lat' dir='ltr'>a</span> <span class='ocrx_word' id='word_1_802' title='bbox 657 5550 771 5604; x_wconf 72' lang='lat' dir='ltr'>tir-racis</span> <span class='ocrx_word' id='word_1_803' title='bbox 787 5551 901 5621; x_wconf 87' lang='lat' dir='ltr'>accepit</span> <span class='ocrx_word' id='word_1_804' title='bbox 957 5536 1042 5606; x_wconf 61' lang='lat'>&amp;¹⁰⁸8</span> <span class='ocrx_word' id='word_1_805' title='bbox 1059 5535 1264 5606; x_wconf 58' lang='lat' dir='ltr'>”Uttllfflldlllffi</span> 
     </span>
    </p>

    <p class='ocr_par' dir='ltr' id='par_1_23' title="bbox 66 5635 1790 5719">
     <span class='ocr_line' id='line_1_111' title="bbox 66 5635 1790 5719; baseline 0.002 -27"><span class='ocrx_word' id='word_1_806' title='bbox 66 5637 140 5708; x_wconf 89' lang='lat' dir='ltr'>quod</span> <span class='ocrx_word' id='word_1_807' title='bbox 149 5635 345 5710; x_wconf 73' lang='lat' dir='ltr'>ejusIructus</span> <span class='ocrx_word' id='word_1_808' title='bbox 356 5636 594 5696; x_wconf 58' lang='lat' dir='ltr'>circuenses</span> <span class='ocrx_word' id='word_1_809' title='bbox 604 5639 694 5712; x_wconf 72' lang='lat' dir='ltr'>xylon</span> <span class='ocrx_word' id='word_1_810' title='bbox 705 5639 902 5715; x_wconf 81' lang='lat' dir='ltr'>quippeGrae-</span> <span class='ocrx_word' id='word_1_811' title='bbox 995 5641 1141 5699; x_wconf 87' lang='lat' dir='ltr'>Fraxinus</span> <span class='ocrx_word' id='word_1_812' title='bbox 1156 5642 1258 5700; x_wconf 80' lang='lat' dir='ltr'>vocari</span> <span class='ocrx_word' id='word_1_813' title='bbox 1271 5642 1374 5719; x_wconf 83' lang='lat' dir='ltr'>fertur,</span> <span class='ocrx_word' id='word_1_814' title='bbox 1390 5644 1470 5716; x_wconf 90' lang='lat' dir='ltr'>quod</span> <span class='ocrx_word' id='word_1_815' title='bbox 1485 5643 1581 5717; x_wconf 85' lang='lat' dir='ltr'>magis</span> <span class='ocrx_word' id='word_1_816' title='bbox 1595 5641 1672 5699; x_wconf 89' lang='lat' dir='ltr'>inter</span> <span class='ocrx_word' id='word_1_817' title='bbox 1682 5654 1790 5713; x_wconf 85' lang='lat' dir='ltr'>aspera</span> 
     </span>
    </p>
   </div>
   <div class='ocr_carea' id='block_1_22' title="bbox 0 0 1902 6022">
    <p class='ocr_par' dir='ltr' id='par_1_24' title="bbox 0 0 1902 6022">
     <span class='ocr_line' id='line_1_112' title="bbox 0 0 1902 6022; baseline 0 9"><span class='ocrx_word' id='word_1_818' title='bbox 0 0 1902 6022; x_wconf 95' lang='lat' dir='ltr'> </span> 
     </span>
    </p>
   </div>
  </div>
 </body>
</html>
