3796 6022
37 110 94 183 233

413 107 758 183 excanrnonun
787 104 992 181 PRIORUM
1013 103 1143 180 LIBER
1163 104 1363 190 cannas.

1712 108 1772 184 234

38 319 176 392 draginta
188 319 330 392 qumque.
343 317 416 373 Post
426 318 490 373 haec
507 318 699 373 hlirtheorum
713 333 805 390 regna
821 317 876 373 sio.
892 300 922 360 Α
937 317 1102 386 occupavit,
1114 318 1142 370 el
1156 315 1197 369 ibi
1212 314 1250 369 ah
1264 315 1392 370 invicem
1406 315 1534 386 separati
1549 319 1629 387 sunt,
1645 333 1771 388 quorum

41 405 878 478 Procaanubesannisoctogintatribus.Apioasexaginta
937 405 1103 459 aduentum
1118 403 1208 457 millia
1224 403 1354 473 Delphos
1369 403 1512 459 adeuntes
1527 402 1701 463 Graecorum
1709 407 1772 479 gla-

39 501 164 566 septem.
182 496 259 550 Vara
275 500 372 550 autem
391 497 520 550 narratio
542 495 631 549 habel
644 495 722 565 quod
739 511 754 550 a
771 495 877 547 nativi·
939 494 996 546 diis
1005 493 1166 562 perierunt.
1176 492 1316 545 Aliavero
1324 495 1441 546 centum
1449 492 1527 546 milia
1537 493 1566 547 in
1575 494 1773 551 ltaliareman·

38 589 94 640 tate
111 585 221 642 Abram
237 584 450 640 sextadecima
466 584 619 655 dynastia,
640 600 727 655 quam
744 584 881 655 AEgyptii

42 672 882 745 summampotestatemvocant‚TheboeorumapudAEgy-

39 764 117 834 ptios
139 763 256 817 initium
277 763 408 832 accepit,
433 776 558 817 currens
581 777 634 831 per
652 776 747 815 annos
763 764 881 814 centum

40 849 881 924 nonaginta.QuindecimenimdynastiasinregnoAEgy·

41 942 173 1012 ptiorum
187 940 249 1012 jam
265 942 423 994 transactae
440 938 570 1007 lucrant,
593 942 621 992 et
637 938 836 993 sextadecima
852 941 884 991 ut

42 1030 192 1099 diximus,
213 1045 271 1100 qua
294 1027 414 1082 Thehaei
439 1026 603 1099 regnabant
628 1030 730 1081 exorta
753 1029 809 1082 est.
828 1015 884 1096 Dy-

43 1119 139 1173 nastia
166 1118 258 1189 igitur
279 1117 392 1170 decima
416 1119 516 1185 sexta,
541 1118 742 1188 regnaverunt
763 1115 884 1169 Thebani

43 1208 133 1262 anais
151 1210 269 1261 centnm
284 1205 453 1277 nonaginta.
467 1205 607 1276 Dynastia
619 1205 732 1259 decima
748 1205 883 1274 septima,

48 1299 189 1368 pastores
202 1297 278 1350 octo.
291 1294 430 1365 Dynastia
447 1293 560 1348 decima
572 1296 674 1348 octava
686 1293 885 1363 Diapolitano-

49 1401 114 1440 rum
128 1383 249 1439 Amasis
260 1383 384 1454 primus.
402 1382 456 1436 Hic
473 1381 527 1436 luit
542 1385 672 1452 tempore
688 1380 786 1450 lamis,
800 1386 886 1437 sexto

46 1467 886 1545 aanoejusregnarcincipiens‚Chehronsecundusne-

47 1563 172 1634 naphis,
188 1561 367 1632 blepheres,
391 1558 497 1629 Miller,
519 1558 661 1629 Mntosis,
683 1549 885 1629 TeutemosiS,

49 1650 248 1721 Amenophis,
265 1648 364 1719 Ortus,
385 1646 610 1718 Achencheres,
629 1646 770 1719 Acharis,
787 1617 929 1703 naen-B

50 1757 130 1811 cres,
148 1738 200 1794 hic
216 1739 393 1794 submersus
410 1740 465 1792 est.
488 1736 652 1806 Acharres,
668 1736 812 1811 Cherres,
830 1738 887 1791 Ar-

51 1847 134 1886 meus
151 1829 247 1901 quiet
267 1829 401 1895 Danaus,
427 1827 590 1882 Ramesses
613 1824 664 1897 qui
679 1828 707 1880 et
721 1825 887 1898 AEgyptus,

51 1918 222 1990 Menophis.
234 1917 374 1987 Dyaastia
386 1915 499 1969 decima
514 1930 601 1983 nona,
618 1914 716 1983 Zetus,
729 1915 888 1986 llampscS,

53 2002 888 2077 Amenophis‚Ammenephus,Thuores,quietPolybue,

52 2097 93 2151 Ad
101 2096 188 2151 hunc
199 2093 352 2149 Menelaus
361 2109 428 2147 cum
438 2092 548 2147 lielena
558 2094 625 2163 post
634 2092 891 2163 excidium'l'roy'a·

54 2201 159 2240 norum
169 2183 298 2238 divertit.
310 2181 450 2253 Dynastia
459 2180 615 2253 vigesima,
628 2179 888 2251 Diapolitanornm.

52 2273 193 2347 Dynastia
218 2271 365 2344 vigesima
387 2270 495 2342 prima,
519 2269 674 2337 sinendis,
700 2269 889 2340 PsusenneS,

53 2363 265 2430 NelerclaereS,
279 2358 472 2430 Amenophis,
486 2357 631 2428 Osochor,
646 2358 798 2427 Psinaces‚
812 2358 890 2413 l‘sn·

55 2468 176 2508 sennes.

86 2540 231 2614 Dynastia
247 2539 394 2612 vigesima
410 2536 542 2591 secunda
561 2533 779 2605 sesonchosis,
797 2535 891 2592 Osor—

55 2633 116 2700 ton,
133 2628 304 2684 Tacelosis.
322 2626 461 2698 Dynastia
480 2627 626 2696 vigesima
646 2626 730 2680 tertia
746 2625 890 2695 Petuhas‚

56 2718 225 2787 orsochon,
239 2716 397 2771 psannios,
410 2715 551 2785 Dynastia
558 2715 704 2786 vigesima
713 2717 826 2786 quarta,
837 2715 893 2768 Bo-

59 2802 891 2878 choris.DynastiavigesimaquintaSahachon,AEthioS,

939 585 1057 650 serunt,
1075 581 1282 650 Ticinumque,
1304 580 1516 650 Mediolanum,
1535 581 1729 654 Bergomum,
1745 589 1773 639 et

939 671 1071 725 Brixiam
1086 669 1310 736 constituentes
1323 667 1480 739 Cisalpinae
1491 669 1593 725 Gallias
1604 687 1712 726 nomen
1722 673 1773 728 da·

940 759 1056 813 derunt.
1073 758 1158 813 Unde
1176 756 1268 812 Gallia
1288 756 1489 828 Transalpina,
1507 775 1573 829 quae
1589 759 1664 815 ultra
1680 761 1771 832 Alpes

941 851 1079 916 respectu
1095 847 1185 900 ltaliae
1202 845 1337 914 habetur,
1360 849 1388 900 et
1411 847 1502 901 Gallia
1523 847 1688 919 Cisalpina,
1706 866 1772 920 quae

942 937 986 990 cis
1001 935 1092 1005 Alpes
1109 938 1164 1004 est,
1181 935 1335 989 vocitatur.
1353 933 1388 988 Et
1403 935 1467 990 haec
1483 937 1519 990 de
1529 936 1657 1007 Brenno,
1668 937 1771 1008 Gallis,

942 1028 970 1079 et
985 1024 1077 1078 Gallis
1093 1039 1186 1094 pauca
1206 1023 1321 1077 dixisse
1340 1023 1479 1078 sulhcial.
1497 1025 1589 1080 Porro
1603 1024 1685 1083 Ocho
1701 1044 1772 1082 suc-

943 1113 1036 1168 cessit
1048 1116 1145 1167 Arxes
1157 1112 1236 1166 illius
1247 1110 1325 1181 ejuS,
1338 1114 1366 1167 et
1377 1112 1449 1166 Arxi
1464 1112 1570 1167 Darius
1581 1115 1671 1169 Arxis
1682 1115 1771 1186 filius,

943 1205 972 1256 et
988 1202 1089 1272 Dario,
1107 1205 1137 1256 ut
1153 1199 1355 1270 supradictum
1369 1202 1428 1268 est,
1448 1201 1617 1257 Alexander
1631 1203 1772 1276 Magnus,

944 1290 1033 1362 cujus
1048 1289 1163 1360 imperii
1174 1305 1250 1344 anno
1262 1289 1387 1357 septimo
1399 1289 1549 1362 AEgyptus
1560 1291 1589 1345 in
1600 1295 1775 1362 potestatem

943 1379 1116 1434 Graecorum
1139 1378 1228 1433 veuit.
1255 1377 1326 1432 Post
1346 1379 1546 1434 Alexandrum
1569 1380 1697 1455 deniqne
1712 1382 1776 1437 Ma·

943 1484 1036 1540 gnum
1048 1468 1184 1540 regnavit
1196 1467 1373 1522 Ptolemaeus
1386 1466 1459 1539 Lagi
1469 1467 1549 1523 illius
1558 1470 1588 1524 in
1597 1469 1777 1526 Alexandria

945 1557 1079 1629 AEgypti.

945 1680 1015 1736 Chr.
1035 1680 1071 1735 X.
1087 1680 1131 1735 Dc
1146 1696 1239 1752 regno
1259 1680 1471 1753 AEpyptiorum
1490 1689 1558 1754 post
1572 1684 1778 1741 Alexandrum

1290 1771 1439 1842 Magnum.

982 1912 1142 1968 Sciendum
1152 1915 1249 1967 autem
1260 1911 1338 1982 quod
1350 1928 1453 1967 omnes
1464 1929 1554 1986 reges
1567 1915 1690 1989 AEgypti
1701 1935 1779 1974 oom-

948 2003 1029 2058 muni
1044 2000 1189 2055 vocabulo
1205 2000 1330 2071 primum
1351 2001 1522 2058 Pharaones
1541 1994 1610 2059 sunt
1632 2005 1717 2079 dicti,
1741 2009 1777 2063 ab

948 2091 1117 2146 Alexandro
1135 2105 1206 2144 vero
1222 2105 1330 2161 magno
1344 2105 1441 2161 usquc
1459 2092 1496 2146 ad
1511 2091 1694 2163 Cleopatram
1708 2096 1778 2152 Pto·

950 2180 1046 2235 lemaei
1060 2179 1124 2234 sive
1137 2178 1275 2250 Lagidaa3
1292 2179 1476 2234 aPtolemaeo
1491 2180 1603 2253 Lagida
1618 2183 1692 2256 Lagi
1706 2185 1777 2241 alio.

950 2268 1086 2323 Cucurrit
1095 2267 1193 2338 itaque
1205 2283 1330 2339 regnum
1340 2267 1528 2324 Alexandriae
1543 2287 1639 2342 usqua
1649 2273 1686 2326 ad
1696 2273 1780 2328 Octa-

950 2359 1069 2412 vianum
1080 2354 1253 2428 [Octavium]
1265 2359 1433 2429 Augustum
1443 2373 1496 2427 per
1508 2374 1597 2431 reges
1613 2361 1778 2431 duodecim,

953 2462 1079 2519 quorum
1089 2445 1146 2498 ista
1157 2449 1227 2499 sunt
1237 2447 1372 2500 nomina:
1391 2446 1568 2502 Ptolemaeus
1578 2448 1701 2521 Lagida.
1719 2452 1777 2508 lste

953 2535 1119 2591 Jerusalem
1134 2534 1201 2587 dolo
1218 2535 1303 2605 cepit,
1321 2538 1350 2589 et
1364 2534 1485 2590 ludaeos
1501 2537 1667 2607 captivavit.
1685 2539 1782 2598 Ptole·

953 2641 1047 2680 maeus
1055 2622 1276 2692 Philadelphus.
1286 2623 1343 2677 lsta
1352 2624 1444 2678 Vetus
1453 2625 1675 2683 Testamentum
1682 2630 1718 2685 de
1728 2629 1783 2686 lie-

952 2715 1033 2769 braeo
1056 2713 1086 2766 in
1110 2711 1245 2767 Gnaeum
1269 2712 1425 2767 transferri
1449 2713 1534 2782 lecit,
1560 2719 1588 2770 et
1610 2717 1783 2775 ludaeorum

954 2803 1152 2873 captivitatem
1168 2801 1324 2855 relaxavit.
1336 2800 1513 2857 Ptolemaeus
1525 2803 1701 2877 Evergetcs,
1716 2809 1783 2866 Pto·

56 2897 205 2965 Sobicus,
231 2895 379 2963 Taracas,
398 2893 549 2963 AEthiops.
578 2891 719 2964 Dynastia
746 2892 893 2963 vigesima
910 2901 936 2963 ο
954 2893 1076 2947 lemaeus
1092 2890 1276 2959 Philopator,
1294 2889 1471 2944 Ptolemaeus
1488 2891 1672 2965 Epiphanes,
1691 2897 1785 2953 Ptole-

57 2989 149 3055 sexta,
168 2984 295 3053 Merrae,
314 2981 465 3052 AElhiops,
482 2981 673 3052 Stephinatis,
690 2981 891 3050 Neheompos,

56 3071 416 3141 NechaoPsammeticns,
429 3070 550 3125 Nechao
561 3070 722 3140 secundus,
736 3071 824 3140 quiet
839 3071 895 3124 Na·

58 3178 183 3235 sepsos,
200 3160 393 3229 Psammites,
410 3161 460 3231 qni
478 3163 506 3214 et
521 3160 752 3229 Psammeticns,
771 3157 893 3229 Valres,

60 3252 192 3307 Amasis.
203 3248 345 3320 Dynastia
353 3249 499 3320 vigesima
509 3249 633 3318 septima
642 3247 800 3302 Persarum
809 3248 895 3302 annis

63 3343 182 3396 centnm
196 3341 226 3393 et
240 3338 388 3392 undecim.
405 3336 582 3407 Cambyses,
599 3336 706 3390 tratres
722 3337 815 3408 magi,
837 3338 896 3390 lla-

61 3431 138 3498 rius,
157 3428 277 3482 xerses
292 3426 372 3480 Darii
388 3425 482 3494 illius,
503 3424 684 3494 Artabanus,
701 3425 895 3496 Artaxerses,

62 3518 178 3572 Xerses
194 3516 356 3579 secundus,
369 3513 548 3587 Sogdianus,
561 3512 668 3568 Darius
689 3513 808 3568 nothus.
824 3514 897 3568 Post

63 3608 125 3661 haec
141 3605 281 3678 Egyptus
296 3618 313 3658 a
328 3603 430 3658 Parsis
445 3602 587 3672 recessit,
609 3605 637 3656 et
655 3602 792 3672 proprios
808 3618 897 3675 reges

63 3695 175 3750 habere
190 3694 290 3764 coepit,
307 3691 384 3746 sicut
399 3690 567 3762 subjectum
583 3693 638 3745 est.
657 3690 796 3761 Dynastia
812 3693 897 3764 vige-

65 3786 139 3839 sima
148 3785 266 3851 ochra,
278 3780 472 3849 Amarcheus,
484 3779 591 3835 Saites.
604 3779 743 3849 Dynastia
752 3780 898 3852 vigesima

64 3889 150 3942 nona,
167 3870 339 3942 Nephrites,
358 3868 500 3934 Acharis,
516 3867 710 3937 Psammites,
728 3868 898 3940 Nephrites,

69 3960 274 4017 Nectenebns.
304 3958 377 4012 Post
396 3957 461 4012 haec
484 3960 660 4012 Artaxerses
679 3958 730 4029 qui
746 3962 774 4012 et
789 3957 900 4030 Ochus,

66 4050 201 4106 Nectabo
217 4063 289 4120 rege
303 4045 429 4118 AEgypti
445 4047 475 4101 in
490 4045 673 4116 AEtbiopiam
689 4047 785 4117 pulso,
802 4047 901 4119 AEgy-

954 2997 1047 3036 maeus
1067 2979 1258 3034 Philometor.
1289 2979 1467 3034 Ptolemaeus
1492 2980 1655 3053 Euergetes
1685 2985 1783 3041 Ptole-

952 3085 1037 3126 meus
1045 3068 1275 3137 Phisoon,qniet
1287 3067 1403 3122 Sother.
1416 3068 1593 3125 Ptolemaeus
1605 3072 1782 3147 Alexander,

953 3159 1121 3214 Ptolomeus
1131 3157 1181 3227 qni
1190 3172 1207 3208 a
1216 3158 1307 3209 matre
1316 3155 1451 3226 dejectus
1460 3161 1521 3227 est,
1534 3159 1712 3217 Ptolemaeus
1719 3163 1785 3220 Dio·

954 3249 1068 3319 nysius,
1079 3246 1242 3315 Cleopatra.
1253 3244 1324 3298 Post
1333 3244 1397 3299 heo
1408 3246 1560 3318 AEgyptas
1570 3249 1599 3303 in
1608 3254 1784 3319 potestatem

955 3338 1154 3392 Romanorum
1164 3334 1253 3402 venit,
1268 3334 1356 3405 cuy'us
1368 3350 1493 3406 regnum
1504 3353 1623 3408 semper
1633 3342 1786 3397 mollitiem

953 3429 999 3482 est
1013 3428 1158 3492 secutum,
1168 3427 1197 3478 et
1207 3423 1324 3478 tandem
1335 3425 1364 3478 ia
1375 3423 1483 3479 femina
1494 3430 1684 3500 prostratum,
1697 3432 1785 3504 cujus

953 3517 1041 3571 ssnem
1053 3513 1177 3568 interius
1188 3512 1344 3583 explicabo
1354 3513 1421 3584 (39).

1100 3659 1170 3711 Car.
1187 3656 1238 3710 xl.
1256 3656 1299 3710 De
1314 3672 1409 3729 regno
1424 3656 1642 3732 Sicyoniorum.

991 3785 1128 3855 Regnum
1143 3780 1359 3852 Sicyoniorum,
1376 3782 1433 3837 sub
1449 3783 1588 3856 AEgialeo
1604 3788 1700 3858 primo
1714 3806 1786 3864 rege

955 3877 1101 3941 exortum,
1112 3871 1150 3926 ab
1158 3886 1234 3925 anno
1243 3871 1389 3942 vigesimo
1399 3877 1503 3943 quarto
1512 3874 1632 3932 Nachor
1641 3879 1687 3932 avi
1699 3880 1787 3936 Abrae

956 3961 1202 4033 usqueinannum
1215 3960 1361 4014 decimum
1377 3964 1535 4031 septimum
1545 3965 1609 4020 lleli
1621 3968 1787 4024 sacerdotis

957 4049 1789 4127 ety'udicislsrael,cucurritperannosnoningentossex·

65 4144 144 4210 ptum
161 4136 304 4205 obtinuit,
326 4139 354 4190 et
375 4149 413 4190 ex
436 4125 512 4189 indc‘
529 4150 624 4205 usque
646 4136 683 4189 ad
701 4136 902 4192 Alexandrum
955 4141 1295 4212 agintaetunurn,ctper
1310 4141 1527 4212 regestriginta
1544 4159 1788 4216 unum,quorum

70 4228 212 4300 lingnam
233 4224 335 4315 Pensm
357 4223 521 4295 dynastiam
546 4223 670 4296 AEgypti
691 4227 848 4280 tenuerunt
862 4226 898 4280 ab
913 4224 942 4287 D
958 4226 1228 4282 istasuntnomina:
1240 4226 1787 4308 AEgialeus,Europs,Felchim,Apis,

66 4331 142 4371 anno
173 4314 289 4369 decimo
313 4313 439 4383 septimo
462 4311 535 4366 Ochi
559 4327 655 4382 usqne
679 4312 714 4366 ad
743 4315 900 4384 septimum
958 4317 1067 4384 Telon,
1084 4316 1245 4387 AEgiorus,
1269 4315 1501 4386 Thurimachus,
1525 4319 1708 4392 Leucippus,
1724 4323 1789 4380 Me-

67 4403 230 4460 Alexandri
243 4418 249 4458 :
266 4405 295 4458 et
306 4417 385 4457 aune
396 4400 548 4473 AEgyptus
559 4400 588 4456 in
598 4403 772 4471 potestatem
782 4403 901 4457 Graeco·
960 4420 1079 4476 saspus,
1088 4404 1204 4471 Eratus,
1214 4403 1548 4476 Plemeus,0rthopolis,
1556 4408 1791 4481 Marathias,Ma-
1870 4416 1873 4421 '

67 4511 129 4550 rum
143 4492 238 4563 venit.
255 4491 317 4546 Hac
339 4492 483 4562 praeterea
507 4493 695 4561 tempestate,
719 4507 776 4561 qua
792 4491 900 4561 praela·
960 4498 1051 4562 ratae,
1069 4493 1225 4561 Echireus,
1242 4492 1369 4561 Charax,
1388 4493 1536 4564 Epopeus,
1552 4496 1732 4570 Laomedon,
1749 4499 1793 4556 Si-

66 4586 112 4639 tas
122 4582 227 4638 Oclum
239 4580 269 4634 ia
279 4579 403 4634 Persida
418 4579 556 4651 regnavit
569 4582 597 4633 et
608 4579 637 4633 in
651 4579 792 4650 AEgypto,
805 4579 900 4634 Bren—
959 4582 1046 4651 chon,
1067 4581 1197 4650 Polihus,
1212 4581 1350 4650 Inachus,
1364 4581 1502 4652 Phestus,
1526 4585 1682 4658 Adrastus,
1702 4589 1791 4662 Poly-

67 4687 137 4741 nas,
155 4670 209 4742 qul
223 4668 303 4740 apud
317 4667 422 4722 urbem
438 4667 643 4724 Senonensem
658 4667 815 4738 regnabat,
834 4684 901 4723 cum
957 4671 1063 4742 phides
1080 4670 1241 4741 Pelasgus,
1266 4670 1427 4740 Zeuxipus.
1449 4672 1520 4727 Post
1536 4673 1601 4729 haec
1618 4678 1793 4735 sacerdotes

67 4759 210 4816 trecentis
220 4756 353 4812 millibus
364 4754 514 4812 Gallorum
524 4756 554 4810 in
566 4756 677 4826 ltaliam
687 4757 781 4827 venit,
798 4759 826 4812 et
837 4773 901 4812 eam
958 4760 1055 4816 Carnii
1071 4759 1254 4829 praefuerunt
1270 4759 1355 4813 annis
1371 4759 1478 4831 viginti
1493 4765 1575 4835 octo,
1596 4781 1722 4836 quorum
1736 4769 1794 4824 ista

68 4864 163 4923 usque
171 4845 210 4903 ad
218 4843 419 4918 senogalliam
428 4860 518 4916 snpra
529 4860 609 4899 mare
620 4845 803 4900 Adriaticum
815 4847 901 4902 sitam
959 4853 1028 4905 sunt
1044 4849 1180 4904 nomina:
1198 4847 1373 4918 Archelaus,
1392 4851 1578 4923 Antomidus,
1597 4855 1793 4929 Mecludutus,

98 4990 158 5066 (39)
175 4988 389 5115 AEgygtiornm
403 5003 529 5059 regnum
543 5003 579 5043 eo
594 4990 725 5058 tempore
742 4989 902 5072 coepit'quo
959 4992 1096 5064 poribus.
1108 4989 1183 5056 Quin
1193 4991 1322 5045 ctiamah
1332 4991 1436 5062 Osyris
1446 4995 1796 5072 nomine,etcognomine

66 5066 240 5136 ctregnum
273 5058 476 5143 baldemum,
497 5058 553 5141 hoc
575 5063 901 5140 estannocentssrmo,
959 5065 1103 5135 Osyriana
1119 5063 1155 5116 ab
1172 5063 1339 5134 AEgyptiis,
1360 5064 1521 5135 etMyzreia
1536 5068 1572 5121 ab
1589 5069 1726 5126 Hebraeis
1742 5089 1797 5128 au-

66 5133 224 5207 trigesimo
236 5146 330 5202 primo
341 5145 357 5184 a
369 5129 492 5184 Noatrao
505 5130 626 5199 diluvio,
638 5134 669 5185 ut
680 5146 717 5185 ex
729 5131 842 5187 beroso
852 5149 904 5187 ac·
960 5141 1041 5191 ctare
1064 5135 1165 5205 Moyse
1189 5135 1266 5188 dicta
1290 5133 1354 5190 fuit.
1381 5136 1490 5191 Ultimo
1514 5143 1611 5195 aulem
1633 5147 1737 5199 vocata
1752 5147 1799 5199 est

66 5203 213 5276 cepimus.
226 5200 379 5285 AEgyptns
390 5203 488 5283 autem
498 5201 534 5255 ab
546 5201 760 5274 AEgyptorege
770 5202 903 5259 ultimum
961 5207 1124 5279 AEgyptus,
1137 5210 1168 5261 ut
1182 5206 1293 5261 dictum
1308 5211 1367 5276 cst,
1386 5208 1423 5261 ab
1440 5209 1574 5283 AEgypto
1589 5212 1679 5271 tratre
1694 5215 1797 5284 Danai,

66 5291 178 5334 nomen
188 5278 318 5345 accepit,
329 5276 361 5329 ut
372 5275 412 5328 art
422 5272 581 5329 hlaaetbon
598 5273 742 5329 sacerdos
754 5273 901 5347 Ogyptins
960 5279 1012 5352 qui
1021 5278 1175 5333 dicebatur
1188 5278 1361 5335 Ramesses.
1379 5280 1451 5335 Haec
1460 5297 1498 5336 ex
1509 5282 1624 5341 loanne
1634 5285 1756 5354 Lucida,
1768 5284 1801 5342 li-

63 5347 94 5405 in
107 5344 321 5420 supplemento
337 5342 529 5420 temporum.
547 5343 635 5401 Prius
652 5345 732 5401 enim
746 5361 858 5402 oceane
875 5349 904 5404 et
960 5348 1016 5407 bro
1032 5347 1247 5406 chronicorum
1262 5367 1290 5406 v.
1309 5367 1372 5422 cap.
1390 5352 1500 5424 primo,
1522 5356 1599 5425 apud
1620 5370 1707 5429 quem
1723 5370 1800 5412 non·

66 5414 407 5502 Nilea‚teste·1liodoro
424 5414 784 5502 Sicploinprimolibr03
801 5423 905 5490 postea
962 5420 1042 5478 nulla
1057 5422 1113 5478 alia
1133 5421 1169 5479 ad
1193 5425 1379 5497 propositum
1401 5426 1502 5482 notatu
1525 5427 1616 5504 digna
1635 5426 1800 5503 comperire

68 5505 137 5552 nero
147 5485 905 5560 Aeriadicebaturmtartllusebmsmhbrolletem·
963 5497 1060 5574 potes.

211 5604 342 5668 Person.
362 5601 535 5676 cnxxvn.
1602 5613 1631 5689 a
