3796 6022
80 298 160 374 1075
501 305 719 371 APPENDIX
740 307 797 372 nb
819 305 1011 374 HUGONIS
1032 309 1173 376 OPERA
1194 310 1390 376 tdYSTlCA.
1481 343 1488 350 ·
1731 303 1819 375 1076

81 502 166 561 Unde
177 521 302 563 necesse
312 511 396 563 estut
413 525 528 582 ariagnae
548 511 715 565 severitatis
733 512 917 567 animadver·
931 493 959 555 Α
976 514 1084 569 tatione
1096 513 1142 568 vel
1153 513 1325 584 probatione
1334 513 1482 585 justorum
1500 512 1700 585 scriptumest
1714 527 1721 566 :
1735 510 1820 567 Deus

81 595 166 650 sione
178 600 265 666 caput
275 596 371 652 hostis
382 599 493 671 antiqui
506 601 535 653 in
546 601 594 654 his
605 601 770 656 assultibus
781 604 916 656 contera—
977 603 1104 656 tentarit
1114 619 1173 672 eos,
1188 608 1216 657 ct
1228 604 1345 658 iurcuit
1355 602 1540 674 illosdipnos
1550 618 1594 656 sc.
1608 601 1757 675 Tanquam
1770 616 1819 654 au-

80 700 158 756 muS,
171 686 245 739 etad
256 689 367 756 petram
380 687 446 758 ejus
456 690 596 771 parvulos
606 691 771 745 allidamus.
783 691 821 744 El
833 690 879 744 lac
889 697 917 745 ct
977 708 1042 745 rum
1053 692 1084 745 iu
1096 691 1218 746 tornaco
1226 691 1378 764 probarit,
1393 697 1421 746 ct
1431 693 1515 763 quasi
1524 690 1693 746 holocausta
1712 689 1819 744 hostiae

78 773 178 845 panis,
190 774 273 829 Sicut
288 792 325 830 ex
339 776 468 832 diversis
485 778 704 850 scripturarum
720 780 794 834 locis
811 779 919 834 intelli·
979 780 1155 851 accepitcos
1174 779 1258 852 (Sap.
1276 780 1328 849 ru).
1346 781 1490 836 Dominus
1507 796 1579 852 ergo
1595 779 1716 835 diliculo
1730 793 1819 832 suum

82 862 192 935 gimus,
208 866 322 935 perlae
339 867 502 922 doctrinam
518 869 737 938 inchoantibus
752 884 806 940 pcr
816 885 920 939 panem
980 868 1116 939 electum,
1133 868 1211 923 sicut
1226 869 1365 938 diximuS,
1381 869 1481 923 visitat
1496 886 1549 939 per
1564 869 1818 934 consolationem,

84 951 249 1008 doctrinam
264 955 406 1025 perlectis
417 958 585 1012 exhibenda
597 960 808 1012 convenienter
818 959 925 1028 accipi·
981 958 1034 1012 scd
1047 958 1145 1012 subito
1162 959 1267 1028 probat
1281 974 1334 1027 per
1348 957 1598 1012 exercitationem.
1619 957 1654 1012 Et
1665 957 1735 1010 hinc
1748 957 1817 1010 item

86 1055 164 1096 mus.
178 1041 262 1099 Unde
279 1045 314 1099 de
330 1045 386 1100 boc
398 1047 473 1101 lacte
490 1047 522 1101 Β.
536 1048 641 1102 Petrus
654 1047 689 1101 ad
701 1063 753 1101 eos
764 1047 925 1118 quinuper
981 1047 1125 1117 scriptum
1140 1050 1184 1102 cst
1194 1063 1200 1102 :
1210 1048 1321 1102 Exitus
1334 1049 1473 1101 niatutini
1480 1087 1488 1114 ,
1506 1053 1535 1101 et
1554 1062 1679 1119 rcspcrc
1692 1044 1824 1101 delecta·

86 1131 273 1187 crediderant
287 1134 342 1189 nit:
357 1135 638 1208 Sicutniodopcniti
652 1135 784 1190 infantes
795 1137 924 1191 rationa-
980 1135 1129 1206 IristPsal.
1139 1119 1450 1205 nxr'v).Exitusetcnim
1457 1134 1820 1206 matutinietvespereno·

86 1217 176 1290 biles,
190 1222 330 1278 sinedolo
341 1224 386 1278 lac
397 1225 605 1296 concupiscite,
620 1226 688 1280 utin
698 1226 924 1281 accrescatisin
980 1225 1078 1279 minus
1088 1223 1818 1297 delectat,quiaprincipiumbonacconversationis

90 1308 217 1364 salutem
227 1311 347 1382 (chtr.
357 1313 397 1383 n).
416 1313 492 1368 EtB.
510 1314 619 1367 Paulus
629 1314 838 1369 adttcrinthios
848 1315 923 1370 :Noa
981 1313 1193 1384 consolatione,
1206 1319 1233 1369 et
1245 1315 1530 1369 tinemrctributione
1542 1313 1813 1369 laetificatbtedium

82 1399 167 1468 potui
189 1400 274 1454 vohis
290 1400 369 1473 loqui
386 1408 521 1474 tanquam
537 1403 759 1474 spi1·itnalilrrm,
776 1405 830 1458 scd
841 1405 925 1477 quasi
980 1406 1077 1457 autem
1090 1405 1158 1473 diei,
1179 1407 1306 1459 nontam
1324 1404 1510 1459 delectationi
1528 1420 1617 1475 quam
1632 1402 1747 1458 fervido
1766 1418 1815 1456 ac-

88 1488 554 1561 car·nalibus;tanquamparvulis
563 1492 593 1545 in
602 1491 773 1547 Christolae
784 1493 866 1549 rodis
873 1510 924 1564 po-
981 1493 1146 1547 comurodat
1158 1494 1253 1562 aestui,
1267 1493 1336 1548 dum
1352 1493 1480 1547 medium
1491 1492 1585 1547 meriti
1597 1508 1657 1546 non
1673 1494 1732 1546 tam
1744 1508 1815 1547 con-

88 1570 150 1627 'tum
162 1576 241 1645 dedi,
256 1594 312 1631 nou
326 1595 422 1632 escam
434 1580 461 1648 (I
472 1580 538 1635 Cor.
557 1583 610 1650 111).
624 1581 699 1636 llinc
715 1582 860 1637 llcbriros
876 1598 924 1637 re·
981 1581 1119 1637 solutioni
1131 1597 1218 1653 quam
1236 1581 1379 1636 districtae
1394 1582 1539 1651 mancipat
1551 1580 1728 1651 probationi.
1745 1579 1815 1645 Quia

87 1662 310 1735 darguensmit:
327 1667 396 1721 Cum
408 1669 564 1724 deberetis
572 1671 712 1743 mapistri
722 1688 790 1726 esse
798 1677 924 1743 propter
981 1686 1052 1742 crgo
1065 1670 1218 1739 Dominus,
1231 1675 1297 1724 ante
1309 1669 1524 1725 districtionem
1534 1669 1731 1741 probationis,
1742 1685 1815 1724 non·

88 1756 211 1824 tempus,
224 1771 331 1810 rursus
340 1757 485 1830 indipctis
499 1764 528 1812 ut
539 1760 704 1814 doceamini
716 1761 847 1832 qriiusint
860 1761 922 1816 elc-
980 1775 1129 1830 nunquam
1145 1759 1272 1813 infundit
1289 1760 1394 1813 animae
1406 1759 1581 1813 suavitatem
1598 1775 1662 1813 suae
1677 1757 1814 1814 consola-

87 1846 186 1897 mento
198 1845 318 1899 exordii
327 1862 495 1901 sermonum
511 1848 576 1915 Ilei,
590 1853 620 1902 et
632 1849 706 1904 tacti
718 1851 802 1919 estis,
817 1850 922 1922 paribus
981 1848 1080 1917 tionis,
1098 1852 1177 1903 recte
1192 1851 1259 1918 post
1275 1849 1324 1902 illa
1339 1865 1406 1919 quac
1422 1849 1562 1918 superius
1582 1848 1692 1919 posuit,
1715 1846 1771 1901 mel
1789 1849 1817 1903 et

88 1930 242 2004 lactecpus
250 1934 301 2002 sit,
310 1951 366 1989 nou
378 1936 472 1992 solido
484 1937 559 1992 cido.
574 1938 824 2012 Oninisenirn,qui
834 1939 922 1994 lactis
980 1938 1097 1992 botrum
1113 1938 1148 1991 ad
1160 1938 1369 1994 necessitatem
1380 1938 1526 2008 pertinere
1543 1937 1635 1991 dixit:
1652 1935 1712 1990 btel
1732 1936 1817 1991 nimi·

84 2020 246 2093 particeps,
270 2039 380 2096 expers
395 2031 441 2079 est
456 2027 604 2082 sermonis
614 2028 753 2098 justitia).
770 2028 922 2083 Parvulas
980 2043 1065 2096 rum,
1089 2027 1166 2098 quod
1187 2027 1302 2081 dulcem
1321 2043 1458 2098 saporem
1477 2026 1575 2096 babet,
1591 2028 1619 2080 et
1633 2025 1750 2095 botrus,
1767 2025 1814 2096 qui

88 2110 166 2163 enim
178 2117 224 2165 est
234 2111 339 2179 (Hchr.
353 2115 393 2184 v).
404 2113 446 2169 Dc
457 2117 743 2185 pancautcmstatim
755 2116 920 2188 subjunxit.
980 2115 1090 2185 vinum,
1111 2116 1190 2186 quod
1205 2115 1339 2186 inebriat,
1353 2116 1491 2185 continet,
1513 2116 1659 2170 internam
1684 2114 1818 2168 dulcedi·

87 2197 922 2278 PersectorumautcrrrcstsoliduscihuS,quiproconsue·
980 2204 1815 2277 nem,spiritualemqueconsolationemfigurarepossunt

91 2288 192 2344 tudine
208 2291 391 2346 exercitatos
406 2292 517 2347 hahent
531 2309 638 2348 sensus
653 2294 691 2350 ad
708 2295 921 2351 discretionem
983 2292 1041 2349 Sed
1057 2295 1269 2368 diligenterest
1280 2295 1490 2349 attendendum
1505 2295 1583 2366 quod
1594 2294 1703 2348 nonait
1714 2292 1816 2362 larus,

87 2375 159 2431 boni
170 2394 204 2432 ac
214 2379 285 2434 mali
292 2380 389 2450 (ibid).
403 2380 439 2434 Et
447 2381 524 2436 idem
533 2383 569 2436 ad
581 2383 749 2439 ttorinthios
761 2385 831 2439 dicit
844 2401 849 2439 :
867 2384 921 2439 Sa·
980 2382 1033 2438 sed
1043 2383 1109 2452 mel,
1118 2388 1146 2438 et
1157 2382 1381 2455 quodnondixit
1391 2385 1503 2453 vinum,
1512 2382 1819 2452 sedbotrusetipsum

84 2467 229 2537 pientiam
240 2475 335 2524 autem
345 2469 490 2542 loquimur
501 2472 583 2526 inter
591 2472 745 2544 perlectos
755 2473 782 2543 (I
797 2473 865 2528 Cor.
878 2475 919 2543 u).
978 2488 1055 2527 urar.
1069 2472 1132 2527 Duo
1148 2489 1275 2545 namque
1286 2473 1423 2528 ridentur
1439 2488 1508 2527 csse
1524 2471 1761 2528 consolationum
1772 2487 1820 2543 ge·

87 2555 219 2628 Simplex
228 2575 299 2631 crgo
309 2560 441 2615 doctrina
451 2560 659 2631 incipientibus
671 2563 750 2617 velut
758 2562 803 2616 lac
815 2579 921 2634 parvu-
979 2576 1162 2617 nera1unum
1171 2561 1490 2633 scilicetquodabsque
1502 2560 1714 2633 integumentis
1725 2560 1811 2615 nobis

87 2644 135 2714 lis,
146 2647 364 2718 etprosundaet
375 2649 528 2719 multiplex
541 2652 713 2706 necessaria
724 2655 770 2707 est
780 2652 920 2723 perlectis
979 2649 1151 2720 infunditur,
1167 2651 1291 2706 alterum
1307 2651 1385 2722 quod
1401 2651 1487 2723 quasi
1502 2650 1682 2722 quibusdam
1697 2649 1813 2705 involu-

87 2736 267 2808 quasipanis
278 2738 397 2794 adultis.
410 2739 445 2793 Et
457 2740 785 2813 notandumquod,cum
795 2741 923 2797 dixisset
979 2739 1086 2793 mentis
1111 2742 1197 2810 atquo
1213 2739 1374 2810 folliculis,
1395 2747 1426 2794 ut
1442 2741 1480 2795 ita
1496 2739 1610 2809 dicam,
1635 2740 1818 2793 sacratarum

83 2826 182 2897 panis,
192 2827 303 2881 addidit
311 2827 527 2901 similaqineus,
536 2829 613 2900 quia,
622 2830 718 2885 ablato
728 2831 841 2886 turture
851 2831 923 2886 litte·
979 2843 1078 2882 rerum
1087 2832 1136 2882 aut
1147 2828 1270 2883 aliorum
1283 2829 1456 2900 hujusmodi
1467 2827 1817 2900 quodammodomedian·

87 2930 139 2986 rae,
152 2915 342 2986 dispensatur
352 2917 492 2988 perlectis
503 2919 600 2973 simila
611 2919 924 2993 spiritalisintelligen·
979 2917 1059 2972 tibus
1069 2917 1203 2973 donatur.
1218 2918 1348 2972 Primum
1358 2932 1430 2989 ergo
1441 2933 1494 2988 per
1504 2915 1572 2986 mel,
1584 2916 1751 2971 secundum
1766 2931 1817 2988 per

87 3003 146 3059 tiae.
159 3004 342 3078 Postaquam
352 3023 435 3079 crgo,
446 3007 763 3080 ignemctterrum,lac
774 3025 922 3080 campane
979 3005 1096 3061 botrum
1116 3007 1238 3078 figurari
1253 3009 1360 3077 potest.
1384 3007 1475 3060 Aliter
1495 3022 1567 3076 :per
1581 3005 1638 3060 mel
1654 3021 1816 3076 possumus

89 3092 159 3148 dicit
174 3110 243 3150 esse
258 3097 478 3167 necessarium,
496 3100 527 3152 ut
541 3084 678 3153 athletam
692 3098 818 3168 Christi,
835 3115 922 3171 quem
941 3085 1147 3167 Cintelligere
1172 3095 1332 3167 quamlibet
1352 3096 1439 3149 etiam
1463 3095 1612 3149 minimam
1634 3094 1817 3165 spiritualem

88 3198 163 3254 aqua
182 3188 210 3239 et
227 3185 307 3257 ignis
323 3203 339 3240 a
355 3187 440 3257 culpa
455 3187 603 3257 praeterita
625 3187 766 3242 exhibent
782 3188 922 3241 mundum

89 3289 123 3327 ac
138 3278 305 3346 purgatum,
319 3291 465 3346 quemque
480 3276 591 3330 terrum
602 3279 694 3329 armat
710 3279 811 3330 contra
827 3276 923 3330 hostis

31 3367 35 3375 '
89 3363 201 3433 antiqui
224 3363 408 3419 mortiterum
424 3364 671 3433 blandimentum,
697 3364 775 3419 hunc
791 3363 835 3418 lac
857 3381 925 3420 cum

90 3465 164 3520 pane
175 3451 211 3504 ad
234 3453 407 3506 exercitium
417 3455 567 3524 virtutum,
584 3453 773 3509 othonorum
789 3451 925 3508 effectum

92 3554 214 3610 operum
229 3540 332 3595 reddat
347 3541 515 3597 robustum.
595 3559 598 3562 ·

128 3628 236 3684 Etmel
242 3630 461 3687 etdotrusurra.
472 3631 657 3686 Soletdivina
670 3632 762 3702 pietas
774 3632 810 3688 de
821 3632 926 3686 infide-

91 3717 171 3774 litate
186 3719 223 3775 ad
237 3720 334 3790 fidem,
354 3720 418 3776 sive
436 3720 472 3776 dc
485 3721 570 3793 eulpa
586 3720 622 3774 ad
641 3721 841 3792 poenitantiam
854 3736 927 3776 con-

91 3809 201 3881 versis,
218 3813 385 3883 antequam,
404 3815 524 3882 accepta
542 3810 674 3866 veritatis
691 3809 870 3882 cognitione,
888 3811 928 3864 la-

92 3899 246 3955 boriosum
261 3901 401 3955 virtutum
412 3904 440 3956 et
455 3901 600 3956 honorum
617 3915 739 3971 operum
755 3900 929 3954 exercitium

93 3989 307 4062 ingrediantur,
320 3990 431 4061 aliquid
443 3990 565 4044 internae
577 3990 743 4044 dulcedinis
755 3992 782 4043 ct
794 3989 930 4045 consola·

93 4078 183 4132 tionis
194 4079 379 4148 dispensare,
402 4095 436 4132 ac
452 4094 505 4148 per
523 4078 579 4133 hoc
593 4078 630 4132 ad
645 4078 778 4148 spiritale
794 4079 930 4132 meritum

93 4166 249 4238 meritique
259 4167 474 4238 praemiumeos
490 4166 651 4222 efficaciter
664 4181 837 4237 provocare.
855 4166 930 4221 Hinc

95 4258 229 4330 estquod
245 4259 277 4313 B.
294 4258 410 4328 Petrae,
424 4257 492 4312 dum
505 4271 600 4327 nuper
611 4271 775 4310 conversos
791 4257 827 4309 ad
843 4256 930 4311 tidem

93 4348 130 4402 ad
146 4348 272 4404 salutem
287 4347 475 4404 obtinendam
491 4362 627 4401 crescere
644 4349 852 4415 commoneret,
869 4345 927 4402 ait:

981 3184 1167 3239 dulcedinem
1178 3185 1358 3240 intrinsecus
1368 3184 1499 3239 suaviter
1509 3183 1760 3254 sapientiam3per
1768 3183 1816 3238 ho-

980 3275 1057 3327 trum
1074 3272 1215 3345 maiorem
1231 3274 1465 3330 consolationem
1480 3277 1608 3328 mentem
1620 3272 1737 3328 sortiter
1754 3273 1818 3327 ine-

980 3361 1135 3416 briantem.
1148 3362 1202 3428 Qui
1220 3363 1326 3419 botrus
1343 3365 1408 3434 apte
1419 3363 1527 3417 dicitur
1537 3378 1613 3432 uvae,
1625 3378 1692 3433 quae
1705 3362 1743 3416 ad
1759 3362 1813 3418 bo·

981 3466 1047 3520 noe,
1059 3467 1117 3506 non
1129 3451 1286 3520 labruscae,
1298 3467 1364 3522 quae
1376 3451 1410 3505 ad
1422 3451 1515 3506 malos
1534 3450 1671 3521 pertinet,
1690 3450 1727 3506 de
1743 3466 1816 3523 quo·

981 3556 1047 3594 rum
1058 3541 1197 3610 uva,sivc
1209 3541 1311 3610 botro,
1329 3541 1376 3595 vel
1394 3541 1481 3594 etiam
1499 3540 1569 3595 vino
1594 3539 1815 3610 scriptumest:

986 3628 1048 3683 Ura
1056 3646 1156 3686 eormn
1164 3647 1219 3684 uria
1230 3629 1466 3698 tellisetlrotrus
1473 3628 1817 3694 arnarissimus.Feldra·

982 3735 1084 3775 conum
1098 3719 1195 3773 vinum
1204 3724 1348 3786 carminat
1359 3735 1501 3774 renerum
1511 3718 1644 3790 aspidum
1650 3717 1818 3774 insanabile

984 3807 1083 3876 (Hert.
1093 3808 1198 3877 xxxii).
1214 3807 1376 3878 Sicutcrgo
1389 3823 1442 3878 per
1452 3823 1557 3878 aquam
1572 3806 1816 3877 compunctionis,

984 3899 1012 3950 et
1021 3897 1120 3968 ignem
1132 3897 1399 3966 consarcinatam
1411 3897 1499 3951 etiam
1507 3895 1724 3952 satisfactionis
1734 3910 1819 3951 unus·

985 3984 1112 4056 quisque
1129 4001 1293 4041 conversus
1309 4002 1325 4039 a
1341 3985 1649 4055 culpaemundaturet
1664 3987 1816 4057 purgatur,

986 4075 1015 4128 ct
1035 4075 1113 4128 sicut
1136 4073 1247 4128 terrum
1263 4075 1432 4129 severitatis
1457 4077 1558 4129 eontra
1583 4074 1754 4128 daemonum
1768 4088 1819 4144 per

987 4163 1086 4218 carnis
1097 4164 1244 4218 desideria
1261 4163 1335 4217 male
1346 4162 1559 4218 blandientium
1570 4163 1711 4233 impetum
1726 4178 1817 4217 arma·

986 4253 1043 4321 tur,
1070 4255 1097 4308 et
1121 4253 1366 4324 quemadmodum
1389 4252 1464 4307 laete
1488 4256 1516 4307 et
1536 4267 1610 4322 pane
1626 4252 1771 4306 doctrinae
1785 4250 1819 4305 ad

987 4341 1160 4396 exercitium
1175 4342 1315 4396 virtutum
1331 4344 1359 4396 et
1375 4341 1522 4397 honorum
1538 4356 1661 4412 operum
1676 4340 1821 4395 enutritur

94 4437 131 4492 Si
153 4444 249 4494 tamen
271 4438 402 4511 qustatis
424 4437 559 4511 quoniam
591 4435 694 4490 sanaris
719 4440 764 4489 cst
785 4432 969 4497 ‚DorninusD
986 4433 1013 4485 et
1024 4430 1189 4497 roboratur,
1207 4430 1251 4484 sic
1268 4429 1353 4485 melle
1371 4431 1494 4485 etbotro
1511 4429 1636 4484 internae
1652 4429 1820 4484 dulcedinis

94 4526 124 4598 (l
134 4527 221 4583 Petr.
238 4528 280 4598 ιι).
299 4528 374 4582 Hinc
390 4544 443 4599 per
458 4527 515 4583 lob
530 4526 566 4580 ad
582 4525 738 4581 Dominum
753 4523 788 4578 de
807 4523 926 4578 homine

94 4617 286 4687 perdivinam
298 4618 422 4690 gratiam
437 4615 653 4690 magnificando
670 4614 777 4668 dicitur
792 4628 799 4668 :
816 4612 928 4667 Visitas

96 4721 160 4760 eum
169 4706 305 4774 diluculo,
317 4714 346 4763 ct
357 4707 455 4762 subito
463 4706 575 4778 probas
588 4704 670 4758 illum
679 4702 756 4771 (doh.
767 4701 828 4771 vn).
849 4700 929 4756 Dilu-

95 4795 162 4851 e'ulo
187 4797 295 4868 quippe
319 4796 462 4851 Dominus
484 4795 633 4850 hominem
657 4792 770 4859 visitat,
787 4792 815 4844 et
830 4790 928 4844 subito

94 4884 177 4940 illum
188 4885 301 4956 probat,
314 4884 383 4940 dum
392 4886 421 4940 in
431 4884 575 4956 principio
584 4879 792 4937 conversionis
805 4877 929 4933 velcon-

94 4969 930 5046 versationisejusquidsitinternaedulcedinissoporae·

95 5080 233 5136 supernae
244 5064 456 5120 consolationis
473 5066 579 5136 gustus
591 5059 823 5116 misericorditer
831 5058 873 5111 illi
884 5058 931 5113 de·

77 5140 254 5225 ”monstrat3
263 5170 298 5208 ac
309 5155 408 5208 statim
419 5155 501 5208 illum
513 5153 633 5208 fornace
645 5148 838 5221 perfectionis
850 5147 926 5214 vitae,

94 5244 174 5301 velut
192 5245 302 5317 figulus
322 5245 411 5300 fictile
430 5260 494 5308 ras,
511 5244 611 5309 tentat,
630 5241 661 5295 ut
676 5255 729 5310 per
744 5237 801 5292 hoc
817 5235 929 5291 homini

94 5334 259 5391 innotescat
270 5338 409 5406 quantum
421 5331 564 5402 proficiat.
577 5330 618 5384 Dc
629 5328 683 5382 hac
694 5327 853 5382 tentatione
864 5325 928 5380 sive

93 5425 268 5495 probatione
280 5424 423 5493 scriptum
435 5424 497 5475 est:
516 5419 590 5473 Vasa
601 5417 685 5489 dpuli
692 5417 799 5490 probat
809 5416 927 5476 fornax,

93 5505 926 5585 etliomincsjustustentatiotribulationistldccli.xxru).

93 5602 255 5658 'tribulatio
266 5606 362 5656 autem
376 5601 525 5672 justorum
537 5600 566 5653 in
577 5596 753 5653 exercendis
770 5593 928 5646 virtutibus

95 5695 123 5746 et
134 5690 312 5759 exhibendis
328 5691 417 5746 bonis
429 5689 570 5763 operibus
581 5686 729 5744 consistit.
742 5684 783 5740 De
793 5683 847 5737 hac
860 5685 926 5736 ten-

984 4522 1013 4573 et
1025 4518 1237 4574 consolationis
1256 4518 1292 4572 ad
1308 4518 1429 4573 coeleste
1440 4518 1581 4591 gaudium
1597 4518 1684 4573 etiam
1700 4534 1754 4590 per
1768 4518 1821 4573 tri-

985 4608 1095 4663 stitiam
1116 4611 1143 4662 ct
1158 4608 1382 4663 amaritudinem
1398 4607 1626 4679 promerendum
1645 4606 1823 4662 mirabiliter

984 4699 1172 4768 provocatur.
1182 4697 1245 4751 Nec
1257 4697 1368 4752 dubitat
1378 4712 1570 4767 peramarum
1582 4696 1742 4766 praesentis
1753 4695 1823 4750 mali

984 4786 1123 4857 poculum
1134 4788 1169 4841 ad
1181 4785 1526 4858 supcrnijucunditutcm
1540 4785 1611 4839 boni
1624 4785 1820 4856 pertransire,

985 4876 1054 4931 dum
1070 4875 1110 4930 illi
1128 4876 1226 4930 datum
1243 4879 1288 4930 est
1302 4874 1438 4946 ejusdem
1450 4875 1526 4929 botri
1539 4872 1585 4928 rel
1601 4877 1706 4928 tenues
1722 4876 1823 4945 guttas

985 4966 1180 5037 praegustare.

1019 5055 1060 5108 Et
1080 5053 1192 5122 oleum,
1216 5055 1432 5109 vestimentum.
1454 5052 1529 5117 Quid
1547 5067 1600 5122 per
1621 5050 1735 5122 oleum,
1762 5051 1822 5106 nisi

985 5143 1123 5198 virtutum
1136 5142 1307 5197 charitatis?
1318 5144 1346 5196 ct
1354 5141 1424 5214 quid
1432 5157 1484 5212 per
1494 5140 1703 5195 vestimentum
1714 5141 1822 5195 melius

985 5249 1072 5304 quam
1087 5231 1297 5286 necessitatem
1316 5232 1385 5286 boni
1407 5230 1506 5302 operis
1522 5229 1738 5300 intelligimus?
1758 5228 1822 5285 Olei

984 5336 1089 5392 nempe
1105 5323 1208 5375 natura
1220 5319 1346 5390 cunctis,
1359 5319 1468 5391 quibus
1480 5318 1673 5387 immiscetur,
1685 5316 1763 5373 solet
1773 5335 1823 5373 su·

984 5413 1139 5482 pernatare
1153 5409 1331 5481 liquoribus.
1345 5409 1380 5462 Et
1393 5407 1553 5478 Apostolus
1565 5406 1600 5460 de
1621 5405 1765 5461 charitate
1780 5406 1822 5462 lo·

984 5503 1105 5555 cuturus
1117 5516 1122 5554 :
1136 5499 1251 5567 Adhuc,
1265 5498 1368 5570 inquit,
1380 5496 1623 5552 excellentiorem
1634 5494 1720 5551 rodis
1746 5496 1822 5550 riam

984 5591 1163 5644 demonstro.
1173 5588 1208 5642 Si
1214 5587 1325 5658 linquis
1334 5582 1819 5658 tromiuurnloquaretanpelorum,

983 5682 1039 5734 ete.
1056 5678 1084 5749 (l
1103 5678 1170 5733 Cor.
1187 5694 1238 5748 xa,
1260 5678 1332 5748 nur).
1352 5676 1409 5731 Per
1424 5675 1521 5732 oleum
1536 5689 1609 5750 crgo
1624 5674 1705 5731 recte
1716 5672 1822 5734 Chari-
