<?xml version="1.0" encoding="UTF-8"?>
<!DOCTYPE html PUBLIC "-//W3C//DTD XHTML 1.0 Transitional//EN"
    "http://www.w3.org/TR/xhtml1/DTD/xhtml1-transitional.dtd">
<html xmlns="http://www.w3.org/1999/xhtml" xml:lang="en" lang="en">
 <head>
  <title>
</title>
<meta http-equiv="Content-Type" content="text/html;charset=utf-8" />
  <meta name='ocr-system' content='tesseract 3.04.00' />
  <meta name='ocr-capabilities' content='ocr_page ocr_carea ocr_par ocr_line ocrx_word'/>
</head>
<body>
  <div class='ocr_page' id='page_1' title='image "./patrologiaecurs28unkngoog_0266.png"; bbox 0 0 3796 6022; ppageno 0'>
   <div class='ocr_carea' id='block_1_1' title="bbox 40 290 1776 373">
    <p class='ocr_par' dir='ltr' id='par_1_1' title="bbox 40 290 1776 373">
     <span class='ocr_line' id='line_1_1' title="bbox 40 290 1776 373; baseline -0.003 -15"><span class='ocrx_word' id='word_1_1' title='bbox 40 294 106 358; x_wconf 79' lang='lat' dir='ltr'>eor</span> <span class='ocrx_word' id='word_1_2' title='bbox 650 290 1025 361; x_wconf 77' lang='lat' dir='ltr'>urscsumnm.·-</span> <span class='ocrx_word' id='word_1_3' title='bbox 1043 292 1128 360; x_wconf 77' lang='lat' dir='ltr'>nra.</span> <span class='ocrx_word' id='word_1_4' title='bbox 1150 298 1174 360; x_wconf 95' lang='lat'>1.</span> <span class='ocrx_word' id='word_1_5' title='bbox 1707 301 1776 373; x_wconf 79' lang='lat' dir='ltr'>one</span> 
     </span>
    </p>
   </div>
   <div class='ocr_carea' id='block_1_2' title="bbox 48 471 1778 574">
    <p class='ocr_par' dir='ltr' id='par_1_2' title="bbox 48 471 1778 574">
     <span class='ocr_line' id='line_1_2' title="bbox 48 471 1778 574; baseline 0.007 -26"><span class='ocrx_word' id='word_1_6' title='bbox 48 493 104 549; x_wconf 90' lang='lat' dir='ltr'>fuit</span> <span class='ocrx_word' id='word_1_7' title='bbox 114 495 166 551; x_wconf 93' lang='lat' dir='ltr'>ubi</span> <span class='ocrx_word' id='word_1_8' title='bbox 177 510 261 550; x_wconf 86' lang='lat' dir='ltr'>amor</span> <span class='ocrx_word' id='word_1_9' title='bbox 271 494 335 550; x_wconf 88' lang='lat' dir='ltr'>fuit.</span> <span class='ocrx_word' id='word_1_10' title='bbox 346 494 406 550; x_wconf 88' lang='lat' dir='ltr'>Sed</span> <span class='ocrx_word' id='word_1_11' title='bbox 416 492 577 565; x_wconf 85' lang='lat' dir='ltr'>quidquod</span> <span class='ocrx_word' id='word_1_12' title='bbox 592 492 698 547; x_wconf 89' lang='lat' dir='ltr'>dicitur</span> <span class='ocrx_word' id='word_1_13' title='bbox 709 506 887 564; x_wconf 74' lang='lat' dir='ltr'>precavens</span> <span class='ocrx_word' id='word_1_14' title='bbox 895 471 1087 549; x_wconf 67' lang='lat' dir='ltr'>‘&#39;A-rectione.</span> <span class='ocrx_word' id='word_1_15' title='bbox 1102 495 1293 568; x_wconf 73' lang='lat' dir='ltr'>cognovistis</span> <span class='ocrx_word' id='word_1_16' title='bbox 1308 512 1382 570; x_wconf 87' lang='lat' dir='ltr'>ergo</span> <span class='ocrx_word' id='word_1_17' title='bbox 1401 501 1432 554; x_wconf 90' lang='lat' dir='ltr'>et</span> <span class='ocrx_word' id='word_1_18' title='bbox 1442 499 1506 572; x_wconf 79' lang='lat' dir='ltr'>jam</span> <span class='ocrx_word' id='word_1_19' title='bbox 1519 510 1580 556; x_wconf 84' lang='lat' dir='ltr'>non</span> <span class='ocrx_word' id='word_1_20' title='bbox 1594 502 1778 574; x_wconf 64' lang='lat' dir='ltr'>eomeutis</span> 
     </span>
    </p>
   </div>
   <div class='ocr_carea' id='block_1_3' title="bbox 49 580 1781 1366">
    <p class='ocr_par' dir='ltr' id='par_1_3' title="bbox 49 580 1781 1366">
     <span class='ocr_line' id='line_1_3' title="bbox 49 580 1778 663; baseline 0.008 -26"><span class='ocrx_word' id='word_1_21' title='bbox 49 585 80 638; x_wconf 92' lang='lat' dir='ltr'>in</span> <span class='ocrx_word' id='word_1_22' title='bbox 92 583 244 638; x_wconf 80' lang='lat' dir='ltr'>futurum?</span> <span class='ocrx_word' id='word_1_23' title='bbox 254 583 394 655; x_wconf 88' lang='lat' dir='ltr'>Nunquid</span> <span class='ocrx_word' id='word_1_24' title='bbox 410 582 490 637; x_wconf 87' lang='lat' dir='ltr'>Deus</span> <span class='ocrx_word' id='word_1_25' title='bbox 505 581 662 652; x_wconf 73' lang='lat' dir='ltr'>anquando</span> <span class='ocrx_word' id='word_1_26' title='bbox 673 581 810 636; x_wconf 88' lang='lat' dir='ltr'>incautus</span> <span class='ocrx_word' id='word_1_27' title='bbox 821 580 885 650; x_wconf 88' lang='lat' dir='ltr'>fuit,</span> <span class='ocrx_word' id='word_1_28' title='bbox 947 583 1015 653; x_wconf 87' lang='lat' dir='ltr'>quia</span> <span class='ocrx_word' id='word_1_29' title='bbox 1029 583 1132 653; x_wconf 89' lang='lat' dir='ltr'>instat,</span> <span class='ocrx_word' id='word_1_30' title='bbox 1151 589 1181 639; x_wconf 88' lang='lat' dir='ltr'>ut</span> <span class='ocrx_word' id='word_1_31' title='bbox 1195 589 1326 641; x_wconf 86' lang='lat' dir='ltr'>transeat</span> <span class='ocrx_word' id='word_1_32' title='bbox 1340 587 1425 642; x_wconf 89' lang='lat' dir='ltr'>dolor</span> <span class='ocrx_word' id='word_1_33' title='bbox 1438 589 1604 660; x_wconf 73' lang='lat' dir='ltr'><strong>passionis,</strong></span> <span class='ocrx_word' id='word_1_34' title='bbox 1615 582 1709 663; x_wconf 64' lang='lat' dir='ltr'>¹(parem</span> <span class='ocrx_word' id='word_1_35' title='bbox 1719 604 1778 649; x_wconf 75' lang='lat' dir='ltr'>eu-</span> 
     </span>
     <span class='ocr_line' id='line_1_4' title="bbox 49 669 1777 747; baseline 0.007 -21"><span class='ocrx_word' id='word_1_36' title='bbox 49 677 81 726; x_wconf 90' lang='lat' dir='ltr'>ut</span> <span class='ocrx_word' id='word_1_37' title='bbox 92 672 205 741; x_wconf 74' lang='lat' dir='ltr'>faceret</span> <span class='ocrx_word' id='word_1_38' title='bbox 215 688 281 743; x_wconf 75' lang='lat' dir='ltr'>quae</span> <span class='ocrx_word' id='word_1_39' title='bbox 293 670 427 727; x_wconf 90' lang='lat' dir='ltr'>facienda</span> <span class='ocrx_word' id='word_1_40' title='bbox 442 687 501 725; x_wconf 92' lang='lat' dir='ltr'>non</span> <span class='ocrx_word' id='word_1_41' title='bbox 517 672 614 739; x_wconf 87' lang='lat' dir='ltr'>erant,</span> <span class='ocrx_word' id='word_1_42' title='bbox 631 671 662 724; x_wconf 90' lang='grc' dir='ltr'>ιιι</span> <span class='ocrx_word' id='word_1_43' title='bbox 674 672 778 739; x_wconf 88' lang='lat' dir='ltr'>postea</span> <span class='ocrx_word' id='word_1_44' title='bbox 789 669 888 723; x_wconf 92' lang='lat' dir='ltr'>eonsi-</span> <span class='ocrx_word' id='word_1_45' title='bbox 946 670 1086 740; x_wconf 88' lang='lat' dir='ltr'>scepistis</span> <span class='ocrx_word' id='word_1_46' title='bbox 1101 672 1132 725; x_wconf 91' lang='lat' dir='ltr'>in</span> <span class='ocrx_word' id='word_1_47' title='bbox 1153 687 1241 728; x_wconf 90' lang='lat' dir='ltr'>carne</span> <span class='ocrx_word' id='word_1_48' title='bbox 1265 676 1491 747; x_wconf 74' lang='lat' dir='ltr'>compatientes,</span> <span class='ocrx_word' id='word_1_49' title='bbox 1514 680 1544 732; x_wconf 91' lang='lat' dir='ltr'>et</span> <span class='ocrx_word' id='word_1_50' title='bbox 1557 679 1694 736; x_wconf 66' lang='lat' dir='ltr'>installat</span> <span class='ocrx_word' id='word_1_51' title='bbox 1707 694 1777 738; x_wconf 87' lang='lat' dir='ltr'>eon·</span> 
     </span>
     <span class='ocr_line' id='line_1_5' title="bbox 50 758 1777 840; baseline 0.006 -26"><span class='ocrx_word' id='word_1_52' title='bbox 50 760 160 815; x_wconf 76' lang='lat' dir='ltr'>der-ans</span> <span class='ocrx_word' id='word_1_53' title='bbox 171 777 237 831; x_wconf 82' lang='lat' dir='ltr'>quae</span> <span class='ocrx_word' id='word_1_54' title='bbox 249 777 308 816; x_wconf 90' lang='lat' dir='ltr'>nou</span> <span class='ocrx_word' id='word_1_55' title='bbox 318 761 395 815; x_wconf 89' lang='lat' dir='ltr'>bene</span> <span class='ocrx_word' id='word_1_56' title='bbox 406 760 526 829; x_wconf 91' lang='lat' dir='ltr'>fecerat,</span> <span class='ocrx_word' id='word_1_57' title='bbox 537 759 573 813; x_wconf 90' lang='lat' dir='ltr'>de</span> <span class='ocrx_word' id='word_1_58' title='bbox 585 758 671 813; x_wconf 89' lang='lat' dir='ltr'>factis</span> <span class='ocrx_word' id='word_1_59' title='bbox 682 759 847 828; x_wconf 85' lang='lat' dir='ltr'>poeniteret,</span> <span class='ocrx_word' id='word_1_60' title='bbox 861 760 890 812; x_wconf 93' lang='lat' dir='ltr'>et</span> <span class='ocrx_word' id='word_1_61' title='bbox 945 761 1110 813; x_wconf 89' lang='lat' dir='ltr'>summetur</span> <span class='ocrx_word' id='word_1_62' title='bbox 1117 761 1258 832; x_wconf 91' lang='lat' dir='ltr'>gaudium</span> <span class='ocrx_word' id='word_1_63' title='bbox 1265 765 1590 837; x_wconf 87' lang='lat' dir='ltr'>resurrectionis,quod</span> <span class='ocrx_word' id='word_1_64' title='bbox 1597 768 1777 840; x_wconf 79' lang='lat' dir='ltr'>percepistis</span> 
     </span>
     <span class='ocr_line' id='line_1_6' title="bbox 50 846 1777 928; baseline 0.007 -26"><span class='ocrx_word' id='word_1_65' title='bbox 50 848 187 903; x_wconf 88' lang='lat' dir='ltr'>facienda</span> <span class='ocrx_word' id='word_1_66' title='bbox 197 846 889 917; x_wconf 70' lang='lat' dir='ltr'>caveretisscdsciendumestquodsicutpoeni·</span> <span class='ocrx_word' id='word_1_67' title='bbox 945 846 1043 901; x_wconf 89' lang='lat' dir='ltr'>animo</span> <span class='ocrx_word' id='word_1_68' title='bbox 1058 853 1285 920; x_wconf 87' lang='lat' dir='ltr'>consurgentes.</span> <span class='ocrx_word' id='word_1_69' title='bbox 1305 851 1397 907; x_wconf 88' lang='lat' dir='ltr'>lustat</span> <span class='ocrx_word' id='word_1_70' title='bbox 1411 857 1443 908; x_wconf 94' lang='grc' dir='ltr'>ιιι</span> <span class='ocrx_word' id='word_1_71' title='bbox 1459 858 1592 909; x_wconf 83' lang='lat' dir='ltr'>transeat</span> <span class='ocrx_word' id='word_1_72' title='bbox 1604 856 1690 912; x_wconf 85' lang='lat' dir='ltr'>dolor</span> <span class='ocrx_word' id='word_1_73' title='bbox 1703 868 1777 928; x_wconf 80' lang='lat' dir='ltr'>pes-</span> 
     </span>
     <span class='ocr_line' id='line_1_7' title="bbox 50 935 1778 1017; baseline 0.006 -26"><span class='ocrx_word' id='word_1_74' title='bbox 50 939 141 992; x_wconf 88' lang='lat' dir='ltr'>tentin</span> <span class='ocrx_word' id='word_1_75' title='bbox 158 938 209 992; x_wconf 88' lang='lat' dir='ltr'>Dei</span> <span class='ocrx_word' id='word_1_76' title='bbox 225 953 283 991; x_wconf 91' lang='lat' dir='ltr'>non</span> <span class='ocrx_word' id='word_1_77' title='bbox 299 939 345 991; x_wconf 89' lang='lat' dir='ltr'>est</span> <span class='ocrx_word' id='word_1_78' title='bbox 356 939 464 990; x_wconf 86' lang='lat' dir='ltr'>mutata</span> <span class='ocrx_word' id='word_1_79' title='bbox 478 935 616 990; x_wconf 88' lang='lat' dir='ltr'>voluntas</span> <span class='ocrx_word' id='word_1_80' title='bbox 631 936 661 989; x_wconf 93' lang='lat' dir='ltr'>in</span> <span class='ocrx_word' id='word_1_81' title='bbox 676 935 888 1006; x_wconf 79' lang='lat' dir='ltr'>approbatione</span> <span class='ocrx_word' id='word_1_82' title='bbox 945 935 1052 1004; x_wconf 88' lang='lat' dir='ltr'>sionis,</span> <span class='ocrx_word' id='word_1_83' title='bbox 1067 936 1119 990; x_wconf 89' lang='lat' dir='ltr'>sed</span> <span class='ocrx_word' id='word_1_84' title='bbox 1136 951 1195 991; x_wconf 92' lang='lat' dir='ltr'>non</span> <span class='ocrx_word' id='word_1_85' title='bbox 1216 939 1307 993; x_wconf 90' lang='lat' dir='ltr'>instat</span> <span class='ocrx_word' id='word_1_86' title='bbox 1328 944 1359 994; x_wconf 92' lang='lat' dir='ltr'>ut</span> <span class='ocrx_word' id='word_1_87' title='bbox 1382 944 1512 997; x_wconf 88' lang='lat' dir='ltr'>transeat</span> <span class='ocrx_word' id='word_1_88' title='bbox 1529 942 1648 1001; x_wconf 90' lang='lat' dir='ltr'>dileetio</span> <span class='ocrx_word' id='word_1_89' title='bbox 1659 944 1778 1017; x_wconf 84' lang='lat' dir='ltr'>petien-</span> 
     </span>
     <span class='ocr_line' id='line_1_8' title="bbox 50 1022 1779 1099; baseline 0.006 -19"><span class='ocrx_word' id='word_1_90' title='bbox 50 1025 189 1095; x_wconf 85' lang='lat' dir='ltr'>faciendi,</span> <span class='ocrx_word' id='word_1_91' title='bbox 203 1025 258 1081; x_wconf 90' lang='lat' dir='ltr'>sed</span> <span class='ocrx_word' id='word_1_92' title='bbox 272 1025 344 1080; x_wconf 87' lang='lat' dir='ltr'>ordo</span> <span class='ocrx_word' id='word_1_93' title='bbox 362 1029 488 1079; x_wconf 87' lang='lat' dir='ltr'>mutatus</span> <span class='ocrx_word' id='word_1_94' title='bbox 504 1024 535 1078; x_wconf 90' lang='lat' dir='ltr'>iu</span> <span class='ocrx_word' id='word_1_95' title='bbox 550 1023 733 1078; x_wconf 87' lang='lat' dir='ltr'>institutione</span> <span class='ocrx_word' id='word_1_96' title='bbox 748 1022 827 1092; x_wconf 89' lang='lat' dir='ltr'>facti,</span> <span class='ocrx_word' id='word_1_97' title='bbox 845 1023 889 1078; x_wconf 80' lang='lat' dir='ltr'>sic</span> <span class='ocrx_word' id='word_1_98' title='bbox 944 1023 993 1078; x_wconf 89' lang='lat' dir='ltr'>tis.</span> <span class='ocrx_word' id='word_1_99' title='bbox 1011 1023 1130 1078; x_wconf 82' lang='lat' dir='ltr'>Transit</span> <span class='ocrx_word' id='word_1_100' title='bbox 1144 1041 1160 1078; x_wconf 87' lang='lat' dir='ltr'>a</span> <span class='ocrx_word' id='word_1_101' title='bbox 1175 1042 1264 1083; x_wconf 87' lang='lat' dir='ltr'>carne</span> <span class='ocrx_word' id='word_1_102' title='bbox 1279 1029 1391 1099; x_wconf 82' lang='lat' dir='ltr'>passio,</span> <span class='ocrx_word' id='word_1_103' title='bbox 1407 1031 1461 1084; x_wconf 90' lang='lat' dir='ltr'>sed</span> <span class='ocrx_word' id='word_1_104' title='bbox 1478 1032 1678 1088; x_wconf 88' lang='lat' dir='ltr'>nontraneita</span> <span class='ocrx_word' id='word_1_105' title='bbox 1688 1035 1779 1091; x_wconf 85' lang='lat' dir='ltr'>corde</span> 
     </span>
     <span class='ocr_line' id='line_1_9' title="bbox 49 1111 1779 1190; baseline 0.006 -22"><span class='ocrx_word' id='word_1_106' title='bbox 49 1115 166 1169; x_wconf 89' lang='lat' dir='ltr'>cautela</span> <span class='ocrx_word' id='word_1_107' title='bbox 181 1113 249 1185; x_wconf 80' lang='lat' dir='ltr'>ejus</span> <span class='ocrx_word' id='word_1_108' title='bbox 263 1130 323 1168; x_wconf 91' lang='lat' dir='ltr'>non</span> <span class='ocrx_word' id='word_1_109' title='bbox 339 1117 384 1169; x_wconf 86' lang='lat' dir='ltr'>est</span> <span class='ocrx_word' id='word_1_110' title='bbox 398 1112 588 1184; x_wconf 80' lang='lat' dir='ltr'>praesidentis</span> <span class='ocrx_word' id='word_1_111' title='bbox 604 1112 818 1182; x_wconf 87' lang='lat' dir='ltr'>circumpectu,</span> <span class='ocrx_word' id='word_1_112' title='bbox 835 1112 889 1166; x_wconf 89' lang='lat' dir='ltr'>scd</span> <span class='ocrx_word' id='word_1_113' title='bbox 945 1111 1073 1167; x_wconf 91' lang='lat' dir='ltr'>dilectio.</span> <span class='ocrx_word' id='word_1_114' title='bbox 1090 1113 1159 1168; x_wconf 86' lang='lat' dir='ltr'>ldeo</span> <span class='ocrx_word' id='word_1_115' title='bbox 1174 1114 1335 1172; x_wconf 87' lang='lat' dir='ltr'>fascienlus</span> <span class='ocrx_word' id='word_1_116' title='bbox 1348 1119 1482 1190; x_wconf 80' lang='lat' dir='ltr'>myrrheo</span> <span class='ocrx_word' id='word_1_117' title='bbox 1496 1120 1578 1176; x_wconf 84' lang='lat' dir='ltr'>inter</span> <span class='ocrx_word' id='word_1_118' title='bbox 1593 1122 1685 1179; x_wconf 79' lang='lat' dir='ltr'>ubere</span> <span class='ocrx_word' id='word_1_119' title='bbox 1698 1138 1779 1181; x_wconf 87' lang='lat' dir='ltr'>oom-</span> 
     </span>
     <span class='ocr_line' id='line_1_10' title="bbox 50 1200 1781 1280; baseline 0.007 -23"><span class='ocrx_word' id='word_1_120' title='bbox 50 1202 257 1276; x_wconf 82' lang='lat' dir='ltr'>subjectorum</span> <span class='ocrx_word' id='word_1_121' title='bbox 274 1204 428 1258; x_wconf 88' lang='lat' dir='ltr'>correctio.</span> <span class='ocrx_word' id='word_1_122' title='bbox 446 1201 522 1256; x_wconf 90' lang='lat' dir='ltr'>Nam</span> <span class='ocrx_word' id='word_1_123' title='bbox 540 1202 571 1256; x_wconf 92' lang='lat' dir='ltr'>in</span> <span class='ocrx_word' id='word_1_124' title='bbox 591 1201 667 1256; x_wconf 89' lang='lat' dir='ltr'>malo</span> <span class='ocrx_word' id='word_1_125' title='bbox 685 1200 820 1256; x_wconf 86' lang='lat' dir='ltr'>faciendo</span> <span class='ocrx_word' id='word_1_126' title='bbox 832 1204 890 1254; x_wconf 90' lang='lat' dir='ltr'>tam</span> <span class='ocrx_word' id='word_1_127' title='bbox 945 1200 1113 1255; x_wconf 78' lang='lat' dir='ltr'>morabitur</span> <span class='ocrx_word' id='word_1_128' title='bbox 1127 1201 1226 1271; x_wconf 86' lang='lat' dir='ltr'>(Cant.</span> <span class='ocrx_word' id='word_1_129' title='bbox 1248 1204 1279 1276; x_wconf 89' lang='grc' dir='ltr'>ι).</span> <span class='ocrx_word' id='word_1_130' title='bbox 1304 1205 1347 1259; x_wconf 95' lang='lat' dir='ltr'>lbi</span> <span class='ocrx_word' id='word_1_131' title='bbox 1372 1207 1450 1260; x_wconf 89' lang='lat' dir='ltr'>enim</span> <span class='ocrx_word' id='word_1_132' title='bbox 1471 1210 1518 1262; x_wconf 89' lang='lat' dir='ltr'>est</span> <span class='ocrx_word' id='word_1_133' title='bbox 1532 1223 1602 1280; x_wconf 69' lang='grc' dir='ltr'>σοι,</span> <span class='ocrx_word' id='word_1_134' title='bbox 1617 1213 1648 1266; x_wconf 89' lang='lat' dir='ltr'>et</span> <span class='ocrx_word' id='word_1_135' title='bbox 1661 1211 1781 1268; x_wconf 80' lang='lat' dir='ltr'>ubi-cor</span> 
     </span>
     <span class='ocr_line' id='line_1_11' title="bbox 51 1288 1781 1366; baseline 0.007 -21"><span class='ocrx_word' id='word_1_136' title='bbox 51 1294 137 1345; x_wconf 84' lang='lat' dir='ltr'>cavet</span> <span class='ocrx_word' id='word_1_137' title='bbox 152 1292 202 1362; x_wconf 91' lang='lat' dir='ltr'>qui</span> <span class='ocrx_word' id='word_1_138' title='bbox 219 1295 309 1345; x_wconf 90' lang='lat' dir='ltr'>terret</span> <span class='ocrx_word' id='word_1_139' title='bbox 323 1307 361 1345; x_wconf 90' lang='lat' dir='ltr'>ne</span> <span class='ocrx_word' id='word_1_140' title='bbox 384 1291 448 1360; x_wconf 86' lang='lat' dir='ltr'>frat,</span> <span class='ocrx_word' id='word_1_141' title='bbox 472 1306 560 1362; x_wconf 89' lang='lat' dir='ltr'>quam</span> <span class='ocrx_word' id='word_1_142' title='bbox 575 1292 626 1361; x_wconf 91' lang='lat' dir='ltr'>qui</span> <span class='ocrx_word' id='word_1_143' title='bbox 642 1291 723 1345; x_wconf 89' lang='lat' dir='ltr'>timet</span> <span class='ocrx_word' id='word_1_144' title='bbox 739 1305 775 1345; x_wconf 90' lang='lat' dir='ltr'>ne</span> <span class='ocrx_word' id='word_1_145' title='bbox 791 1289 888 1345; x_wconf 86' lang='lat' dir='ltr'>faciat.</span> <span class='ocrx_word' id='word_1_146' title='bbox 945 1289 986 1344; x_wconf 93' lang='lat' dir='ltr'>ibi</span> <span class='ocrx_word' id='word_1_147' title='bbox 1002 1288 1120 1345; x_wconf 88' lang='lat' dir='ltr'>dilectio</span> <span class='ocrx_word' id='word_1_148' title='bbox 1135 1294 1200 1346; x_wconf 89' lang='lat' dir='ltr'>est:</span> <span class='ocrx_word' id='word_1_149' title='bbox 1217 1295 1246 1346; x_wconf 93' lang='lat' dir='ltr'>et</span> <span class='ocrx_word' id='word_1_150' title='bbox 1260 1293 1311 1347; x_wconf 94' lang='lat' dir='ltr'>ubi</span> <span class='ocrx_word' id='word_1_151' title='bbox 1325 1293 1443 1350; x_wconf 88' lang='lat' dir='ltr'>dilectio</span> <span class='ocrx_word' id='word_1_152' title='bbox 1460 1300 1515 1366; x_wconf 89' lang='lat' dir='ltr'>est,</span> <span class='ocrx_word' id='word_1_153' title='bbox 1531 1296 1573 1352; x_wconf 90' lang='lat' dir='ltr'>ibi</span> <span class='ocrx_word' id='word_1_154' title='bbox 1586 1298 1687 1355; x_wconf 84' lang='lat' dir='ltr'>dilecti</span> <span class='ocrx_word' id='word_1_155' title='bbox 1699 1314 1781 1357; x_wconf 81' lang='lat' dir='ltr'>mau-</span> 
     </span>
    </p>
   </div>
   <div class='ocr_carea' id='block_1_4' title="bbox 50 1376 1782 1549">
    <p class='ocr_par' dir='ltr' id='par_1_4' title="bbox 50 1376 1782 1549">
     <span class='ocr_line' id='line_1_12' title="bbox 50 1376 1780 1524; baseline -0.001 -38"><span class='ocrx_word' id='word_1_156' title='bbox 50 1434 114 1489; x_wconf 84' lang='lat' dir='ltr'>Trr.</span> <span class='ocrx_word' id='word_1_157' title='bbox 133 1433 207 1488; x_wconf 85' lang='lat' dir='ltr'>XCl.</span> <span class='ocrx_word' id='word_1_158' title='bbox 226 1456 237 1481; x_wconf 74' lang='lat' dir='ltr'>v</span> <span class='ocrx_word' id='word_1_159' title='bbox 255 1433 364 1488; x_wconf 79' lang='lat' dir='ltr'>Eride</span> <span class='ocrx_word' id='word_1_160' title='bbox 376 1439 459 1488; x_wconf 89' lang='lat' dir='ltr'>terra</span> <span class='ocrx_word' id='word_1_161' title='bbox 471 1440 519 1488; x_wconf 90' lang='lat' dir='ltr'>tua</span> <span class='ocrx_word' id='word_1_162' title='bbox 530 1439 560 1488; x_wconf 86' lang='lat' dir='ltr'>et</span> <span class='ocrx_word' id='word_1_163' title='bbox 570 1431 608 1487; x_wconf 80' lang='lat' dir='ltr'>ric</span> <span class='ocrx_word' id='word_1_164' title='bbox 618 1432 792 1504; x_wconf 81' lang='lat' dir='ltr'>cognatione</span> <span class='ocrx_word' id='word_1_165' title='bbox 803 1438 861 1487; x_wconf 89' lang='lat' dir='ltr'>tua.</span> <span class='ocrx_word' id='word_1_166' title='bbox 876 1455 886 1481; x_wconf 77' lang='lat' dir='ltr'>v</span> <span class='ocrx_word' id='word_1_167' title='bbox 945 1378 1064 1520; x_wconf 39' lang='lat' dir='ltr'>aaz&amp;</span> <span class='ocrx_word' id='word_1_168' title='bbox 1077 1376 1362 1524; x_wconf 40' lang='lat' dir='ltr'>ggzigslffinfmssm’</span> <span class='ocrx_word' id='word_1_169' title='bbox 1377 1383 1429 1454; x_wconf 58' lang='lat' dir='ltr'>qni</span> <span class='ocrx_word' id='word_1_170' title='bbox 1444 1399 1556 1485; x_wconf 57' lang='lat' dir='ltr'>⁸p⁰nf³⁸</span> <span class='ocrx_word' id='word_1_171' title='bbox 1570 1385 1780 1485; x_wconf 43' lang='lat' dir='ltr'>(mmm</span> 
     </span>
     <span class='ocr_line' id='line_1_13' title="bbox 1055 1470 1782 1549; baseline 0.011 -24"><span class='ocrx_word' id='word_1_172' title='bbox 1055 1507 1062 1536; x_wconf 87' lang='lat'>,</span> <span class='ocrx_word' id='word_1_173' title='bbox 1307 1470 1406 1541; x_wconf 73' lang='lat' dir='ltr'>prrhaa</span> <span class='ocrx_word' id='word_1_174' title='bbox 1429 1471 1545 1529; x_wconf 82' lang='lat' dir='ltr'>habetis</span> <span class='ocrx_word' id='word_1_175' title='bbox 1566 1473 1782 1549; x_wconf 82' lang='lat' dir='ltr'>Christnrbpa·</span> 
     </span>
    </p>
   </div>
   <div class='ocr_carea' id='block_1_5' title="bbox 48 1521 1877 5647">
    <p class='ocr_par' dir='ltr' id='par_1_5' title="bbox 48 1521 1877 5647">
     <span class='ocr_line' id='line_1_14' title="bbox 320 1521 1781 1638; baseline 0.01 -30"><span class='ocrx_word' id='word_1_176' title='bbox 320 1522 427 1577; x_wconf 56' lang='lat' dir='ltr'><strong><em>serm</em></strong></span> <span class='ocrx_word' id='word_1_177' title='bbox 444 1522 481 1576; x_wconf 57' lang='lat' dir='ltr'>m!</span> <span class='ocrx_word' id='word_1_178' title='bbox 495 1521 620 1576; x_wconf 54' lang='lat' dir='ltr'>mm·</span> <span class='ocrx_word' id='word_1_179' title='bbox 944 1553 1075 1624; x_wconf 89' lang='lat' dir='ltr'>tientem,</span> <span class='ocrx_word' id='word_1_180' title='bbox 1093 1558 1122 1610; x_wconf 91' lang='lat' dir='ltr'>et</span> <span class='ocrx_word' id='word_1_181' title='bbox 1135 1555 1252 1612; x_wconf 88' lang='lat' dir='ltr'>botrum</span> <span class='ocrx_word' id='word_1_182' title='bbox 1273 1560 1372 1630; x_wconf 67' lang='lat' dir='ltr'>cyperi</span> <span class='ocrx_word' id='word_1_183' title='bbox 1392 1557 1544 1617; x_wconf 87' lang='lat' dir='ltr'>Christum</span> <span class='ocrx_word' id='word_1_184' title='bbox 1561 1567 1781 1638; x_wconf 80' lang='lat' dir='ltr'>resurgentem.</span> 
     </span>
     <span class='ocr_line' id='line_1_15' title="bbox 87 1642 1783 1725; baseline 0.005 -24"><span class='ocrx_word' id='word_1_185' title='bbox 87 1646 151 1701; x_wconf 83' lang='lat' dir='ltr'>Eri</span> <span class='ocrx_word' id='word_1_186' title='bbox 161 1646 199 1701; x_wconf 87' lang='lat' dir='ltr'>de</span> <span class='ocrx_word' id='word_1_187' title='bbox 209 1651 292 1701; x_wconf 89' lang='lat' dir='ltr'>terra</span> <span class='ocrx_word' id='word_1_188' title='bbox 304 1651 362 1716; x_wconf 88' lang='lat' dir='ltr'>lua,</span> <span class='ocrx_word' id='word_1_189' title='bbox 377 1653 406 1701; x_wconf 87' lang='lat' dir='ltr'>et</span> <span class='ocrx_word' id='word_1_190' title='bbox 417 1647 454 1702; x_wconf 89' lang='lat' dir='ltr'>dc</span> <span class='ocrx_word' id='word_1_191' title='bbox 466 1646 640 1718; x_wconf 75' lang='lat' dir='ltr'>capitatione</span> <span class='ocrx_word' id='word_1_192' title='bbox 652 1650 710 1715; x_wconf 87' lang='lat' dir='ltr'>lua,</span> <span class='ocrx_word' id='word_1_193' title='bbox 721 1650 750 1700; x_wconf 86' lang='lat' dir='ltr'>ct</span> <span class='ocrx_word' id='word_1_194' title='bbox 761 1645 891 1700; x_wconf 87' lang='lat' dir='ltr'>dedomo</span> <span class='ocrx_word' id='word_1_195' title='bbox 946 1642 1107 1713; x_wconf 80' lang='lat' dir='ltr'>Propterea</span> <span class='ocrx_word' id='word_1_196' title='bbox 1121 1659 1198 1715; x_wconf 89' lang='lat' dir='ltr'>opus</span> <span class='ocrx_word' id='word_1_197' title='bbox 1211 1661 1271 1701; x_wconf 90' lang='lat' dir='ltr'>uon</span> <span class='ocrx_word' id='word_1_198' title='bbox 1293 1647 1409 1703; x_wconf 88' lang='lat' dir='ltr'>habetis</span> <span class='ocrx_word' id='word_1_199' title='bbox 1435 1648 1536 1705; x_wconf 87' lang='lat' dir='ltr'>doceri</span> <span class='ocrx_word' id='word_1_200' title='bbox 1557 1650 1594 1707; x_wconf 86' lang='lat' dir='ltr'>de</span> <span class='ocrx_word' id='word_1_201' title='bbox 1608 1653 1685 1725; x_wconf 78' lang='lat' dir='ltr'>ipso,</span> <span class='ocrx_word' id='word_1_202' title='bbox 1702 1653 1783 1709; x_wconf 84' lang='lat' dir='ltr'>deuii</span> 
     </span>
     <span class='ocr_line' id='line_1_16' title="bbox 48 1731 1782 1809; baseline 0.003 -18"><span class='ocrx_word' id='word_1_203' title='bbox 48 1735 151 1809; x_wconf 85' lang='lat' dir='ltr'>putris</span> <span class='ocrx_word' id='word_1_204' title='bbox 163 1736 214 1802; x_wconf 88' lang='lat' dir='ltr'>tui,</span> <span class='ocrx_word' id='word_1_205' title='bbox 225 1741 255 1789; x_wconf 86' lang='lat' dir='ltr'>et</span> <span class='ocrx_word' id='word_1_206' title='bbox 268 1736 337 1791; x_wconf 88' lang='lat' dir='ltr'>veni</span> <span class='ocrx_word' id='word_1_207' title='bbox 346 1736 377 1789; x_wconf 93' lang='lat' dir='ltr'>in</span> <span class='ocrx_word' id='word_1_208' title='bbox 390 1740 502 1789; x_wconf 87' lang='lat' dir='ltr'>terrem</span> <span class='ocrx_word' id='word_1_209' title='bbox 514 1750 597 1807; x_wconf 83' lang='lat' dir='ltr'>quam</span> <span class='ocrx_word' id='word_1_210' title='bbox 608 1739 817 1789; x_wconf 75' lang='lat' dir='ltr'>monstravero</span> <span class='ocrx_word' id='word_1_211' title='bbox 833 1733 890 1789; x_wconf 87' lang='lat' dir='ltr'>tibi</span> <span class='ocrx_word' id='word_1_212' title='bbox 946 1731 983 1787; x_wconf 88' lang='lat' dir='ltr'>ab</span> <span class='ocrx_word' id='word_1_213' title='bbox 1000 1732 1076 1803; x_wconf 88' lang='lat' dir='ltr'>ipso,</span> <span class='ocrx_word' id='word_1_214' title='bbox 1096 1735 1166 1805; x_wconf 87' lang='lat' dir='ltr'>quia</span> <span class='ocrx_word' id='word_1_215' title='bbox 1186 1736 1284 1790; x_wconf 87' lang='lat' dir='ltr'>unctio</span> <span class='ocrx_word' id='word_1_216' title='bbox 1308 1736 1373 1808; x_wconf 81' lang='lat' dir='ltr'>ejus</span> <span class='ocrx_word' id='word_1_217' title='bbox 1395 1736 1481 1792; x_wconf 85' lang='lat' dir='ltr'>docet</span> <span class='ocrx_word' id='word_1_218' title='bbox 1507 1755 1559 1795; x_wconf 87' lang='lat' dir='ltr'>vos</span> <span class='ocrx_word' id='word_1_219' title='bbox 1582 1739 1621 1796; x_wconf 81' lang='lat' dir='ltr'>de</span> <span class='ocrx_word' id='word_1_220' title='bbox 1645 1741 1782 1799; x_wconf 74' lang='lat' dir='ltr'>omnibus</span> 
     </span>
     <span class='ocr_line' id='line_1_17' title="bbox 52 1779 1784 1899; baseline 0.005 -20"><span class='ocrx_word' id='word_1_221' title='bbox 52 1824 141 1893; x_wconf 85' lang='lat' dir='ltr'>(Gon.</span> <span class='ocrx_word' id='word_1_222' title='bbox 158 1826 221 1894; x_wconf 79' lang='lat' dir='ltr'>ru).</span> <span class='ocrx_word' id='word_1_223' title='bbox 245 1822 332 1894; x_wconf 88' lang='lat' dir='ltr'>Quia,</span> <span class='ocrx_word' id='word_1_224' title='bbox 359 1824 482 1896; x_wconf 78' lang='lat' dir='ltr'>fratrea,</span> <span class='ocrx_word' id='word_1_225' title='bbox 508 1823 673 1879; x_wconf 85' lang='lat' dir='ltr'>scientibus</span> <span class='ocrx_word' id='word_1_226' title='bbox 695 1823 773 1878; x_wconf 88' lang='lat' dir='ltr'>anim</span> <span class='ocrx_word' id='word_1_227' title='bbox 792 1823 890 1896; x_wconf 89' lang='lat' dir='ltr'>legem</span> <span class='ocrx_word' id='word_1_228' title='bbox 905 1779 931 1842; x_wconf 75' lang='lat' dir='ltr'>B</span> <span class='ocrx_word' id='word_1_229' title='bbox 948 1820 977 1890; x_wconf 92' lang='lat' dir='ltr'>(I</span> <span class='ocrx_word' id='word_1_230' title='bbox 988 1821 1070 1876; x_wconf 77' lang='lat' dir='ltr'>Joan.</span> <span class='ocrx_word' id='word_1_231' title='bbox 1089 1824 1130 1893; x_wconf 92' lang='grc' dir='ltr'>ιι),</span> <span class='ocrx_word' id='word_1_232' title='bbox 1147 1825 1176 1878; x_wconf 86' lang='grc' dir='ltr'>ει</span> <span class='ocrx_word' id='word_1_233' title='bbox 1190 1824 1315 1879; x_wconf 90' lang='lat' dir='ltr'>verbum</span> <span class='ocrx_word' id='word_1_234' title='bbox 1329 1825 1440 1896; x_wconf 88' lang='lat' dir='ltr'>ipsius,</span> <span class='ocrx_word' id='word_1_235' title='bbox 1461 1828 1541 1899; x_wconf 90' lang='lat' dir='ltr'>quod</span> <span class='ocrx_word' id='word_1_236' title='bbox 1555 1832 1642 1885; x_wconf 85' lang='lat' dir='ltr'>sonat</span> <span class='ocrx_word' id='word_1_237' title='bbox 1655 1829 1687 1887; x_wconf 85' lang='lat' dir='ltr'>in</span> <span class='ocrx_word' id='word_1_238' title='bbox 1700 1829 1784 1887; x_wconf 81' lang='lat' dir='ltr'>euri·</span> 
     </span>
     <span class='ocr_line' id='line_1_18' title="bbox 53 1910 1613 1984; baseline 0.003 -16"><span class='ocrx_word' id='word_1_239' title='bbox 53 1913 107 1968; x_wconf 87' lang='lat' dir='ltr'>Dei</span> <span class='ocrx_word' id='word_1_240' title='bbox 130 1913 289 1984; x_wconf 90' lang='lat' dir='ltr'>loquimur,</span> <span class='ocrx_word' id='word_1_241' title='bbox 314 1928 414 1968; x_wconf 88' lang='lat' dir='ltr'>sermo</span> <span class='ocrx_word' id='word_1_242' title='bbox 438 1916 540 1968; x_wconf 87' lang='lat' dir='ltr'>noster</span> <span class='ocrx_word' id='word_1_243' title='bbox 561 1911 598 1966; x_wconf 89' lang='lat' dir='ltr'>ad</span> <span class='ocrx_word' id='word_1_244' title='bbox 613 1927 669 1967; x_wconf 93' lang='lat' dir='ltr'>vos</span> <span class='ocrx_word' id='word_1_245' title='bbox 684 1911 817 1967; x_wconf 87' lang='lat' dir='ltr'>doctrina</span> <span class='ocrx_word' id='word_1_246' title='bbox 831 1928 890 1967; x_wconf 93' lang='lat' dir='ltr'>non</span> <span class='ocrx_word' id='word_1_247' title='bbox 947 1910 1005 1965; x_wconf 90' lang='lat' dir='ltr'>bus</span> <span class='ocrx_word' id='word_1_248' title='bbox 1020 1911 1141 1981; x_wconf 85' lang='lat' dir='ltr'>vestris,</span> <span class='ocrx_word' id='word_1_249' title='bbox 1158 1914 1187 1966; x_wconf 87' lang='lat' dir='ltr'>et</span> <span class='ocrx_word' id='word_1_250' title='bbox 1200 1913 1277 1983; x_wconf 89' lang='lat' dir='ltr'>sapit</span> <span class='ocrx_word' id='word_1_251' title='bbox 1291 1913 1320 1968; x_wconf 92' lang='lat' dir='ltr'>in</span> <span class='ocrx_word' id='word_1_252' title='bbox 1336 1914 1478 1970; x_wconf 86' lang='lat' dir='ltr'>cordibus</span> <span class='ocrx_word' id='word_1_253' title='bbox 1492 1917 1613 1972; x_wconf 89' lang='lat' dir='ltr'>vestris.</span> 
     </span>
     <span class='ocr_line' id='line_1_19' title="bbox 52 1999 1784 2074; baseline 0.003 -17"><span class='ocrx_word' id='word_1_254' title='bbox 52 2007 118 2074; x_wconf 88' lang='grc' dir='ltr'>εει,</span> <span class='ocrx_word' id='word_1_255' title='bbox 147 2001 201 2056; x_wconf 88' lang='lat' dir='ltr'>sed</span> <span class='ocrx_word' id='word_1_256' title='bbox 222 2001 398 2057; x_wconf 82' lang='lat' dir='ltr'>exhortatio.</span> <span class='ocrx_word' id='word_1_257' title='bbox 416 2001 478 2056; x_wconf 90' lang='lat' dir='ltr'>Vos</span> <span class='ocrx_word' id='word_1_258' title='bbox 493 2002 570 2056; x_wconf 88' lang='lat' dir='ltr'>enim</span> <span class='ocrx_word' id='word_1_259' title='bbox 586 2002 755 2073; x_wconf 88' lang='lat' dir='ltr'>Scripturas</span> <span class='ocrx_word' id='word_1_260' title='bbox 779 2002 890 2070; x_wconf 87' lang='lat' dir='ltr'>nostis,</span> <span class='ocrx_word' id='word_1_261' title='bbox 983 1999 1049 2054; x_wconf 91' lang='lat' dir='ltr'>Non</span> <span class='ocrx_word' id='word_1_262' title='bbox 1065 1999 1156 2071; x_wconf 89' lang='lat' dir='ltr'>igitur</span> <span class='ocrx_word' id='word_1_263' title='bbox 1169 2001 1261 2056; x_wconf 90' lang='lat' dir='ltr'>verba</span> <span class='ocrx_word' id='word_1_264' title='bbox 1280 2006 1383 2058; x_wconf 90' lang='lat' dir='ltr'>uestra</span> <span class='ocrx_word' id='word_1_265' title='bbox 1406 2003 1443 2058; x_wconf 92' lang='lat' dir='ltr'>ad</span> <span class='ocrx_word' id='word_1_266' title='bbox 1466 2003 1629 2060; x_wconf 87' lang='lat' dir='ltr'>doctrinam</span> <span class='ocrx_word' id='word_1_267' title='bbox 1651 2006 1784 2063; x_wconf 62' lang='lat' dir='ltr'>nomm</span> 
     </span>
     <span class='ocr_line' id='line_1_20' title="bbox 52 2087 1786 2162; baseline 0.003 -17"><span class='ocrx_word' id='word_1_268' title='bbox 52 2094 81 2147; x_wconf 87' lang='lat' dir='ltr'>ct</span> <span class='ocrx_word' id='word_1_269' title='bbox 96 2091 236 2145; x_wconf 89' lang='lat' dir='ltr'>virtutem</span> <span class='ocrx_word' id='word_1_270' title='bbox 258 2106 369 2145; x_wconf 88' lang='lat' dir='ltr'>earum.</span> <span class='ocrx_word' id='word_1_271' title='bbox 394 2091 495 2145; x_wconf 88' lang='lat' dir='ltr'>Virtus</span> <span class='ocrx_word' id='word_1_272' title='bbox 519 2092 597 2145; x_wconf 89' lang='lat' dir='ltr'>enim</span> <span class='ocrx_word' id='word_1_273' title='bbox 611 2089 696 2144; x_wconf 90' lang='lat' dir='ltr'>verbi</span> <span class='ocrx_word' id='word_1_274' title='bbox 711 2089 893 2160; x_wconf 84' lang='lat' dir='ltr'>experientia</span> <span class='ocrx_word' id='word_1_275' title='bbox 948 2087 1115 2157; x_wconf 80' lang='lat' dir='ltr'>sufiiciunt,</span> <span class='ocrx_word' id='word_1_276' title='bbox 1141 2089 1196 2143; x_wconf 86' lang='lat' dir='ltr'>sed</span> <span class='ocrx_word' id='word_1_277' title='bbox 1214 2090 1340 2146; x_wconf 87' lang='lat' dir='ltr'>verbum</span> <span class='ocrx_word' id='word_1_278' title='bbox 1354 2091 1450 2162; x_wconf 89' lang='lat' dir='ltr'>ipsius</span> <span class='ocrx_word' id='word_1_279' title='bbox 1463 2106 1518 2162; x_wconf 86' lang='lat' dir='ltr'>per</span> <span class='ocrx_word' id='word_1_280' title='bbox 1531 2108 1588 2149; x_wconf 90' lang='lat' dir='ltr'>nos</span> <span class='ocrx_word' id='word_1_281' title='bbox 1601 2095 1734 2151; x_wconf 84' lang='lat' dir='ltr'>trauseat</span> <span class='ocrx_word' id='word_1_282' title='bbox 1747 2093 1786 2150; x_wconf 81' lang='lat' dir='ltr'>ad</span> 
     </span>
     <span class='ocr_line' id='line_1_21' title="bbox 52 2176 1780 2256; baseline 0.003 -21"><span class='ocrx_word' id='word_1_283' title='bbox 52 2183 99 2235; x_wconf 89' lang='lat' dir='ltr'>est</span> <span class='ocrx_word' id='word_1_284' title='bbox 114 2181 168 2249; x_wconf 92' lang='lat' dir='ltr'>rei,</span> <span class='ocrx_word' id='word_1_285' title='bbox 185 2183 213 2235; x_wconf 87' lang='lat' dir='ltr'>et</span> <span class='ocrx_word' id='word_1_286' title='bbox 228 2179 360 2234; x_wconf 84' lang='lat' dir='ltr'>efficacia</span> <span class='ocrx_word' id='word_1_287' title='bbox 377 2179 525 2235; x_wconf 87' lang='lat' dir='ltr'>sermonis</span> <span class='ocrx_word' id='word_1_288' title='bbox 541 2178 685 2233; x_wconf 84' lang='lat' dir='ltr'>exhibitio</span> <span class='ocrx_word' id='word_1_289' title='bbox 701 2179 814 2249; x_wconf 90' lang='lat' dir='ltr'>operis.</span> <span class='ocrx_word' id='word_1_290' title='bbox 831 2178 893 2233; x_wconf 81' lang='lat' dir='ltr'>Vos</span> <span class='ocrx_word' id='word_1_291' title='bbox 948 2190 1013 2247; x_wconf 92' lang='lat' dir='ltr'>vos,</span> <span class='ocrx_word' id='word_1_292' title='bbox 1029 2178 1060 2231; x_wconf 91' lang='lat' dir='ltr'>ut</span> <span class='ocrx_word' id='word_1_293' title='bbox 1070 2176 1167 2246; x_wconf 91' lang='lat' dir='ltr'>ipsius</span> <span class='ocrx_word' id='word_1_294' title='bbox 1176 2179 1271 2249; x_wconf 89' lang='lat' dir='ltr'>gratia</span> <span class='ocrx_word' id='word_1_295' title='bbox 1281 2195 1297 2233; x_wconf 91' lang='lat' dir='ltr'>a</span> <span class='ocrx_word' id='word_1_296' title='bbox 1308 2180 1395 2235; x_wconf 92' lang='lat' dir='ltr'>vobis</span> <span class='ocrx_word' id='word_1_297' title='bbox 1406 2181 1551 2236; x_wconf 88' lang='lat' dir='ltr'>redundet</span> <span class='ocrx_word' id='word_1_298' title='bbox 1561 2196 1656 2256; x_wconf 77' lang='lat' dir='ltr'>usqtoe</span> <span class='ocrx_word' id='word_1_299' title='bbox 1666 2182 1703 2239; x_wconf 87' lang='lat' dir='ltr'>ad</span> <span class='ocrx_word' id='word_1_300' title='bbox 1713 2196 1780 2239; x_wconf 84' lang='lat' dir='ltr'>uos.</span> 
     </span>
     <span class='ocr_line' id='line_1_22' title="bbox 53 2264 1784 2344; baseline 0.004 -22"><span class='ocrx_word' id='word_1_301' title='bbox 53 2270 146 2340; x_wconf 90' lang='lat' dir='ltr'>igitur</span> <span class='ocrx_word' id='word_1_302' title='bbox 155 2285 216 2324; x_wconf 90' lang='lat' dir='ltr'>non</span> <span class='ocrx_word' id='word_1_303' title='bbox 226 2270 333 2325; x_wconf 87' lang='lat' dir='ltr'>erratis</span> <span class='ocrx_word' id='word_1_304' title='bbox 349 2269 518 2325; x_wconf 82' lang='lat' dir='ltr'>nescientes</span> <span class='ocrx_word' id='word_1_305' title='bbox 534 2267 714 2339; x_wconf 85' lang='lat' dir='ltr'>Scripturas,</span> <span class='ocrx_word' id='word_1_306' title='bbox 727 2282 823 2338; x_wconf 91' lang='lat' dir='ltr'>neque</span> <span class='ocrx_word' id='word_1_307' title='bbox 834 2267 893 2321; x_wconf 91' lang='lat' dir='ltr'>vir·</span> <span class='ocrx_word' id='word_1_308' title='bbox 949 2264 1013 2319; x_wconf 87' lang='lat' dir='ltr'>Hoc</span> <span class='ocrx_word' id='word_1_309' title='bbox 1027 2265 1107 2319; x_wconf 86' lang='lat' dir='ltr'>enim</span> <span class='ocrx_word' id='word_1_310' title='bbox 1122 2268 1169 2320; x_wconf 90' lang='lat' dir='ltr'>ast</span> <span class='ocrx_word' id='word_1_311' title='bbox 1188 2267 1313 2322; x_wconf 84' lang='lat' dir='ltr'>verbum</span> <span class='ocrx_word' id='word_1_312' title='bbox 1337 2268 1405 2340; x_wconf 74' lang='lat' dir='ltr'>ejus</span> <span class='ocrx_word' id='word_1_313' title='bbox 1428 2270 1464 2324; x_wconf 91' lang='lat' dir='ltr'>ad</span> <span class='ocrx_word' id='word_1_314' title='bbox 1487 2285 1553 2342; x_wconf 89' lang='lat' dir='ltr'>vos,</span> <span class='ocrx_word' id='word_1_315' title='bbox 1576 2272 1784 2344; x_wconf 83' lang='lat' dir='ltr'>quod-dictum</span> 
     </span>
     <span class='ocr_line' id='line_1_23' title="bbox 55 2356 1783 2429; baseline 0.003 -18"><span class='ocrx_word' id='word_1_316' title='bbox 55 2361 146 2413; x_wconf 91' lang='lat' dir='ltr'>tutem</span> <span class='ocrx_word' id='word_1_317' title='bbox 162 2374 273 2413; x_wconf 91' lang='lat' dir='ltr'>earum.</span> <span class='ocrx_word' id='word_1_318' title='bbox 289 2358 459 2428; x_wconf 86' lang='lat' dir='ltr'>Scripturas</span> <span class='ocrx_word' id='word_1_319' title='bbox 478 2357 557 2412; x_wconf 89' lang='lat' dir='ltr'>enim</span> <span class='ocrx_word' id='word_1_320' title='bbox 579 2357 675 2412; x_wconf 90' lang='lat' dir='ltr'>nostis</span> <span class='ocrx_word' id='word_1_321' title='bbox 696 2371 749 2427; x_wconf 89' lang='lat' dir='ltr'>per</span> <span class='ocrx_word' id='word_1_322' title='bbox 763 2356 893 2411; x_wconf 91' lang='lat' dir='ltr'>studium</span> <span class='ocrx_word' id='word_1_323' title='bbox 948 2356 995 2408; x_wconf 88' lang='lat' dir='ltr'>est</span> <span class='ocrx_word' id='word_1_324' title='bbox 1007 2358 1127 2425; x_wconf 90' lang='lat' dir='ltr'>propter</span> <span class='ocrx_word' id='word_1_325' title='bbox 1142 2370 1215 2411; x_wconf 90' lang='lat' dir='ltr'>vos:</span> <span class='ocrx_word' id='word_1_326' title='bbox 1240 2356 1303 2411; x_wconf 80' lang='lat' dir='ltr'>Eri</span> <span class='ocrx_word' id='word_1_327' title='bbox 1324 2357 1362 2412; x_wconf 83' lang='lat' dir='ltr'>de</span> <span class='ocrx_word' id='word_1_328' title='bbox 1383 2365 1466 2413; x_wconf 90' lang='lat' dir='ltr'>terra</span> <span class='ocrx_word' id='word_1_329' title='bbox 1483 2365 1542 2429; x_wconf 88' lang='lat' dir='ltr'>tua,</span> <span class='ocrx_word' id='word_1_330' title='bbox 1559 2361 1615 2415; x_wconf 88' lang='lat' dir='ltr'>etc.</span> <span class='ocrx_word' id='word_1_331' title='bbox 1631 2359 1698 2415; x_wconf 72' lang='lat' dir='ltr'>lam</span> <span class='ocrx_word' id='word_1_332' title='bbox 1712 2359 1783 2417; x_wconf 89' lang='lat' dir='ltr'>olim</span> 
     </span>
     <span class='ocr_line' id='line_1_24' title="bbox 54 2443 1785 2520; baseline 0.003 -20"><span class='ocrx_word' id='word_1_333' title='bbox 54 2446 213 2518; x_wconf 81' lang='lat' dir='ltr'>lectionis3</span> <span class='ocrx_word' id='word_1_334' title='bbox 240 2449 379 2502; x_wconf 87' lang='lat' dir='ltr'>virtutem</span> <span class='ocrx_word' id='word_1_335' title='bbox 395 2462 496 2502; x_wconf 90' lang='lat' dir='ltr'>carum</span> <span class='ocrx_word' id='word_1_336' title='bbox 510 2462 565 2517; x_wconf 90' lang='lat' dir='ltr'>per</span> <span class='ocrx_word' id='word_1_337' title='bbox 580 2446 767 2517; x_wconf 88' lang='lat' dir='ltr'>disciplinam</span> <span class='ocrx_word' id='word_1_338' title='bbox 782 2444 893 2516; x_wconf 88' lang='lat' dir='ltr'>operis.</span> <span class='ocrx_word' id='word_1_339' title='bbox 949 2443 1059 2498; x_wconf 85' lang='lat' dir='ltr'>dictum</span> <span class='ocrx_word' id='word_1_340' title='bbox 1074 2446 1146 2515; x_wconf 87' lang='lat' dir='ltr'>erat,</span> <span class='ocrx_word' id='word_1_341' title='bbox 1162 2448 1191 2499; x_wconf 89' lang='lat' dir='ltr'>et</span> <span class='ocrx_word' id='word_1_342' title='bbox 1205 2445 1298 2500; x_wconf 91' lang='lat' dir='ltr'>voluit</span> <span class='ocrx_word' id='word_1_343' title='bbox 1317 2447 1382 2517; x_wconf 89' lang='lat' dir='ltr'>ipse</span> <span class='ocrx_word' id='word_1_344' title='bbox 1403 2448 1491 2503; x_wconf 90' lang='lat' dir='ltr'>vobis</span> <span class='ocrx_word' id='word_1_345' title='bbox 1506 2448 1565 2503; x_wconf 89' lang='lat' dir='ltr'>dici</span> <span class='ocrx_word' id='word_1_346' title='bbox 1579 2449 1660 2520; x_wconf 88' lang='lat' dir='ltr'>quod</span> <span class='ocrx_word' id='word_1_347' title='bbox 1673 2448 1785 2506; x_wconf 87' lang='lat' dir='ltr'>dictum</span> 
     </span>
     <span class='ocr_line' id='line_1_25' title="bbox 55 2533 1824 2611; baseline 0.003 -20"><span class='ocrx_word' id='word_1_348' title='bbox 55 2536 226 2606; x_wconf 85' lang='lat' dir='ltr'>Scripturas</span> <span class='ocrx_word' id='word_1_349' title='bbox 242 2538 348 2607; x_wconf 90' lang='lat' dir='ltr'>nostis,</span> <span class='ocrx_word' id='word_1_350' title='bbox 364 2536 510 2592; x_wconf 86' lang='lat' dir='ltr'>audiendo</span> <span class='ocrx_word' id='word_1_351' title='bbox 531 2536 683 2590; x_wconf 80' lang='lat' dir='ltr'>Christum</span> <span class='ocrx_word' id='word_1_352' title='bbox 704 2535 893 2606; x_wconf 75' lang='lat' dir='ltr'>loquentem3</span> <span class='ocrx_word' id='word_1_353' title='bbox 949 2536 1021 2604; x_wconf 88' lang='lat' dir='ltr'>erat,</span> <span class='ocrx_word' id='word_1_354' title='bbox 1037 2538 1069 2587; x_wconf 92' lang='lat' dir='ltr'>ut</span> <span class='ocrx_word' id='word_1_355' title='bbox 1082 2533 1185 2588; x_wconf 90' lang='lat' dir='ltr'>sciatis</span> <span class='ocrx_word' id='word_1_356' title='bbox 1202 2534 1303 2606; x_wconf 90' lang='lat' dir='ltr'>etiam,</span> <span class='ocrx_word' id='word_1_357' title='bbox 1328 2535 1384 2590; x_wconf 91' lang='lat' dir='ltr'>hoc</span> <span class='ocrx_word' id='word_1_358' title='bbox 1406 2537 1442 2590; x_wconf 87' lang='lat' dir='ltr'>ad</span> <span class='ocrx_word' id='word_1_359' title='bbox 1466 2551 1522 2592; x_wconf 89' lang='lat' dir='ltr'>vos</span> <span class='ocrx_word' id='word_1_360' title='bbox 1543 2538 1691 2608; x_wconf 82' lang='lat' dir='ltr'>pertinere</span> <span class='ocrx_word' id='word_1_361' title='bbox 1705 2535 1787 2611; x_wconf 84' lang='lat' dir='ltr'>quod</span> <span class='ocrx_word' id='word_1_362' title='bbox 1820 2592 1824 2597; x_wconf 84' lang='lat'>.</span> 
     </span>
     <span class='ocr_line' id='line_1_26' title="bbox 55 2622 1877 2699; baseline 0.003 -22"><span class='ocrx_word' id='word_1_363' title='bbox 55 2625 195 2680; x_wconf 88' lang='lat' dir='ltr'>virtutem</span> <span class='ocrx_word' id='word_1_364' title='bbox 210 2641 321 2695; x_wconf 88' lang='lat' dir='ltr'>earum,</span> <span class='ocrx_word' id='word_1_365' title='bbox 338 2625 477 2681; x_wconf 88' lang='lat' dir='ltr'>imitando</span> <span class='ocrx_word' id='word_1_366' title='bbox 493 2625 658 2680; x_wconf 77' lang='lat' dir='ltr'>facientem.</span> <span class='ocrx_word' id='word_1_367' title='bbox 676 2625 708 2678; x_wconf 95' lang='lat' dir='ltr'>ln</span> <span class='ocrx_word' id='word_1_368' title='bbox 724 2625 811 2679; x_wconf 89' lang='lat' dir='ltr'>dictis</span> <span class='ocrx_word' id='word_1_369' title='bbox 827 2624 895 2696; x_wconf 86' lang='lat' dir='ltr'>ejus</span> <span class='ocrx_word' id='word_1_370' title='bbox 950 2622 1061 2676; x_wconf 89' lang='lat' dir='ltr'>dictum</span> <span class='ocrx_word' id='word_1_371' title='bbox 1074 2626 1129 2678; x_wconf 89' lang='lat' dir='ltr'>est.</span> <span class='ocrx_word' id='word_1_372' title='bbox 1147 2623 1217 2678; x_wconf 81' lang='lat' dir='ltr'>Erat</span> <span class='ocrx_word' id='word_1_373' title='bbox 1231 2624 1435 2696; x_wconf 88' lang='lat' dir='ltr'>quidemunus</span> <span class='ocrx_word' id='word_1_374' title='bbox 1446 2629 1527 2698; x_wconf 90' lang='lat' dir='ltr'>tunc,</span> <span class='ocrx_word' id='word_1_375' title='bbox 1539 2628 1588 2682; x_wconf 90' lang='lat' dir='ltr'>cui</span> <span class='ocrx_word' id='word_1_376' title='bbox 1598 2627 1709 2683; x_wconf 87' lang='lat' dir='ltr'>dictum</span> <span class='ocrx_word' id='word_1_377' title='bbox 1719 2629 1787 2699; x_wconf 76' lang='lat' dir='ltr'>est3</span> <span class='ocrx_word' id='word_1_378' title='bbox 1873 2656 1877 2661; x_wconf 91' lang='lat'><strong>·</strong></span> 
     </span>
     <span class='ocr_line' id='line_1_27' title="bbox 57 2708 1789 2788; baseline 0.003 -21"><span class='ocrx_word' id='word_1_379' title='bbox 57 2713 216 2768; x_wconf 87' lang='lat' dir='ltr'>invenistis</span> <span class='ocrx_word' id='word_1_380' title='bbox 245 2713 459 2786; x_wconf 84' lang='lat' dir='ltr'>intelligentian</span> <span class='ocrx_word' id='word_1_381' title='bbox 487 2714 726 2784; x_wconf 79' lang='lat' dir='ltr'>Scripturarum3</span> <span class='ocrx_word' id='word_1_382' title='bbox 752 2714 782 2768; x_wconf 94' lang='lat' dir='ltr'>in</span> <span class='ocrx_word' id='word_1_383' title='bbox 807 2713 894 2767; x_wconf 86' lang='lat' dir='ltr'>factis</span> <span class='ocrx_word' id='word_1_384' title='bbox 950 2711 1004 2765; x_wconf 87' lang='lat' dir='ltr'>sed</span> <span class='ocrx_word' id='word_1_385' title='bbox 1019 2710 1069 2765; x_wconf 87' lang='lat' dir='ltr'>ille</span> <span class='ocrx_word' id='word_1_386' title='bbox 1080 2712 1216 2767; x_wconf 88' lang='lat' dir='ltr'>adunam</span> <span class='ocrx_word' id='word_1_387' title='bbox 1232 2713 1308 2768; x_wconf 85' lang='lat' dir='ltr'>hanc</span> <span class='ocrx_word' id='word_1_388' title='bbox 1323 2715 1502 2787; x_wconf 86' lang='lat' dir='ltr'>pertinebat,</span> <span class='ocrx_word' id='word_1_389' title='bbox 1517 2716 1548 2770; x_wconf 95' lang='lat' dir='ltr'>in</span> <span class='ocrx_word' id='word_1_390' title='bbox 1563 2708 1789 2788; x_wconf 79' lang='lat' dir='ltr'>quavosuuum</span> 
     </span>
     <span class='ocr_line' id='line_1_28' title="bbox 57 2800 1790 2877; baseline 0.002 -20"><span class='ocrx_word' id='word_1_391' title='bbox 57 2801 127 2873; x_wconf 85' lang='lat' dir='ltr'>ejus</span> <span class='ocrx_word' id='word_1_392' title='bbox 141 2803 280 2857; x_wconf 85' lang='lat' dir='ltr'>virtutem</span> <span class='ocrx_word' id='word_1_393' title='bbox 295 2818 406 2857; x_wconf 88' lang='lat' dir='ltr'>earum.</span> <span class='ocrx_word' id='word_1_394' title='bbox 419 2803 523 2857; x_wconf 89' lang='lat' dir='ltr'>Nostis</span> <span class='ocrx_word' id='word_1_395' title='bbox 534 2818 607 2875; x_wconf 86' lang='lat' dir='ltr'>ergo</span> <span class='ocrx_word' id='word_1_396' title='bbox 618 2803 770 2857; x_wconf 85' lang='lat' dir='ltr'>Christum</span> <span class='ocrx_word' id='word_1_397' title='bbox 781 2817 841 2857; x_wconf 90' lang='lat' dir='ltr'>non</span> <span class='ocrx_word' id='word_1_398' title='bbox 851 2816 898 2857; x_wconf 91' lang='lat' dir='ltr'>so·</span> <span class='ocrx_word' id='word_1_399' title='bbox 950 2801 1024 2855; x_wconf 89' lang='lat' dir='ltr'>estis</span> <span class='ocrx_word' id='word_1_400' title='bbox 1036 2800 1071 2854; x_wconf 90' lang='lat' dir='ltr'>de</span> <span class='ocrx_word' id='word_1_401' title='bbox 1080 2815 1137 2871; x_wconf 88' lang='lat' dir='ltr'>qua</span> <span class='ocrx_word' id='word_1_402' title='bbox 1146 2802 1358 2872; x_wconf 88' lang='lat' dir='ltr'>scriptumest:</span> <span class='ocrx_word' id='word_1_403' title='bbox 1375 2804 1438 2858; x_wconf 86' lang='lat' dir='ltr'>Una</span> <span class='ocrx_word' id='word_1_404' title='bbox 1447 2805 1594 2860; x_wconf 87' lang='lat' dir='ltr'>estamiea</span> <span class='ocrx_word' id='word_1_405' title='bbox 1603 2804 1790 2877; x_wconf 60' lang='lat' dir='ltr'>maccolum·</span> 
     </span>
     <span class='ocr_line' id='line_1_29' title="bbox 57 2889 1788 2964; baseline 0.003 -18"><span class='ocrx_word' id='word_1_406' title='bbox 57 2891 120 2946; x_wconf 89' lang='lat' dir='ltr'>lum</span> <span class='ocrx_word' id='word_1_407' title='bbox 139 2893 301 2964; x_wconf 89' lang='lat' dir='ltr'>audiendo,</span> <span class='ocrx_word' id='word_1_408' title='bbox 328 2892 381 2946; x_wconf 87' lang='lat' dir='ltr'>scd</span> <span class='ocrx_word' id='word_1_409' title='bbox 403 2893 494 2946; x_wconf 91' lang='lat' dir='ltr'>etiam</span> <span class='ocrx_word' id='word_1_410' title='bbox 509 2892 700 2963; x_wconf 85' lang='lat' dir='ltr'>experiendo.</span> <span class='ocrx_word' id='word_1_411' title='bbox 717 2891 821 2947; x_wconf 91' lang='lat' dir='ltr'>Nostis</span> <span class='ocrx_word' id='word_1_412' title='bbox 837 2906 897 2946; x_wconf 91' lang='lat' dir='ltr'>non</span> <span class='ocrx_word' id='word_1_413' title='bbox 950 2890 987 2945; x_wconf 87' lang='lat' dir='ltr'>ba</span> <span class='ocrx_word' id='word_1_414' title='bbox 998 2905 1072 2957; x_wconf 85' lang='lat' dir='ltr'>mea,</span> <span class='ocrx_word' id='word_1_415' title='bbox 1083 2889 1221 2961; x_wconf 82' lang='lat' dir='ltr'>perfecta</span> <span class='ocrx_word' id='word_1_416' title='bbox 1236 2908 1300 2946; x_wconf 88' lang='lat' dir='ltr'>mea</span> <span class='ocrx_word' id='word_1_417' title='bbox 1316 2891 1471 2964; x_wconf 81' lang='lat' dir='ltr'>(Cautvr).</span> <span class='ocrx_word' id='word_1_418' title='bbox 1487 2893 1522 2947; x_wconf 77' lang='lat' dir='ltr'>st</span> <span class='ocrx_word' id='word_1_419' title='bbox 1533 2893 1581 2948; x_wconf 91' lang='lat' dir='ltr'>ille</span> <span class='ocrx_word' id='word_1_420' title='bbox 1591 2896 1662 2950; x_wconf 91' lang='lat' dir='ltr'>tunc</span> <span class='ocrx_word' id='word_1_421' title='bbox 1672 2894 1788 2951; x_wconf 86' lang='lat' dir='ltr'>alienus</span> 
     </span>
     <span class='ocr_line' id='line_1_30' title="bbox 58 2979 1787 3055; baseline 0.001 -19"><span class='ocrx_word' id='word_1_422' title='bbox 58 2981 158 3037; x_wconf 87' lang='lat' dir='ltr'>solum</span> <span class='ocrx_word' id='word_1_423' title='bbox 188 2981 352 3036; x_wconf 87' lang='lat' dir='ltr'>secundum</span> <span class='ocrx_word' id='word_1_424' title='bbox 378 2996 513 3053; x_wconf 90' lang='lat' dir='ltr'>carnem,</span> <span class='ocrx_word' id='word_1_425' title='bbox 542 2982 597 3036; x_wconf 91' lang='lat' dir='ltr'>sed</span> <span class='ocrx_word' id='word_1_426' title='bbox 621 2982 708 3036; x_wconf 89' lang='lat' dir='ltr'>etiam</span> <span class='ocrx_word' id='word_1_427' title='bbox 732 2981 897 3036; x_wconf 90' lang='lat' dir='ltr'>secundum</span> <span class='ocrx_word' id='word_1_428' title='bbox 951 2982 1022 3051; x_wconf 91' lang='lat' dir='ltr'>erat,</span> <span class='ocrx_word' id='word_1_429' title='bbox 1036 2980 1127 3050; x_wconf 90' lang='lat' dir='ltr'>quiin</span> <span class='ocrx_word' id='word_1_430' title='bbox 1138 2979 1233 3034; x_wconf 91' lang='lat' dir='ltr'>alieno</span> <span class='ocrx_word' id='word_1_431' title='bbox 1244 2984 1316 3051; x_wconf 90' lang='lat' dir='ltr'>erat,</span> <span class='ocrx_word' id='word_1_432' title='bbox 1326 2983 1488 3037; x_wconf 88' lang='lat' dir='ltr'>etvocatus</span> <span class='ocrx_word' id='word_1_433' title='bbox 1499 2984 1554 3050; x_wconf 89' lang='lat' dir='ltr'>cst,</span> <span class='ocrx_word' id='word_1_434' title='bbox 1565 2982 1673 3039; x_wconf 89' lang='lat' dir='ltr'>utinde</span> <span class='ocrx_word' id='word_1_435' title='bbox 1683 2984 1787 3055; x_wconf 87' lang='lat' dir='ltr'>exiret,</span> 
     </span>
     <span class='ocr_line' id='line_1_31' title="bbox 57 3068 1789 3165; baseline 0.001 -39"><span class='ocrx_word' id='word_1_436' title='bbox 57 3070 256 3143; x_wconf 82' lang='lat' dir='ltr'>majestatem.</span> <span class='ocrx_word' id='word_1_437' title='bbox 279 3071 320 3124; x_wconf 83' lang='lat' dir='ltr'>Et</span> <span class='ocrx_word' id='word_1_438' title='bbox 341 3072 370 3124; x_wconf 89' lang='lat' dir='ltr'>si</span> <span class='ocrx_word' id='word_1_439' title='bbox 391 3072 596 3143; x_wconf 72' lang='lat' dir='ltr'>cognovimus,</span> <span class='ocrx_word' id='word_1_440' title='bbox 612 3071 706 3142; x_wconf 90' lang='lat' dir='ltr'>inquit</span> <span class='ocrx_word' id='word_1_441' title='bbox 722 3068 895 3141; x_wconf 81' lang='lat' dir='ltr'>Apostolus,</span> <span class='ocrx_word' id='word_1_442' title='bbox 913 3071 981 3165; x_wconf 70' lang='lat' dir='ltr'>cet</span> <span class='ocrx_word' id='word_1_443' title='bbox 1002 3068 1158 3138; x_wconf 90' lang='lat' dir='ltr'>proximus</span> <span class='ocrx_word' id='word_1_444' title='bbox 1182 3069 1265 3124; x_wconf 89' lang='lat' dir='ltr'>tieret</span> <span class='ocrx_word' id='word_1_445' title='bbox 1285 3072 1314 3124; x_wconf 90' lang='lat' dir='ltr'>et</span> <span class='ocrx_word' id='word_1_446' title='bbox 1329 3070 1455 3125; x_wconf 88' lang='lat' dir='ltr'>dilectus</span> <span class='ocrx_word' id='word_1_447' title='bbox 1471 3074 1499 3125; x_wconf 91' lang='lat' dir='ltr'>ot</span> <span class='ocrx_word' id='word_1_448' title='bbox 1512 3072 1637 3126; x_wconf 88' lang='lat' dir='ltr'>amicus.</span> <span class='ocrx_word' id='word_1_449' title='bbox 1654 3070 1707 3127; x_wconf 91' lang='lat' dir='ltr'>llle</span> <span class='ocrx_word' id='word_1_450' title='bbox 1720 3070 1789 3143; x_wconf 88' lang='lat' dir='ltr'>qui-</span> 
     </span>
     <span class='ocr_line' id='line_1_32' title="bbox 59 3155 1789 3231; baseline -0.001 -16"><span class='ocrx_word' id='word_1_451' title='bbox 59 3159 215 3216; x_wconf 88' lang='lat' dir='ltr'>Christmn</span> <span class='ocrx_word' id='word_1_452' title='bbox 241 3159 400 3214; x_wconf 83' lang='lat' dir='ltr'>secundum</span> <span class='ocrx_word' id='word_1_453' title='bbox 430 3175 564 3227; x_wconf 86' lang='lat' dir='ltr'>carnem,</span> <span class='ocrx_word' id='word_1_454' title='bbox 585 3159 648 3231; x_wconf 80' lang='lat' dir='ltr'>jam</span> <span class='ocrx_word' id='word_1_455' title='bbox 676 3175 732 3214; x_wconf 89' lang='lat' dir='ltr'>non</span> <span class='ocrx_word' id='word_1_456' title='bbox 761 3159 897 3213; x_wconf 88' lang='lat' dir='ltr'>novimus</span> <span class='ocrx_word' id='word_1_457' title='bbox 953 3155 1095 3226; x_wconf 87' lang='lat' dir='ltr'>domjam</span> <span class='ocrx_word' id='word_1_458' title='bbox 1109 3159 1171 3211; x_wconf 91' lang='lat' dir='ltr'>tum</span> <span class='ocrx_word' id='word_1_459' title='bbox 1186 3157 1400 3231; x_wconf 89' lang='lat' dir='ltr'>dilectuserat,</span> <span class='ocrx_word' id='word_1_460' title='bbox 1417 3159 1485 3231; x_wconf 85' lang='lat' dir='ltr'>quin</span> <span class='ocrx_word' id='word_1_461' title='bbox 1500 3158 1789 3231; x_wconf 84' lang='lat' dir='ltr'>diligebatur,aquo</span> 
     </span>
     <span class='ocr_line' id='line_1_33' title="bbox 58 3244 1790 3321; baseline 0.001 -19"><span class='ocrx_word' id='word_1_462' title='bbox 58 3249 96 3318; x_wconf 85' lang='lat' dir='ltr'>(ll</span> <span class='ocrx_word' id='word_1_463' title='bbox 115 3248 185 3304; x_wconf 87' lang='lat' dir='ltr'>Cor.</span> <span class='ocrx_word' id='word_1_464' title='bbox 201 3250 240 3320; x_wconf 90' lang='lat' dir='ltr'>v).</span> <span class='ocrx_word' id='word_1_465' title='bbox 258 3249 290 3302; x_wconf 94' lang='lat' dir='ltr'>ln</span> <span class='ocrx_word' id='word_1_466' title='bbox 304 3251 429 3320; x_wconf 89' lang='lat' dir='ltr'>utroquo</span> <span class='ocrx_word' id='word_1_467' title='bbox 445 3249 560 3319; x_wconf 82' lang='lat' dir='ltr'>experti</span> <span class='ocrx_word' id='word_1_468' title='bbox 583 3248 656 3303; x_wconf 89' lang='lat' dir='ltr'>estis</span> <span class='ocrx_word' id='word_1_469' title='bbox 677 3248 845 3318; x_wconf 86' lang='lat' dir='ltr'>Christum,</span> <span class='ocrx_word' id='word_1_470' title='bbox 869 3247 897 3301; x_wconf 90' lang='grc' dir='ltr'>ει</span> <span class='ocrx_word' id='word_1_471' title='bbox 953 3244 1131 3316; x_wconf 67' lang='lat' dir='ltr'>vocabatur,</span> <span class='ocrx_word' id='word_1_472' title='bbox 1148 3247 1202 3301; x_wconf 92' lang='lat' dir='ltr'>sed</span> <span class='ocrx_word' id='word_1_473' title='bbox 1217 3247 1330 3303; x_wconf 90' lang='lat' dir='ltr'>amicus</span> <span class='ocrx_word' id='word_1_474' title='bbox 1349 3263 1409 3303; x_wconf 91' lang='lat' dir='ltr'>non</span> <span class='ocrx_word' id='word_1_475' title='bbox 1428 3249 1504 3318; x_wconf 89' lang='lat' dir='ltr'>erat,</span> <span class='ocrx_word' id='word_1_476' title='bbox 1521 3248 1590 3319; x_wconf 86' lang='lat' dir='ltr'>quia</span> <span class='ocrx_word' id='word_1_477' title='bbox 1605 3261 1665 3303; x_wconf 86' lang='lat' dir='ltr'>non</span> <span class='ocrx_word' id='word_1_478' title='bbox 1680 3246 1790 3321; x_wconf 85' lang='lat' dir='ltr'>dilige·</span> 
     </span>
     <span class='ocr_line' id='line_1_34' title="bbox 59 3322 1790 3411; baseline -0.001 -18"><span class='ocrx_word' id='word_1_479' title='bbox 59 3338 158 3394; x_wconf 87' lang='lat' dir='ltr'>nostis</span> <span class='ocrx_word' id='word_1_480' title='bbox 181 3337 332 3393; x_wconf 87' lang='lat' dir='ltr'>Christum</span> <span class='ocrx_word' id='word_1_481' title='bbox 353 3338 519 3393; x_wconf 85' lang='lat' dir='ltr'>secundum</span> <span class='ocrx_word' id='word_1_482' title='bbox 544 3353 662 3393; x_wconf 87' lang='lat' dir='ltr'>carnem</span> <span class='ocrx_word' id='word_1_483' title='bbox 685 3341 713 3392; x_wconf 87' lang='lat' dir='ltr'>et</span> <span class='ocrx_word' id='word_1_484' title='bbox 733 3335 898 3391; x_wconf 89' lang='lat' dir='ltr'>secundum</span> <span class='ocrx_word' id='word_1_485' title='bbox 952 3333 1012 3404; x_wconf 90' lang='lat' dir='ltr'>bat,</span> <span class='ocrx_word' id='word_1_486' title='bbox 1028 3349 1117 3405; x_wconf 88' lang='lat' dir='ltr'>quem</span> <span class='ocrx_word' id='word_1_487' title='bbox 1132 3350 1191 3390; x_wconf 91' lang='lat' dir='ltr'>non</span> <span class='ocrx_word' id='word_1_488' title='bbox 1207 3336 1417 3408; x_wconf 89' lang='lat' dir='ltr'>cognoscebat.</span> <span class='ocrx_word' id='word_1_489' title='bbox 1435 3336 1471 3391; x_wconf 83' lang='lat' dir='ltr'>Et</span> <span class='ocrx_word' id='word_1_490' title='bbox 1485 3322 1555 3392; x_wconf 75' lang='lat' dir='ltr'>idco&#39;</span> <span class='ocrx_word' id='word_1_491' title='bbox 1567 3351 1626 3392; x_wconf 90' lang='lat' dir='ltr'>non</span> <span class='ocrx_word' id='word_1_492' title='bbox 1642 3336 1790 3411; x_wconf 86' lang='lat' dir='ltr'>diligeba·</span> 
     </span>
     <span class='ocr_line' id='line_1_35' title="bbox 58 3423 1790 3501; baseline 0 -19"><span class='ocrx_word' id='word_1_493' title='bbox 58 3426 257 3499; x_wconf 78' lang='lat' dir='ltr'>majestatem.</span> <span class='ocrx_word' id='word_1_494' title='bbox 273 3427 350 3482; x_wconf 91' lang='lat' dir='ltr'>Olim</span> <span class='ocrx_word' id='word_1_495' title='bbox 366 3427 551 3501; x_wconf 78' lang='lat' dir='ltr'>cognovistis</span> <span class='ocrx_word' id='word_1_496' title='bbox 566 3425 716 3481; x_wconf 88' lang='lat' dir='ltr'>Christum</span> <span class='ocrx_word' id='word_1_497' title='bbox 732 3426 898 3481; x_wconf 85' lang='lat' dir='ltr'>secundum</span> <span class='ocrx_word' id='word_1_498' title='bbox 953 3426 1011 3493; x_wconf 89' lang='lat' dir='ltr'>tur,</span> <span class='ocrx_word' id='word_1_499' title='bbox 1028 3423 1107 3494; x_wconf 90' lang='lat' dir='ltr'>quod</span> <span class='ocrx_word' id='word_1_500' title='bbox 1121 3428 1183 3478; x_wconf 89' lang='lat' dir='ltr'>erat</span> <span class='ocrx_word' id='word_1_501' title='bbox 1197 3425 1329 3497; x_wconf 89' lang='lat' dir='ltr'>alicnus,</span> <span class='ocrx_word' id='word_1_502' title='bbox 1346 3426 1402 3481; x_wconf 89' lang='lat' dir='ltr'>sed</span> <span class='ocrx_word' id='word_1_503' title='bbox 1418 3426 1497 3497; x_wconf 91' lang='lat' dir='ltr'>quod</span> <span class='ocrx_word' id='word_1_504' title='bbox 1513 3426 1631 3482; x_wconf 83' lang='lat' dir='ltr'>futurus</span> <span class='ocrx_word' id='word_1_505' title='bbox 1646 3430 1709 3482; x_wconf 89' lang='lat' dir='ltr'>erat</span> <span class='ocrx_word' id='word_1_506' title='bbox 1721 3441 1790 3499; x_wconf 89' lang='lat' dir='ltr'>pro·</span> 
     </span>
     <span class='ocr_line' id='line_1_36' title="bbox 60 3512 1791 3589; baseline 0 -17"><span class='ocrx_word' id='word_1_507' title='bbox 60 3532 202 3588; x_wconf 72' lang='lat' dir='ltr'>minem,</span> <span class='ocrx_word' id='word_1_508' title='bbox 231 3533 309 3572; x_wconf 91' lang='lat' dir='ltr'>nunc</span> <span class='ocrx_word' id='word_1_509' title='bbox 338 3517 523 3589; x_wconf 78' lang='lat' dir='ltr'>cognoscitis</span> <span class='ocrx_word' id='word_1_510' title='bbox 552 3516 703 3570; x_wconf 90' lang='lat' dir='ltr'>Christum</span> <span class='ocrx_word' id='word_1_511' title='bbox 735 3515 899 3570; x_wconf 90' lang='lat' dir='ltr'>secundum</span> <span class='ocrx_word' id='word_1_512' title='bbox 954 3512 1053 3566; x_wconf 78' lang='grc' dir='ltr'>ιιιιιιιιε</span> <span class='ocrx_word' id='word_1_513' title='bbox 1069 3513 1235 3569; x_wconf 89' lang='lat' dir='ltr'>etamicus.</span> <span class='ocrx_word' id='word_1_514' title='bbox 1253 3513 1322 3568; x_wconf 82' lang='lat' dir='ltr'>Erat</span> <span class='ocrx_word' id='word_1_515' title='bbox 1341 3515 1421 3570; x_wconf 89' lang='lat' dir='ltr'>enim</span> <span class='ocrx_word' id='word_1_516' title='bbox 1439 3518 1509 3571; x_wconf 89' lang='lat' dir='ltr'>tunc</span> <span class='ocrx_word' id='word_1_517' title='bbox 1532 3516 1562 3571; x_wconf 91' lang='lat' dir='ltr'>in</span> <span class='ocrx_word' id='word_1_518' title='bbox 1577 3515 1620 3571; x_wconf 91' lang='lat' dir='ltr'>Ur</span> <span class='ocrx_word' id='word_1_519' title='bbox 1634 3514 1791 3572; x_wconf 78' lang='lat' dir='ltr'>Chaldaeo·</span> 
     </span>
     <span class='ocr_line' id='line_1_37' title="bbox 59 3601 1793 3679; baseline -0.001 -18"><span class='ocrx_word' id='word_1_520' title='bbox 59 3606 259 3678; x_wconf 77' lang='lat' dir='ltr'>majestatem.</span> <span class='ocrx_word' id='word_1_521' title='bbox 276 3605 414 3661; x_wconf 89' lang='lat' dir='ltr'>Christus</span> <span class='ocrx_word' id='word_1_522' title='bbox 437 3606 601 3661; x_wconf 90' lang='lat' dir='ltr'>secuudum</span> <span class='ocrx_word' id='word_1_523' title='bbox 617 3620 735 3660; x_wconf 86' lang='lat' dir='ltr'>carnem</span> <span class='ocrx_word' id='word_1_524' title='bbox 751 3607 797 3660; x_wconf 88' lang='lat' dir='ltr'>cst</span> <span class='ocrx_word' id='word_1_525' title='bbox 811 3604 899 3659; x_wconf 89' lang='lat' dir='ltr'>Chri·</span> <span class='ocrx_word' id='word_1_526' title='bbox 955 3615 1041 3670; x_wconf 79' lang='lat' dir='ltr'>rum3</span> <span class='ocrx_word' id='word_1_527' title='bbox 1057 3601 1087 3654; x_wconf 96' lang='lat' dir='ltr'>in</span> <span class='ocrx_word' id='word_1_528' title='bbox 1103 3601 1173 3673; x_wconf 89' lang='lat' dir='ltr'>igne</span> <span class='ocrx_word' id='word_1_529' title='bbox 1183 3602 1359 3659; x_wconf 87' lang='lat' dir='ltr'>videlicetet</span> <span class='ocrx_word' id='word_1_530' title='bbox 1369 3604 1507 3660; x_wconf 90' lang='lat' dir='ltr'>incendio</span> <span class='ocrx_word' id='word_1_531' title='bbox 1518 3604 1701 3679; x_wconf 80' lang='lat' dir='ltr'>daemonum3</span> <span class='ocrx_word' id='word_1_532' title='bbox 1712 3604 1793 3677; x_wconf 89' lang='lat' dir='ltr'>qued</span> 
     </span>
     <span class='ocr_line' id='line_1_38' title="bbox 61 3691 1793 3766; baseline -0.002 -16"><span class='ocrx_word' id='word_1_533' title='bbox 61 3700 130 3750; x_wconf 76' lang='lat' dir='ltr'>stus</span> <span class='ocrx_word' id='word_1_534' title='bbox 158 3695 189 3749; x_wconf 90' lang='lat' dir='ltr'>in</span> <span class='ocrx_word' id='word_1_535' title='bbox 217 3696 368 3766; x_wconf 86' lang='lat' dir='ltr'>passione.</span> <span class='ocrx_word' id='word_1_536' title='bbox 400 3695 537 3750; x_wconf 90' lang='lat' dir='ltr'>Christus</span> <span class='ocrx_word' id='word_1_537' title='bbox 566 3694 731 3750; x_wconf 88' lang='lat' dir='ltr'>secundum</span> <span class='ocrx_word' id='word_1_538' title='bbox 758 3692 900 3765; x_wconf 82' lang='lat' dir='ltr'>majesta·</span> <span class='ocrx_word' id='word_1_539' title='bbox 956 3695 1003 3746; x_wconf 89' lang='lat' dir='ltr'>est</span> <span class='ocrx_word' id='word_1_540' title='bbox 1017 3691 1259 3761; x_wconf 88' lang='lat' dir='ltr'>coucupiscentia</span> <span class='ocrx_word' id='word_1_541' title='bbox 1273 3695 1302 3747; x_wconf 91' lang='lat' dir='ltr'>et</span> <span class='ocrx_word' id='word_1_542' title='bbox 1316 3692 1471 3749; x_wconf 84' lang='lat' dir='ltr'>delectatio</span> <span class='ocrx_word' id='word_1_543' title='bbox 1486 3697 1683 3750; x_wconf 83' lang='lat' dir='ltr'>terrenorum.</span> <span class='ocrx_word' id='word_1_544' title='bbox 1699 3691 1793 3765; x_wconf 75' lang='lat' dir='ltr'>utip-</span> 
     </span>
     <span class='ocr_line' id='line_1_39' title="bbox 61 3779 1817 3855; baseline -0.002 -16"><span class='ocrx_word' id='word_1_545' title='bbox 61 3787 123 3839; x_wconf 90' lang='lat' dir='ltr'>tem</span> <span class='ocrx_word' id='word_1_546' title='bbox 152 3786 199 3839; x_wconf 86' lang='grc' dir='ltr'>εει</span> <span class='ocrx_word' id='word_1_547' title='bbox 222 3784 360 3839; x_wconf 85' lang='lat' dir='ltr'>Christus</span> <span class='ocrx_word' id='word_1_548' title='bbox 385 3785 415 3838; x_wconf 91' lang='lat' dir='ltr'>in</span> <span class='ocrx_word' id='word_1_549' title='bbox 439 3784 669 3838; x_wconf 88' lang='lat' dir='ltr'>resurrectione.</span> <span class='ocrx_word' id='word_1_550' title='bbox 695 3782 846 3838; x_wconf 88' lang='lat' dir='ltr'>Christum</span> <span class='ocrx_word' id='word_1_551' title='bbox 870 3782 901 3836; x_wconf 93' lang='lat' dir='ltr'>in</span> <span class='ocrx_word' id='word_1_552' title='bbox 956 3797 1024 3834; x_wconf 88' lang='lat' dir='ltr'>sum</span> <span class='ocrx_word' id='word_1_553' title='bbox 1038 3779 1208 3834; x_wconf 89' lang='lat' dir='ltr'>incendium</span> <span class='ocrx_word' id='word_1_554' title='bbox 1218 3780 1388 3837; x_wconf 89' lang='lat' dir='ltr'>fuscaverat</span> <span class='ocrx_word' id='word_1_555' title='bbox 1397 3782 1490 3853; x_wconf 88' lang='lat' dir='ltr'>illum,</span> <span class='ocrx_word' id='word_1_556' title='bbox 1502 3785 1531 3837; x_wconf 88' lang='lat' dir='ltr'>at</span> <span class='ocrx_word' id='word_1_557' title='bbox 1540 3782 1660 3854; x_wconf 85' lang='lat' dir='ltr'>nigrum</span> <span class='ocrx_word' id='word_1_558' title='bbox 1670 3780 1792 3855; x_wconf 88' lang='lat' dir='ltr'>fecerat,</span> <span class='ocrx_word' id='word_1_559' title='bbox 1815 3804 1817 3809; x_wconf 95' lang='lat'><em>·</em></span> 
     </span>
     <span class='ocr_line' id='line_1_40' title="bbox 64 3868 1794 3944; baseline -0.001 -15"><span class='ocrx_word' id='word_1_560' title='bbox 64 3888 155 3929; x_wconf 88' lang='lat' dir='ltr'>cruce</span> <span class='ocrx_word' id='word_1_561' title='bbox 172 3874 286 3943; x_wconf 84' lang='lat' dir='ltr'>experti</span> <span class='ocrx_word' id='word_1_562' title='bbox 302 3874 376 3928; x_wconf 92' lang='lat' dir='ltr'>estis</span> <span class='ocrx_word' id='word_1_563' title='bbox 392 3873 614 3944; x_wconf 91' lang='lat' dir='ltr'>compatientes.</span> <span class='ocrx_word' id='word_1_564' title='bbox 631 3871 781 3927; x_wconf 78' lang='lat' dir='ltr'>Christum</span> <span class='ocrx_word' id='word_1_565' title='bbox 794 3871 825 3925; x_wconf 90' lang='lat' dir='ltr'>in</span> <span class='ocrx_word' id='word_1_566' title='bbox 839 3886 904 3925; x_wconf 88' lang='lat' dir='ltr'>ma·</span> <span class='ocrx_word' id='word_1_567' title='bbox 955 3872 988 3924; x_wconf 90' lang='lat' dir='ltr'>ut</span> <span class='ocrx_word' id='word_1_568' title='bbox 1007 3883 1067 3924; x_wconf 90' lang='lat' dir='ltr'>nou</span> <span class='ocrx_word' id='word_1_569' title='bbox 1091 3871 1173 3923; x_wconf 88' lang='lat' dir='ltr'>esset</span> <span class='ocrx_word' id='word_1_570' title='bbox 1197 3868 1342 3924; x_wconf 85' lang='lat' dir='ltr'>amabilis.</span> <span class='ocrx_word' id='word_1_571' title='bbox 1368 3870 1404 3926; x_wconf 84' lang='lat' dir='ltr'>Ei</span> <span class='ocrx_word' id='word_1_572' title='bbox 1427 3871 1495 3927; x_wconf 90' lang='lat' dir='ltr'>ideo</span> <span class='ocrx_word' id='word_1_573' title='bbox 1517 3870 1690 3943; x_wconf 89' lang='lat' dir='ltr'>vocabatur,</span> <span class='ocrx_word' id='word_1_574' title='bbox 1710 3872 1743 3927; x_wconf 91' lang='lat' dir='ltr'>ut</span> <span class='ocrx_word' id='word_1_575' title='bbox 1756 3870 1794 3927; x_wconf 90' lang='lat' dir='ltr'>de</span> 
     </span>
     <span class='ocr_line' id='line_1_41' title="bbox 60 3958 1795 4035; baseline -0.002 -17"><span class='ocrx_word' id='word_1_576' title='bbox 60 3962 174 4035; x_wconf 80' lang='lat' dir='ltr'>jestate</span> <span class='ocrx_word' id='word_1_577' title='bbox 190 3962 303 4032; x_wconf 83' lang='lat' dir='ltr'>experti</span> <span class='ocrx_word' id='word_1_578' title='bbox 319 3962 402 4016; x_wconf 90' lang='lat' dir='ltr'>eritis</span> <span class='ocrx_word' id='word_1_579' title='bbox 419 3963 649 4033; x_wconf 88' lang='lat' dir='ltr'>consurgentes.</span> <span class='ocrx_word' id='word_1_580' title='bbox 666 3961 727 4016; x_wconf 91' lang='lat' dir='ltr'>Vos</span> <span class='ocrx_word' id='word_1_581' title='bbox 739 3960 817 4017; x_wconf 91' lang='lat' dir='ltr'>enim</span> <span class='ocrx_word' id='word_1_582' title='bbox 828 3959 903 4015; x_wconf 89' lang='lat' dir='ltr'>estis</span> <span class='ocrx_word' id='word_1_583' title='bbox 956 3958 1094 4013; x_wconf 86' lang='lat' dir='ltr'>incendio</span> <span class='ocrx_word' id='word_1_584' title='bbox 1108 3958 1217 4029; x_wconf 86' lang='lat' dir='ltr'>exiret,</span> <span class='ocrx_word' id='word_1_585' title='bbox 1234 3962 1261 4013; x_wconf 90' lang='lat' dir='ltr'>et</span> <span class='ocrx_word' id='word_1_586' title='bbox 1276 3958 1390 4014; x_wconf 91' lang='lat' dir='ltr'>veniret</span> <span class='ocrx_word' id='word_1_587' title='bbox 1404 3960 1434 4016; x_wconf 91' lang='lat' dir='ltr'>in</span> <span class='ocrx_word' id='word_1_588' title='bbox 1447 3960 1654 4034; x_wconf 78' lang='lat' dir='ltr'>refrigerium,</span> <span class='ocrx_word' id='word_1_589' title='bbox 1669 3961 1702 4016; x_wconf 89' lang='lat' dir='ltr'>ut</span> <span class='ocrx_word' id='word_1_590' title='bbox 1715 3958 1795 4015; x_wconf 88' lang='lat' dir='ltr'>deal·</span> 
     </span>
     <span class='ocr_line' id='line_1_42' title="bbox 65 4046 1795 4123; baseline -0.002 -17"><span class='ocrx_word' id='word_1_591' title='bbox 65 4067 179 4123; x_wconf 89' lang='lat' dir='ltr'>sponsa</span> <span class='ocrx_word' id='word_1_592' title='bbox 194 4050 243 4104; x_wconf 89' lang='lat' dir='ltr'>illa</span> <span class='ocrx_word' id='word_1_593' title='bbox 259 4052 287 4105; x_wconf 90' lang='grc' dir='ltr'>ει</span> <span class='ocrx_word' id='word_1_594' title='bbox 303 4050 408 4106; x_wconf 89' lang='lat' dir='ltr'>dilecta</span> <span class='ocrx_word' id='word_1_595' title='bbox 423 4051 472 4105; x_wconf 92' lang='lat' dir='ltr'>illa</span> <span class='ocrx_word' id='word_1_596' title='bbox 488 4067 554 4122; x_wconf 84' lang='lat' dir='ltr'>quae</span> <span class='ocrx_word' id='word_1_597' title='bbox 569 4050 709 4105; x_wconf 90' lang='lat' dir='ltr'>dilectum</span> <span class='ocrx_word' id='word_1_598' title='bbox 723 4053 858 4120; x_wconf 86' lang='lat' dir='ltr'>noverat,</span> <span class='ocrx_word' id='word_1_599' title='bbox 876 4052 905 4104; x_wconf 91' lang='lat' dir='ltr'>et</span> <span class='ocrx_word' id='word_1_600' title='bbox 956 4048 1021 4102; x_wconf 92' lang='lat' dir='ltr'>bari</span> <span class='ocrx_word' id='word_1_601' title='bbox 1035 4051 1139 4119; x_wconf 89' lang='lat' dir='ltr'>posset</span> <span class='ocrx_word' id='word_1_602' title='bbox 1154 4051 1183 4103; x_wconf 90' lang='lat' dir='ltr'>et</span> <span class='ocrx_word' id='word_1_603' title='bbox 1198 4048 1342 4104; x_wconf 91' lang='lat' dir='ltr'>candidus</span> <span class='ocrx_word' id='word_1_604' title='bbox 1358 4048 1431 4119; x_wconf 89' lang='lat' dir='ltr'>lieri,</span> <span class='ocrx_word' id='word_1_605' title='bbox 1448 4065 1486 4105; x_wconf 90' lang='lat' dir='ltr'>ne</span> <span class='ocrx_word' id='word_1_606' title='bbox 1502 4064 1621 4123; x_wconf 89' lang='lat' dir='ltr'>semper</span> <span class='ocrx_word' id='word_1_607' title='bbox 1635 4051 1718 4107; x_wconf 87' lang='lat' dir='ltr'>esset</span> <span class='ocrx_word' id='word_1_608' title='bbox 1732 4046 1795 4106; x_wconf 91' lang='lat' dir='ltr'>odi·</span> 
     </span>
     <span class='ocr_line' id='line_1_43' title="bbox 65 4136 1796 4212; baseline -0.001 -16"><span class='ocrx_word' id='word_1_609' title='bbox 65 4143 189 4212; x_wconf 85' lang='lat' dir='ltr'>experta</span> <span class='ocrx_word' id='word_1_610' title='bbox 203 4139 338 4195; x_wconf 88' lang='lat' dir='ltr'>dicebat:</span> <span class='ocrx_word' id='word_1_611' title='bbox 356 4139 529 4195; x_wconf 82' lang='lat' dir='ltr'>Fasciculus</span> <span class='ocrx_word' id='word_1_612' title='bbox 541 4140 675 4212; x_wconf 80' lang='lat' dir='ltr'>myrrhae</span> <span class='ocrx_word' id='word_1_613' title='bbox 686 4138 813 4194; x_wconf 86' lang='lat' dir='ltr'>dilectus</span> <span class='ocrx_word' id='word_1_614' title='bbox 822 4154 905 4192; x_wconf 87' lang='lat' dir='ltr'>meus</span> <span class='ocrx_word' id='word_1_615' title='bbox 956 4138 1037 4193; x_wconf 90' lang='lat' dir='ltr'>bilis.</span> <span class='ocrx_word' id='word_1_616' title='bbox 1064 4137 1223 4208; x_wconf 84' lang='lat' dir='ltr'>Propterea</span> <span class='ocrx_word' id='word_1_617' title='bbox 1244 4137 1338 4194; x_wconf 74' lang='lat' dir='ltr'>dixit:</span> <span class='ocrx_word' id='word_1_618' title='bbox 1364 4138 1426 4192; x_wconf 76' lang='lat' dir='ltr'>Eri</span> <span class='ocrx_word' id='word_1_619' title='bbox 1449 4138 1486 4194; x_wconf 85' lang='lat' dir='ltr'>de</span> <span class='ocrx_word' id='word_1_620' title='bbox 1509 4146 1592 4196; x_wconf 85' lang='lat' dir='ltr'>terra</span> <span class='ocrx_word' id='word_1_621' title='bbox 1618 4145 1681 4212; x_wconf 83' lang='lat' dir='ltr'>tua,</span> <span class='ocrx_word' id='word_1_622' title='bbox 1705 4144 1736 4195; x_wconf 90' lang='lat' dir='ltr'>et</span> <span class='ocrx_word' id='word_1_623' title='bbox 1757 4136 1796 4194; x_wconf 85' lang='lat' dir='ltr'>de</span> 
     </span>
     <span class='ocr_line' id='line_1_44' title="bbox 64 4226 1796 4301; baseline -0.002 -17"><span class='ocrx_word' id='word_1_624' title='bbox 64 4231 142 4285; x_wconf 86' lang='lat' dir='ltr'>milri</span> <span class='ocrx_word' id='word_1_625' title='bbox 159 4230 258 4299; x_wconf 82' lang='lat' dir='ltr'>(Cant.</span> <span class='ocrx_word' id='word_1_626' title='bbox 282 4230 313 4295; x_wconf 79' lang='grc' dir='ltr'>ι).</span> <span class='ocrx_word' id='word_1_627' title='bbox 341 4229 404 4283; x_wconf 91' lang='lat' dir='ltr'>lloc</span> <span class='ocrx_word' id='word_1_628' title='bbox 428 4232 474 4283; x_wconf 90' lang='lat' dir='ltr'>cst</span> <span class='ocrx_word' id='word_1_629' title='bbox 498 4228 635 4283; x_wconf 86' lang='lat' dir='ltr'>Christus</span> <span class='ocrx_word' id='word_1_630' title='bbox 658 4228 823 4283; x_wconf 89' lang='lat' dir='ltr'>secundum</span> <span class='ocrx_word' id='word_1_631' title='bbox 838 4242 905 4282; x_wconf 87' lang='lat' dir='ltr'>car·</span> <span class='ocrx_word' id='word_1_632' title='bbox 960 4227 1135 4299; x_wconf 75' lang='lat' dir='ltr'>cognatione</span> <span class='ocrx_word' id='word_1_633' title='bbox 1151 4232 1212 4295; x_wconf 87' lang='lat' dir='ltr'>tua,</span> <span class='ocrx_word' id='word_1_634' title='bbox 1237 4232 1267 4282; x_wconf 88' lang='lat' dir='ltr'>et</span> <span class='ocrx_word' id='word_1_635' title='bbox 1291 4227 1329 4282; x_wconf 87' lang='lat' dir='ltr'>de</span> <span class='ocrx_word' id='word_1_636' title='bbox 1350 4227 1433 4283; x_wconf 88' lang='lat' dir='ltr'>domo</span> <span class='ocrx_word' id='word_1_637' title='bbox 1446 4229 1544 4300; x_wconf 89' lang='lat' dir='ltr'>patris</span> <span class='ocrx_word' id='word_1_638' title='bbox 1559 4229 1664 4301; x_wconf 58' lang='lat' dir='ltr'>lui,¹ct</span> <span class='ocrx_word' id='word_1_639' title='bbox 1681 4227 1750 4284; x_wconf 87' lang='lat' dir='ltr'>reni</span> <span class='ocrx_word' id='word_1_640' title='bbox 1762 4226 1796 4281; x_wconf 87' lang='lat' dir='ltr'>in</span> 
     </span>
     <span class='ocr_line' id='line_1_45' title="bbox 65 4315 1794 4389; baseline -0.002 -16"><span class='ocrx_word' id='word_1_641' title='bbox 65 4335 145 4374; x_wconf 91' lang='lat' dir='ltr'>nem.</span> <span class='ocrx_word' id='word_1_642' title='bbox 168 4318 203 4372; x_wconf 82' lang='lat' dir='ltr'>Et</span> <span class='ocrx_word' id='word_1_643' title='bbox 223 4333 361 4373; x_wconf 89' lang='lat' dir='ltr'>rursum:</span> <span class='ocrx_word' id='word_1_644' title='bbox 386 4317 499 4372; x_wconf 89' lang='lat' dir='ltr'>Botrus</span> <span class='ocrx_word' id='word_1_645' title='bbox 522 4316 627 4388; x_wconf 83' lang='lat' dir='ltr'>cyperi</span> <span class='ocrx_word' id='word_1_646' title='bbox 641 4315 757 4389; x_wconf 77' lang='lat' dir='ltr'>[Cypri]</span> <span class='ocrx_word' id='word_1_647' title='bbox 778 4316 906 4371; x_wconf 83' lang='lat' dir='ltr'>dilectus</span> <span class='ocrx_word' id='word_1_648' title='bbox 961 4321 1074 4370; x_wconf 81' lang='lat' dir='ltr'>terram</span> <span class='ocrx_word' id='word_1_649' title='bbox 1090 4331 1173 4387; x_wconf 81' lang='lat' dir='ltr'>quam</span> <span class='ocrx_word' id='word_1_650' title='bbox 1187 4320 1396 4372; x_wconf 84' lang='lat' dir='ltr'>monstravero</span> <span class='ocrx_word' id='word_1_651' title='bbox 1411 4316 1625 4373; x_wconf 72' lang='lat' dir='ltr'>titillatam</span> <span class='ocrx_word' id='word_1_652' title='bbox 1640 4316 1794 4386; x_wconf 85' lang='lat' dir='ltr'>exireest,</span> 
     </span>
     <span class='ocr_line' id='line_1_46' title="bbox 65 4404 1794 4477; baseline -0.002 -15"><span class='ocrx_word' id='word_1_653' title='bbox 65 4424 151 4463; x_wconf 87' lang='lat' dir='ltr'>mous</span> <span class='ocrx_word' id='word_1_654' title='bbox 166 4407 240 4461; x_wconf 84' lang='lat' dir='ltr'>milri</span> <span class='ocrx_word' id='word_1_655' title='bbox 253 4407 363 4477; x_wconf 74' lang='lat' dir='ltr'>(ibid),</span> <span class='ocrx_word' id='word_1_656' title='bbox 380 4407 436 4462; x_wconf 89' lang='lat' dir='ltr'>hoc</span> <span class='ocrx_word' id='word_1_657' title='bbox 451 4409 497 4461; x_wconf 93' lang='lat' dir='ltr'>est</span> <span class='ocrx_word' id='word_1_658' title='bbox 512 4406 649 4460; x_wconf 88' lang='lat' dir='ltr'>Christus</span> <span class='ocrx_word' id='word_1_659' title='bbox 665 4405 830 4460; x_wconf 90' lang='lat' dir='ltr'>secundum</span> <span class='ocrx_word' id='word_1_660' title='bbox 845 4405 948 4470; x_wconf 83' lang='lat' dir='ltr'>ma-1&gt;</span> <span class='ocrx_word' id='word_1_661' title='bbox 960 4421 995 4460; x_wconf 90' lang='lat' dir='ltr'>ea</span> <span class='ocrx_word' id='word_1_662' title='bbox 1009 4420 1076 4476; x_wconf 87' lang='lat' dir='ltr'>quae</span> <span class='ocrx_word' id='word_1_663' title='bbox 1092 4404 1165 4459; x_wconf 88' lang='lat' dir='ltr'>foris</span> <span class='ocrx_word' id='word_1_664' title='bbox 1181 4404 1382 4477; x_wconf 87' lang='lat' dir='ltr'>possidentur,</span> <span class='ocrx_word' id='word_1_665' title='bbox 1394 4408 1512 4460; x_wconf 89' lang='lat' dir='ltr'>terrena</span> <span class='ocrx_word' id='word_1_666' title='bbox 1522 4406 1600 4460; x_wconf 91' lang='lat' dir='ltr'>bona</span> <span class='ocrx_word' id='word_1_667' title='bbox 1614 4405 1794 4477; x_wconf 86' lang='lat' dir='ltr'>relinquere.</span> 
     </span>
     <span class='ocr_line' id='line_1_47' title="bbox 64 4491 1796 4568; baseline -0.003 -17"><span class='ocrx_word' id='word_1_668' title='bbox 64 4497 217 4568; x_wconf 72' lang='grc' dir='ltr'>Ιιεειιιιειιι.</span> <span class='ocrx_word' id='word_1_669' title='bbox 234 4495 408 4551; x_wconf 80' lang='lat' dir='ltr'>Fasciculus</span> <span class='ocrx_word' id='word_1_670' title='bbox 430 4494 557 4565; x_wconf 72' lang='lat' dir='ltr'>myrrhae</span> <span class='ocrx_word' id='word_1_671' title='bbox 579 4493 717 4549; x_wconf 89' lang='lat' dir='ltr'>Christus</span> <span class='ocrx_word' id='word_1_672' title='bbox 739 4495 770 4549; x_wconf 91' lang='lat' dir='ltr'>in</span> <span class='ocrx_word' id='word_1_673' title='bbox 789 4494 905 4565; x_wconf 88' lang='lat' dir='ltr'>passio·</span> <span class='ocrx_word' id='word_1_674' title='bbox 962 4494 1003 4548; x_wconf 83' lang='lat' dir='ltr'>lle</span> <span class='ocrx_word' id='word_1_675' title='bbox 1020 4493 1197 4566; x_wconf 88' lang='lat' dir='ltr'>cognatione</span> <span class='ocrx_word' id='word_1_676' title='bbox 1211 4495 1304 4564; x_wconf 83' lang='lat' dir='ltr'>exire,</span> <span class='ocrx_word' id='word_1_677' title='bbox 1321 4496 1367 4549; x_wconf 87' lang='lat' dir='ltr'>est</span> <span class='ocrx_word' id='word_1_678' title='bbox 1380 4494 1428 4565; x_wconf 92' lang='lat' dir='ltr'>iis,</span> <span class='ocrx_word' id='word_1_679' title='bbox 1445 4511 1492 4566; x_wconf 85' lang='lat' dir='ltr'>qoe</span> <span class='ocrx_word' id='word_1_680' title='bbox 1506 4494 1537 4549; x_wconf 91' lang='lat' dir='ltr'>in</span> <span class='ocrx_word' id='word_1_681' title='bbox 1552 4493 1639 4550; x_wconf 89' lang='lat' dir='ltr'>nobis</span> <span class='ocrx_word' id='word_1_682' title='bbox 1654 4496 1683 4548; x_wconf 90' lang='lat' dir='ltr'>et</span> <span class='ocrx_word' id='word_1_683' title='bbox 1697 4491 1796 4548; x_wconf 89' lang='lat' dir='ltr'>nobis·</span> 
     </span>
     <span class='ocr_line' id='line_1_48' title="bbox 68 4579 1796 4656; baseline -0.004 -15"><span class='ocrx_word' id='word_1_684' title='bbox 68 4603 116 4642; x_wconf 90' lang='lat' dir='ltr'>ne.</span> <span class='ocrx_word' id='word_1_685' title='bbox 133 4587 243 4641; x_wconf 88' lang='lat' dir='ltr'>Botrus</span> <span class='ocrx_word' id='word_1_686' title='bbox 258 4585 359 4656; x_wconf 73' lang='lat' dir='ltr'>cyperi</span> <span class='ocrx_word' id='word_1_687' title='bbox 374 4584 512 4640; x_wconf 90' lang='lat' dir='ltr'>Christus</span> <span class='ocrx_word' id='word_1_688' title='bbox 522 4584 791 4639; x_wconf 85' lang='lat' dir='ltr'>inresurrectionc.</span> <span class='ocrx_word' id='word_1_689' title='bbox 808 4583 906 4638; x_wconf 81' lang='lat' dir='ltr'>Fnsci·</span> <span class='ocrx_word' id='word_1_690' title='bbox 963 4599 1030 4638; x_wconf 91' lang='lat' dir='ltr'>cum</span> <span class='ocrx_word' id='word_1_691' title='bbox 1045 4587 1109 4639; x_wconf 91' lang='lat' dir='ltr'>orto</span> <span class='ocrx_word' id='word_1_692' title='bbox 1124 4586 1202 4653; x_wconf 89' lang='lat' dir='ltr'>sunt,</span> <span class='ocrx_word' id='word_1_693' title='bbox 1219 4583 1299 4637; x_wconf 90' lang='lat' dir='ltr'>vitiis</span> <span class='ocrx_word' id='word_1_694' title='bbox 1313 4583 1530 4639; x_wconf 87' lang='lat' dir='ltr'>abrenuntiare.</span> <span class='ocrx_word' id='word_1_695' title='bbox 1544 4583 1585 4638; x_wconf 90' lang='lat' dir='ltr'>Dc</span> <span class='ocrx_word' id='word_1_696' title='bbox 1601 4582 1687 4637; x_wconf 88' lang='lat' dir='ltr'>domo</span> <span class='ocrx_word' id='word_1_697' title='bbox 1702 4579 1796 4652; x_wconf 85' lang='lat' dir='ltr'>patris</span> 
     </span>
     <span class='ocr_line' id='line_1_49' title="bbox 69 4670 1798 4744; baseline -0.003 -14"><span class='ocrx_word' id='word_1_698' title='bbox 69 4676 157 4731; x_wconf 89' lang='lat' dir='ltr'>culus</span> <span class='ocrx_word' id='word_1_699' title='bbox 172 4675 300 4744; x_wconf 76' lang='lat' dir='ltr'>myrrhae</span> <span class='ocrx_word' id='word_1_700' title='bbox 316 4673 479 4728; x_wconf 88' lang='lat' dir='ltr'>amaritudo</span> <span class='ocrx_word' id='word_1_701' title='bbox 501 4672 663 4743; x_wconf 88' lang='lat' dir='ltr'>passionis.</span> <span class='ocrx_word' id='word_1_702' title='bbox 680 4673 789 4727; x_wconf 91' lang='lat' dir='ltr'>Botrus</span> <span class='ocrx_word' id='word_1_703' title='bbox 805 4671 906 4742; x_wconf 71' lang='lat' dir='ltr'>cyperi</span> <span class='ocrx_word' id='word_1_704' title='bbox 963 4672 1044 4727; x_wconf 87' lang='lat' dir='ltr'>exire</span> <span class='ocrx_word' id='word_1_705' title='bbox 1061 4675 1121 4742; x_wconf 90' lang='grc' dir='ltr'>εει,</span> <span class='ocrx_word' id='word_1_706' title='bbox 1145 4672 1254 4741; x_wconf 87' lang='lat' dir='ltr'>spretis</span> <span class='ocrx_word' id='word_1_707' title='bbox 1274 4670 1412 4726; x_wconf 88' lang='lat' dir='ltr'>omnibus</span> <span class='ocrx_word' id='word_1_708' title='bbox 1427 4676 1548 4743; x_wconf 88' lang='lat' dir='ltr'>propter</span> <span class='ocrx_word' id='word_1_709' title='bbox 1562 4671 1665 4742; x_wconf 69' lang='lat' dir='ltr'>Deum</span> <span class='ocrx_word' id='word_1_710' title='bbox 1681 4671 1798 4742; x_wconf 84' lang='lat' dir='ltr'>postre-</span> 
     </span>
     <span class='ocr_line' id='line_1_50' title="bbox 69 4758 1798 4833; baseline -0.003 -13"><span class='ocrx_word' id='word_1_711' title='bbox 69 4765 198 4821; x_wconf 90' lang='lat' dir='ltr'>dulcedo</span> <span class='ocrx_word' id='word_1_712' title='bbox 207 4763 446 4832; x_wconf 85' lang='lat' dir='ltr'>resurrectionis,</span> <span class='ocrx_word' id='word_1_713' title='bbox 457 4760 632 4817; x_wconf 76' lang='lat' dir='ltr'>Fasciculus</span> <span class='ocrx_word' id='word_1_714' title='bbox 642 4761 771 4833; x_wconf 77' lang='lat' dir='ltr'>myrrhae</span> <span class='ocrx_word' id='word_1_715' title='bbox 782 4761 909 4815; x_wconf 90' lang='lat' dir='ltr'>multitu·</span> <span class='ocrx_word' id='word_1_716' title='bbox 963 4779 1011 4818; x_wconf 93' lang='lat' dir='ltr'>mo</span> <span class='ocrx_word' id='word_1_717' title='bbox 1041 4761 1234 4831; x_wconf 89' lang='lat' dir='ltr'>semetipsum</span> <span class='ocrx_word' id='word_1_718' title='bbox 1264 4760 1423 4832; x_wconf 85' lang='lat' dir='ltr'>abnegare.</span> <span class='ocrx_word' id='word_1_719' title='bbox 1457 4761 1569 4816; x_wconf 88' lang='lat' dir='ltr'>Domus</span> <span class='ocrx_word' id='word_1_720' title='bbox 1596 4760 1675 4816; x_wconf 88' lang='lat' dir='ltr'>enim</span> <span class='ocrx_word' id='word_1_721' title='bbox 1704 4758 1798 4832; x_wconf 78' lang='lat' dir='ltr'>patrie</span> 
     </span>
     <span class='ocr_line' id='line_1_51' title="bbox 70 4849 1800 4925; baseline -0.002 -16"><span class='ocrx_word' id='word_1_722' title='bbox 70 4856 108 4910; x_wconf 93' lang='lat' dir='ltr'>do</span> <span class='ocrx_word' id='word_1_723' title='bbox 128 4853 312 4925; x_wconf 88' lang='lat' dir='ltr'>passionum.</span> <span class='ocrx_word' id='word_1_724' title='bbox 335 4853 443 4907; x_wconf 87' lang='lat' dir='ltr'>Botrus</span> <span class='ocrx_word' id='word_1_725' title='bbox 466 4853 567 4922; x_wconf 71' lang='lat' dir='ltr'>cyperi</span> <span class='ocrx_word' id='word_1_726' title='bbox 589 4852 767 4906; x_wconf 89' lang='lat' dir='ltr'>abundantia</span> <span class='ocrx_word' id='word_1_727' title='bbox 781 4850 908 4924; x_wconf 86' lang='lat' dir='ltr'>gaudio·</span> <span class='ocrx_word' id='word_1_728' title='bbox 964 4851 1058 4908; x_wconf 88' lang='lat' dir='ltr'>nostri</span> <span class='ocrx_word' id='word_1_729' title='bbox 1075 4851 1225 4921; x_wconf 88' lang='lat' dir='ltr'>ipsumest</span> <span class='ocrx_word' id='word_1_730' title='bbox 1236 4851 1439 4919; x_wconf 90' lang='lat' dir='ltr'>cornostrum,</span> <span class='ocrx_word' id='word_1_731' title='bbox 1451 4849 1590 4921; x_wconf 87' lang='lat' dir='ltr'>quoniam</span> <span class='ocrx_word' id='word_1_732' title='bbox 1599 4851 1682 4921; x_wconf 86' lang='lat' dir='ltr'>pater</span> <span class='ocrx_word' id='word_1_733' title='bbox 1696 4851 1800 4905; x_wconf 86' lang='lat' dir='ltr'>noster</span> 
     </span>
     <span class='ocr_line' id='line_1_52' title="bbox 73 4936 1798 5011; baseline -0.002 -13"><span class='ocrx_word' id='word_1_734' title='bbox 73 4959 152 4998; x_wconf 89' lang='lat' dir='ltr'>rum.</span> <span class='ocrx_word' id='word_1_735' title='bbox 177 4942 240 4996; x_wconf 87' lang='lat' dir='ltr'>lilio</span> <span class='ocrx_word' id='word_1_736' title='bbox 264 4944 443 5011; x_wconf 86' lang='lat' dir='ltr'>amaricans,</span> <span class='ocrx_word' id='word_1_737' title='bbox 470 4941 518 4995; x_wconf 90' lang='lat' dir='ltr'>hic</span> <span class='ocrx_word' id='word_1_738' title='bbox 542 4941 704 4995; x_wconf 88' lang='lat' dir='ltr'>inebrians.</span> <span class='ocrx_word' id='word_1_739' title='bbox 728 4941 838 4996; x_wconf 90' lang='lat' dir='ltr'>Tamen</span> <span class='ocrx_word' id='word_1_740' title='bbox 853 4954 908 4994; x_wconf 89' lang='lat' dir='ltr'>vos</span> <span class='ocrx_word' id='word_1_741' title='bbox 966 4941 1122 4996; x_wconf 90' lang='lat' dir='ltr'>habitatin</span> <span class='ocrx_word' id='word_1_742' title='bbox 1136 4938 1234 4993; x_wconf 90' lang='lat' dir='ltr'>nobis.</span> <span class='ocrx_word' id='word_1_743' title='bbox 1251 4938 1339 4993; x_wconf 90' lang='lat' dir='ltr'>Pater</span> <span class='ocrx_word' id='word_1_744' title='bbox 1349 4942 1452 4993; x_wconf 90' lang='lat' dir='ltr'>noster</span> <span class='ocrx_word' id='word_1_745' title='bbox 1460 4939 1574 5010; x_wconf 90' lang='lat' dir='ltr'>primus</span> <span class='ocrx_word' id='word_1_746' title='bbox 1585 4938 1721 4995; x_wconf 89' lang='lat' dir='ltr'>diabolus</span> <span class='ocrx_word' id='word_1_747' title='bbox 1732 4936 1798 5010; x_wconf 87' lang='lat' dir='ltr'>fuit,</span> 
     </span>
     <span class='ocr_line' id='line_1_53' title="bbox 73 5027 1802 5102; baseline -0.003 -14"><span class='ocrx_word' id='word_1_748' title='bbox 73 5032 256 5089; x_wconf 88' lang='lat' dir='ltr'>fasciculum</span> <span class='ocrx_word' id='word_1_749' title='bbox 280 5032 408 5102; x_wconf 74' lang='lat' dir='ltr'>myrrhae</span> <span class='ocrx_word' id='word_1_750' title='bbox 435 5032 511 5085; x_wconf 87' lang='lat' dir='ltr'>inter</span> <span class='ocrx_word' id='word_1_751' title='bbox 536 5031 629 5085; x_wconf 88' lang='lat' dir='ltr'>ubera</span> <span class='ocrx_word' id='word_1_752' title='bbox 656 5030 814 5102; x_wconf 87' lang='lat' dir='ltr'>posuistis,</span> <span class='ocrx_word' id='word_1_753' title='bbox 841 5029 909 5101; x_wconf 91' lang='lat' dir='ltr'>quia</span> <span class='ocrx_word' id='word_1_754' title='bbox 967 5029 1131 5086; x_wconf 90' lang='lat' dir='ltr'>secundum</span> <span class='ocrx_word' id='word_1_755' title='bbox 1159 5027 1358 5098; x_wconf 87' lang='lat' dir='ltr'>nativitatem,</span> <span class='ocrx_word' id='word_1_756' title='bbox 1392 5043 1449 5100; x_wconf 91' lang='lat' dir='ltr'>qua</span> <span class='ocrx_word' id='word_1_757' title='bbox 1478 5027 1537 5082; x_wconf 90' lang='lat' dir='ltr'>nati</span> <span class='ocrx_word' id='word_1_758' title='bbox 1567 5042 1682 5084; x_wconf 90' lang='lat' dir='ltr'>sumus.</span> <span class='ocrx_word' id='word_1_759' title='bbox 1713 5028 1802 5084; x_wconf 85' lang='lat' dir='ltr'>Pater</span> 
     </span>
     <span class='ocr_line' id='line_1_54' title="bbox 71 5116 1802 5195; baseline -0.003 -18"><span class='ocrx_word' id='word_1_760' title='bbox 71 5122 247 5195; x_wconf 88' lang='lat' dir='ltr'>passionem</span> <span class='ocrx_word' id='word_1_761' title='bbox 260 5121 371 5175; x_wconf 87' lang='lat' dir='ltr'>Christi</span> <span class='ocrx_word' id='word_1_762' title='bbox 382 5136 450 5175; x_wconf 91' lang='lat' dir='ltr'>cum</span> <span class='ocrx_word' id='word_1_763' title='bbox 460 5120 568 5192; x_wconf 88' lang='lat' dir='ltr'>gaudio</span> <span class='ocrx_word' id='word_1_764' title='bbox 588 5122 616 5173; x_wconf 92' lang='lat' dir='ltr'>et</span> <span class='ocrx_word' id='word_1_765' title='bbox 634 5119 791 5174; x_wconf 89' lang='lat' dir='ltr'>dilectione</span> <span class='ocrx_word' id='word_1_766' title='bbox 806 5132 910 5174; x_wconf 88' lang='lat' dir='ltr'>susce·</span> <span class='ocrx_word' id='word_1_767' title='bbox 967 5120 1069 5175; x_wconf 89' lang='lat' dir='ltr'>noster</span> <span class='ocrx_word' id='word_1_768' title='bbox 1084 5116 1234 5173; x_wconf 88' lang='lat' dir='ltr'>secundus</span> <span class='ocrx_word' id='word_1_769' title='bbox 1249 5117 1330 5172; x_wconf 90' lang='lat' dir='ltr'>Deus</span> <span class='ocrx_word' id='word_1_770' title='bbox 1351 5121 1411 5188; x_wconf 89' lang='lat' dir='ltr'>cst,</span> <span class='ocrx_word' id='word_1_771' title='bbox 1436 5117 1601 5172; x_wconf 89' lang='lat' dir='ltr'>secundum</span> <span class='ocrx_word' id='word_1_772' title='bbox 1620 5117 1802 5173; x_wconf 87' lang='lat' dir='ltr'>nativitatem</span> 
     </span>
     <span class='ocr_line' id='line_1_55' title="bbox 74 5205 1801 5284; baseline -0.004 -18"><span class='ocrx_word' id='word_1_773' title='bbox 74 5213 174 5284; x_wconf 87' lang='lat' dir='ltr'>pistis.</span> <span class='ocrx_word' id='word_1_774' title='bbox 192 5210 254 5265; x_wconf 90' lang='lat' dir='ltr'>Vos</span> <span class='ocrx_word' id='word_1_775' title='bbox 268 5210 419 5265; x_wconf 89' lang='lat' dir='ltr'>Christum</span> <span class='ocrx_word' id='word_1_776' title='bbox 433 5210 591 5279; x_wconf 90' lang='lat' dir='ltr'>patientem</span> <span class='ocrx_word' id='word_1_777' title='bbox 611 5224 671 5264; x_wconf 90' lang='lat' dir='ltr'>non</span> <span class='ocrx_word' id='word_1_778' title='bbox 686 5208 782 5262; x_wconf 92' lang='lat' dir='ltr'>solum</span> <span class='ocrx_word' id='word_1_779' title='bbox 796 5208 827 5261; x_wconf 93' lang='lat' dir='ltr'>in</span> <span class='ocrx_word' id='word_1_780' title='bbox 842 5223 911 5262; x_wconf 90' lang='lat' dir='ltr'>cor·</span> <span class='ocrx_word' id='word_1_781' title='bbox 968 5224 1025 5282; x_wconf 90' lang='lat' dir='ltr'>qua</span> <span class='ocrx_word' id='word_1_782' title='bbox 1042 5209 1135 5263; x_wconf 88' lang='lat' dir='ltr'>renati</span> <span class='ocrx_word' id='word_1_783' title='bbox 1149 5223 1263 5262; x_wconf 90' lang='lat' dir='ltr'>sumus.</span> <span class='ocrx_word' id='word_1_784' title='bbox 1289 5206 1326 5262; x_wconf 80' lang='lat' dir='ltr'>ut</span> <span class='ocrx_word' id='word_1_785' title='bbox 1347 5207 1409 5262; x_wconf 91' lang='lat' dir='ltr'>vult</span> <span class='ocrx_word' id='word_1_786' title='bbox 1430 5208 1555 5279; x_wconf 90' lang='lat' dir='ltr'>uterque</span> <span class='ocrx_word' id='word_1_787' title='bbox 1570 5210 1655 5279; x_wconf 89' lang='lat' dir='ltr'>pater</span> <span class='ocrx_word' id='word_1_788' title='bbox 1667 5205 1801 5262; x_wconf 87' lang='lat' dir='ltr'>habitare</span> 
     </span>
     <span class='ocr_line' id='line_1_56' title="bbox 71 5290 1803 5374; baseline -0.005 -18"><span class='ocrx_word' id='word_1_789' title='bbox 71 5316 156 5374; x_wconf 90' lang='lat' dir='ltr'>pore,</span> <span class='ocrx_word' id='word_1_790' title='bbox 174 5300 227 5355; x_wconf 90' lang='lat' dir='ltr'>scd</span> <span class='ocrx_word' id='word_1_791' title='bbox 243 5299 331 5354; x_wconf 85' lang='lat' dir='ltr'>etiam</span> <span class='ocrx_word' id='word_1_792' title='bbox 347 5298 377 5353; x_wconf 92' lang='lat' dir='ltr'>in</span> <span class='ocrx_word' id='word_1_793' title='bbox 398 5298 488 5353; x_wconf 89' lang='lat' dir='ltr'>corde</span> <span class='ocrx_word' id='word_1_794' title='bbox 508 5297 649 5369; x_wconf 88' lang='lat' dir='ltr'>portatis,</span> <span class='ocrx_word' id='word_1_795' title='bbox 673 5297 741 5368; x_wconf 83' lang='lat' dir='ltr'>quia</span> <span class='ocrx_word' id='word_1_796' title='bbox 758 5295 911 5369; x_wconf 83' lang='lat' dir='ltr'>passionis</span> <span class='ocrx_word' id='word_1_797' title='bbox 970 5301 1001 5354; x_wconf 92' lang='lat' dir='ltr'>in</span> <span class='ocrx_word' id='word_1_798' title='bbox 1029 5298 1099 5353; x_wconf 89' lang='lat' dir='ltr'>tiliis</span> <span class='ocrx_word' id='word_1_799' title='bbox 1127 5296 1203 5352; x_wconf 89' lang='lat' dir='ltr'>suis.</span> <span class='ocrx_word' id='word_1_800' title='bbox 1235 5295 1379 5353; x_wconf 87' lang='lat' dir='ltr'>Diabolus</span> <span class='ocrx_word' id='word_1_801' title='bbox 1406 5296 1437 5351; x_wconf 92' lang='lat' dir='ltr'>in</span> <span class='ocrx_word' id='word_1_802' title='bbox 1466 5296 1535 5353; x_wconf 88' lang='lat' dir='ltr'>filiis</span> <span class='ocrx_word' id='word_1_803' title='bbox 1564 5296 1636 5367; x_wconf 88' lang='lat' dir='ltr'>irae,</span> <span class='ocrx_word' id='word_1_804' title='bbox 1663 5293 1743 5351; x_wconf 84' lang='lat' dir='ltr'>Deua</span> <span class='ocrx_word' id='word_1_805' title='bbox 1770 5290 1803 5347; x_wconf 88' lang='lat' dir='ltr'>in</span> 
     </span>
     <span class='ocr_line' id='line_1_57' title="bbox 72 5380 1804 5464; baseline -0.008 -16"><span class='ocrx_word' id='word_1_806' title='bbox 72 5390 142 5464; x_wconf 79' lang='lat' dir='ltr'>ejus</span> <span class='ocrx_word' id='word_1_807' title='bbox 171 5388 364 5444; x_wconf 89' lang='lat' dir='ltr'>imitationem</span> <span class='ocrx_word' id='word_1_808' title='bbox 393 5387 491 5442; x_wconf 87' lang='lat' dir='ltr'>animo</span> <span class='ocrx_word' id='word_1_809' title='bbox 520 5386 688 5443; x_wconf 82' lang='lat' dir='ltr'>dilectionis</span> <span class='ocrx_word' id='word_1_810' title='bbox 718 5385 909 5457; x_wconf 86' lang='lat' dir='ltr'>suscepistis.</span> <span class='ocrx_word' id='word_1_811' title='bbox 969 5388 1038 5444; x_wconf 86' lang='lat' dir='ltr'>liliis</span> <span class='ocrx_word' id='word_1_812' title='bbox 1066 5385 1180 5459; x_wconf 79' lang='lat' dir='ltr'>gratie.</span> <span class='ocrx_word' id='word_1_813' title='bbox 1207 5384 1331 5452; x_wconf 84' lang='lat' dir='ltr'>Quando</span> <span class='ocrx_word' id='word_1_814' title='bbox 1362 5401 1436 5460; x_wconf 81' lang='lat' dir='ltr'>erga</span> <span class='ocrx_word' id='word_1_815' title='bbox 1465 5385 1497 5441; x_wconf 92' lang='lat' dir='ltr'>in</span> <span class='ocrx_word' id='word_1_816' title='bbox 1526 5384 1569 5440; x_wconf 89' lang='lat' dir='ltr'>Ur</span> <span class='ocrx_word' id='word_1_817' title='bbox 1595 5380 1804 5440; x_wconf 74' lang='lat' dir='ltr'>iudaeorum</span> 
     </span>
     <span class='ocr_line' id='line_1_58' title="bbox 72 5468 1804 5552; baseline -0.006 -16"><span class='ocrx_word' id='word_1_818' title='bbox 72 5479 160 5547; x_wconf 87' lang='lat' dir='ltr'>Quod</span> <span class='ocrx_word' id='word_1_819' title='bbox 174 5492 248 5552; x_wconf 80' lang='lat' dir='ltr'>argo</span> <span class='ocrx_word' id='word_1_820' title='bbox 258 5477 410 5534; x_wconf 87' lang='lat' dir='ltr'>Christum</span> <span class='ocrx_word' id='word_1_821' title='bbox 421 5476 585 5532; x_wconf 88' lang='lat' dir='ltr'>secundum</span> <span class='ocrx_word' id='word_1_822' title='bbox 596 5490 715 5532; x_wconf 87' lang='lat' dir='ltr'>earnem</span> <span class='ocrx_word' id='word_1_823' title='bbox 726 5475 913 5550; x_wconf 86' lang='lat' dir='ltr'>cognovistis</span> <span class='ocrx_word' id='word_1_824' title='bbox 969 5477 1095 5547; x_wconf 76' lang='grc' dir='ltr'>ιιιιιιιιιε,</span> <span class='ocrx_word' id='word_1_825' title='bbox 1121 5488 1173 5532; x_wconf 90' lang='lat' dir='ltr'>cer</span> <span class='ocrx_word' id='word_1_826' title='bbox 1201 5477 1337 5533; x_wconf 86' lang='lat' dir='ltr'>nostrum</span> <span class='ocrx_word' id='word_1_827' title='bbox 1364 5473 1471 5533; x_wconf 86' lang='lat' dir='ltr'>domus</span> <span class='ocrx_word' id='word_1_828' title='bbox 1499 5468 1608 5530; x_wconf 87' lang='lat' dir='ltr'>diaboli</span> <span class='ocrx_word' id='word_1_829' title='bbox 1630 5468 1705 5528; x_wconf 86' lang='lat' dir='ltr'>fuit:</span> <span class='ocrx_word' id='word_1_830' title='bbox 1730 5483 1804 5543; x_wconf 88' lang='lat' dir='ltr'>quc·</span> 
     </span>
     <span class='ocr_line' id='line_1_59' title="bbox 70 5557 1806 5647; baseline -0.006 -21"><span class='ocrx_word' id='word_1_831' title='bbox 70 5569 136 5647; x_wconf 80' lang='lat' dir='ltr'>jem</span> <span class='ocrx_word' id='word_1_832' title='bbox 156 5584 216 5626; x_wconf 92' lang='lat' dir='ltr'>non</span> <span class='ocrx_word' id='word_1_833' title='bbox 236 5566 438 5644; x_wconf 86' lang='lat' dir='ltr'>cognoscitis,</span> <span class='ocrx_word' id='word_1_834' title='bbox 462 5565 530 5641; x_wconf 89' lang='lat' dir='ltr'>quia</span> <span class='ocrx_word' id='word_1_835' title='bbox 550 5566 754 5624; x_wconf 85' lang='lat' dir='ltr'>transitorium</span> <span class='ocrx_word' id='word_1_836' title='bbox 772 5563 914 5641; x_wconf 84' lang='lat' dir='ltr'>estquod</span> <span class='ocrx_word' id='word_1_837' title='bbox 970 5567 1048 5624; x_wconf 72' lang='lat' dir='ltr'>num</span> <span class='ocrx_word' id='word_1_838' title='bbox 1077 5565 1142 5640; x_wconf 87' lang='lat' dir='ltr'>lpse</span> <span class='ocrx_word' id='word_1_839' title='bbox 1165 5567 1236 5623; x_wconf 89' lang='lat' dir='ltr'>tuuc</span> <span class='ocrx_word' id='word_1_840' title='bbox 1263 5566 1294 5622; x_wconf 89' lang='lat' dir='ltr'>in</span> <span class='ocrx_word' id='word_1_841' title='bbox 1325 5562 1412 5623; x_wconf 89' lang='lat' dir='ltr'>nobis</span> <span class='ocrx_word' id='word_1_842' title='bbox 1443 5562 1602 5634; x_wconf 84' lang='lat' dir='ltr'>habitavit,</span> <span class='ocrx_word' id='word_1_843' title='bbox 1634 5561 1664 5618; x_wconf 94' lang='lat' dir='ltr'>et</span> <span class='ocrx_word' id='word_1_844' title='bbox 1691 5557 1806 5617; x_wconf 81' lang='lat' dir='ltr'>fuimus</span> 
     </span>
    </p>
   </div>
   <div class='ocr_carea' id='block_1_6' title="bbox 73 5645 1826 5841">
    <p class='ocr_par' dir='ltr' id='par_1_6' title="bbox 73 5645 1826 5841">
     <span class='ocr_line' id='line_1_60' title="bbox 73 5645 1826 5739; baseline -0.023 2"><span class='ocrx_word' id='word_1_845' title='bbox 73 5661 106 5721; x_wconf 62' lang='lat'>5¹¹</span> <span class='ocrx_word' id='word_1_846' title='bbox 120 5658 275 5739; x_wconf 51' lang='lat' dir='ltr'>mma</span> <span class='ocrx_word' id='word_1_847' title='bbox 290 5657 588 5733; x_wconf 55' lang='lat' dir='ltr'>mmmmm</span> <span class='ocrx_word' id='word_1_848' title='bbox 608 5659 688 5736; x_wconf 80' lang='lat' dir='ltr'>quod</span> <span class='ocrx_word' id='word_1_849' title='bbox 702 5662 750 5720; x_wconf 89' lang='lat' dir='ltr'>est</span> <span class='ocrx_word' id='word_1_850' title='bbox 762 5657 794 5719; x_wconf 89' lang='lat' dir='ltr'>in</span> <span class='ocrx_word' id='word_1_851' title='bbox 806 5670 913 5721; x_wconf 73' lang='lat' dir='ltr'>resur·</span> <span class='ocrx_word' id='word_1_852' title='bbox 970 5654 1264 5731; x_wconf 75' lang='lat' dir='ltr'>universitiliilieor,</span> <span class='ocrx_word' id='word_1_853' title='bbox 1274 5653 1477 5735; x_wconf 66' lang='lat' dir='ltr'>producitur</span> <span class='ocrx_word' id='word_1_854' title='bbox 1492 5645 1826 5722; x_wconf 56' lang='lat' dir='ltr'>babitantiaineehe.</span> 
     </span>
     <span class='ocr_line' id='line_1_61' title="bbox 237 5759 1635 5841; baseline -0.015 0"><span class='ocrx_word' id='word_1_855' title='bbox 237 5777 368 5840; x_wconf 74' lang='lat' dir='ltr'>Peraea.</span> <span class='ocrx_word' id='word_1_856' title='bbox 386 5773 562 5840; x_wconf 79' lang='lat' dir='ltr'>Gbxxvll.</span> <span class='ocrx_word' id='word_1_857' title='bbox 1589 5759 1635 5841; x_wconf 59' lang='lat' dir='ltr'>{h</span> 
     </span>
    </p>
   </div>
   <div class='ocr_carea' id='block_1_7' title="bbox 0 0 1929 6022">
    <p class='ocr_par' dir='ltr' id='par_1_7' title="bbox 0 0 1929 6022">
     <span class='ocr_line' id='line_1_62' title="bbox 0 0 1929 6022; baseline 0 0"><span class='ocrx_word' id='word_1_858' title='bbox 0 0 1929 6022; x_wconf 95' lang='lat' dir='ltr'> </span> 
     </span>
    </p>
   </div>
  </div>
 </body>
</html>
