3816 6030
127 266 188 334 123
222 321 225 328 .
506 268 725 333 APPENDIX
745 269 803 334 AD
825 269 1017 338 HUGONlS
1040 271 1184 337 OPERA
1204 272 1473 341 DOGMATICA.

1793 284 1852 349 124

60 514 63 520 .
129 472 198 528 tutis
215 490 270 530 sex
284 476 438 531 mensibus
454 477 536 546 prius
551 475 691 531 olfecisse
708 493 795 549 quam
810 477 859 532 ille
874 455 1005 547 quid-A
1054 476 1443 549 Sublinguiumoperculum
1459 480 1853 554 gurgulionis,quasiparva

130 577 219 634 quam
235 567 365 636 coeperit.
379 565 524 619 »Narium
538 568 618 619 recta
633 583 713 635 pars,
724 582 758 621 eo
770 567 848 637 qttod
864 582 962 638 aequa·
1018 565 1207 637 linguaque
1224 568 1356 622 toramen
1371 569 1481 639 linguae
1497 570 1621 624 recludit
1633 571 1797 642 operitque.

131 650 199 707 liter
216 655 254 707 sit
273 654 304 708 in
318 654 531 725 longitudinem
551 657 579 710 et
594 656 799 709 rotunditatem
816 659 961 725 porrecta,
1053 657 1166 712 Collum
1184 659 1293 712 dictum
1309 658 1387 729 quod
1407 659 1446 712 sit
1462 658 1590 729 rigidum
1607 663 1635 713 ot
1652 665 1731 714 teres
1754 664 1785 715 ut
1800 677 1852 716 co-

133 742 267 797 celumna
282 748 413 811 vocatur,
427 743 596 798 extremitas
608 742 674 814 ojus
689 745 792 814 pgrula
807 762 823 797 a
840 744 964 798 formula
1018 745 1127 815 lamna,
1145 747 1283 817 bajulans
1305 750 1391 816 caput
1412 750 1441 801 ct
1463 750 1645 816 sustentans,
1662 751 1749 819 quasi
1770 751 1851 820 capi-

132 832 211 901 pomi
229 833 302 902 pyri,
313 849 379 903 quae
390 849 460 887 vero
473 834 575 887 dextra
587 834 728 903 laevaqute
745 837 823 902 sunt,
836 833 965 903 pinnulae
1017 836 1129 904 talium,
1148 837 1235 908 cujus
1246 839 1374 892 anterior
1386 853 1456 906 pars
1472 837 1541 908 gula
1557 840 1688 906 vocatur,
1705 839 1853 908 posterior

132 919 244 975 alarum
261 922 462 992 similitudine,
480 923 607 977 medium
627 927 724 978 autem
739 923 928 977 interfinium.

167 1010 207 1063 Os
224 1010 342 1078 dictum,
361 1012 428 1082 quia
445 1028 498 1081 per
517 1012 614 1081 ipsum
639 1013 725 1082 quasi
746 1028 800 1082 per
815 1013 922 1066 ostium
938 1016 966 1067 et

134 1096 218 1152 cibos
243 1099 474 1169 intromittimus
492 1104 520 1154 et
540 1104 658 1171 sputum
684 1102 763 1155 toras
779 1101 964 1171 projicimus,

132 1187 180 1240 vel
195 1188 264 1258 quia
286 1204 320 1243 eo
336 1189 543 1261 ingrediuntur
558 1190 626 1259 cibi,
644 1195 671 1244 et
691 1191 758 1244 inde
775 1191 967 1263 egrediuntur

134 1290 300 1331 sermones

171 1366 263 1420 Labia
280 1367 437 1421 elabendo
454 1371 522 1423 sunt
537 1373 652 1436 vocata,
674 1370 753 1440 quod
767 1373 864 1424 autem
880 1386 967 1440 supe-

133 1454 197 1509 rius
213 1459 268 1511 est.
285 1456 410 1511 Labium
425 1458 534 1511 dictam
550 1459 667 1528 quidam
683 1459 785 1513 volunt
800 1460 878 1531 quod
894 1459 967 1513 infe-

135 1543 209 1613 riuS,
226 1561 261 1599 eo
285 1547 363 1616 quod
386 1548 526 1617 grossius
551 1545 740 1616 sit,'labrum.
763 1548 819 1601 alit
837 1547 967 1601 virorum

134 1632 228 1701 labra,
245 1634 400 1688 mulierum
416 1635 515 1689 dicunt
530 1636 617 1704 labia,
635 1637 688 1690 scd
701 1636 930 1691 contunduntur.

1019 941 1123 979 envix.

1055 1015 1161 1069 Cervix
1179 1020 1275 1071 autem
1301 1021 1418 1085 vocata,
1436 1017 1514 1088 quod
1539 1034 1592 1088 per
1610 1033 1674 1072 eam
1697 1019 1853 1072 cerebrum

1020 1105 1055 1158 ad
1081 1105 1238 1159 medullam
1263 1107 1357 1177 spiare
1381 1107 1532 1178 dirigitur,
1549 1107 1634 1178 quasi
1658 1109 1772 1163 cerebri
1795 1108 1852 1161 via.

1022 1193 1144 1248 Veteres
1155 1199 1250 1249 autum
1261 1195 1365 1265 plurali
1377 1198 1488 1250 tantum
1497 1212 1620 1252 numero
1631 1197 1765 1251 eervices
1776 1198 1854 1251 dire·

1020 1283 1853 1356 bant,primusllortensiuscervicemsingulariterdixit.

1021 1371 1128 1425 Ger-vix
1143 1375 1239 1426 autem
1254 1389 1331 1426 nunc
1346 1374 1376 1427 in
1392 1373 1536 1445 singulari
1552 1389 1674 1428 numero
1690 1375 1854 1428 membrum

1021 1459 1118 1528 ipsum
1131 1461 1288 1531 signifieat,
1302 1478 1368 1514 nam
1380 1463 1483 1532 plurali
1495 1479 1619 1517 nurnero
1635 1463 1769 1517 cervices
1781 1479 1854 1517 cen-

1022 1545 1176 1603 tumaciam
1193 1566 1274 1620 saepe
1295 1551 1506 1605 demonstrant.
1523 1551 1627 1610 Cicero
1649 1552 1676 1604 in
1701 1551 1852 1605 Verrinis:

1025 1658 1036 1686 a
1059 1638 1219 1692 Praetorem
1235 1643 1265 1691 tu
1280 1655 1406 1693 accusas
1422 1639 1559 1711 frangere
1576 1626 1720 1694 cervices,
1744 1659 1755 1688 s

172 1723 295 1794 Linguae
307 1740 322 1776 a
334 1724 473 1795 lingendo
485 1725 550 1778 cibo
562 1728 642 1795 putat
653 1725 746 1778 Varro
757 1740 865 1779 nomen
877 1724 968 1794 impo-
984 1765 1009 1825 B
1060 1727 1181 1781 Homeri
1199 1727 1267 1781 dieti
1290 1728 1376 1798 quasi
1399 1728 1482 1796 armi,
1500 1729 1536 1782 ad
1560 1729 1778 1782 distinctionem
1800 1729 1855 1782 hu-

136 1812 236 1881 situm,
252 1811 298 1865 alii
322 1812 400 1882 quod
424 1812 594 1866 articulatos
616 1829 707 1867 sonos
728 1813 799 1884 ligat
819 1813 850 1866 in
865 1813 965 1867 verba.

135 1901 217 1956 Sient
240 1900 318 1955 enim
341 1901 484 1970 plectrum
505 1901 642 1968 chordis,
660 1902 698 1955 ita
725 1903 825 1973 lingua
848 1902 970 1956 illiditur

135 1990 284 2059 dentibus,
296 1994 324 2044 ct
340 1989 471 2044 vocalem
487 2007 593 2045 sonum
609 1991 698 2045 emitti
716 1991 815 2046 elficit.

171 2085 281 2139 Dentes
305 2082 400 2138 Graeci
423 2083 549 2137 oduntes
569 2079 693 2155 [ddaora]
714 2083 827 2151 dieunt,
850 2086 877 2137 et
902 2083 969 2137 inde

137 2173 260 2229 latinum
269 2173 530 2228 videnturtrahere
540 2190 647 2228 nomen
658 2191 664 2228 ε
678 2175 784 2229 horum
795 2176 891 2246 primi,
900 2192 971 2246 prae·

137 2263 253 2318 cisores
268 2263 406 2317 dicuntur
425 2263 489 2317 sive
512 2263 764 2334 p1·mcisivi,quia
786 2281 871 2319 omae
892 2266 970 2335 quod

136 2352 289 2421 accipitur,
307 2352 363 2421 ipsi
379 2352 462 2421 prius
477 2352 618 2406 incidunt.
632 2353 795 2423 Sequentes
808 2354 904 2407 canini
920 2370 971 2409 vo·

138 2444 251 2509 cantur,
262 2456 387 2511 quoram
403 2441 460 2495 duo
475 2441 504 2494 in
519 2442 639 2496 dextera
654 2443 771 2496 maxilla
786 2447 864 2509 sunt,
875 2447 903 2498 et
913 2445 971 2498 duo

138 2528 168 2583 in
188 2529 321 2596 sinistra,
340 2533 368 2584 et
390 2530 457 2583 dicti
475 2530 588 2598 canini,
606 2531 672 2602 quia
689 2532 725 2584 ad
750 2532 971 2586 similitudinem

139 2619 311 2674 caninorum
327 2619 468 2687 existunt,
481 2619 559 2674 sicut
572 2622 600 2672 et
615 2621 750 2675 homines
762 2622 840 2691 quod
856 2625 884 2675 et
900 2638 971 2691 pos-

139 2711 209 2763 sunt
222 2708 339 2778 priores
350 2709 511 2778 praecidere
524 2708 581 2763 illis
597 2710 715 2764 tradunt
731 2713 761 2764 ut
772 2710 969 2780 confringant.

138 2797 202 2853 Hos
218 2797 327 2868 vulgus
342 2813 396 2866 pro
412 2797 574 2866 latitudine,
591 2798 773 2870 longitudine
789 2803 817 2853 et
837 2799 971 2854 rotundi-

139 2891 197 2941 tate
217 2887 390 2940 columellas
410 2891 534 2951 vocant3
559 2887 651 2941 ultimi
673 2893 743 2943 sunt
767 2888 970 2959 mola1·cs,qui

137 2975 258 3032 concisa
282 2992 298 3028 a
322 2976 473 3045 prioribus
495 2980 582 3047 atque
605 2977 754 3031 confracta
777 2976 920 3048 subigunt
945 2980 973 3030 rt

1025 1816 1113 1871 minis
1125 1833 1141 1869 a
1152 1815 1316 1885 pecudibus
1328 1817 1427 1885 mutiS,
1438 1821 1469 1870 ut
1480 1817 1508 1870 td
1519 1818 1669 1885 humeros,
1683 1817 1740 1871 illae
1756 1832 1856 1870 armos

1026 1905 1135 1959 babere
1158 1905 1308 1974 dicantur,
1329 1921 1396 1959 nam
1421 1906 1538 1975 proprie
1558 1906 1630 1959 armi
1656 1905 1857 1976 quadrupedis

1025 1998 1104 2048 sunt.

1061 2084 1134 2138 Halo
1166 2085 1271 2138 sommi
1295 2084 1408 2139 humeri
1439 2100 1508 2153 pars
1537 2084 1685 2154 posterior
1706 2088 1734 2137 ct
1757 2083 1859 2137 occul·

1025 2173 1091 2227 tior.

1063 2262 1187 2316 Brachia
1202 2279 1218 2315 a
1238 2262 1408 2317 tortitudine
1424 2263 1571 2317 nominata
1587 2266 1666 2329 sunt,
1679 2261 1752 2331 bary
1768 2258 1858 2332 {dape}

1026 2351 1103 2404 enim
1124 2352 1227 2405 Graece
1252 2367 1342 2422 grave
1362 2356 1390 2405 et
1405 2352 1479 2405 torte
1496 2352 1654 2422 significat.
1678 2350 1710 2402 ln
1727 2348 1857 2402 brachiis

1025 2441 1103 2493 enim
1116 2440 1192 2494 thori
1207 2441 1383 2494 lacertorum
1400 2445 1478 2508 sunt,
1489 2444 1518 2494 et
1527 2440 1645 2510 insigne
1656 2437 1858 2492 musculorum

1025 2529 1118 2583 rohur
1133 2529 1242 2583 existit.
1265 2530 1297 2583 ln
1322 2530 1369 2583 his
1394 2534 1462 2582 sunt
1480 2530 1547 2596 tori,
1564 2529 1593 2582 id
1614 2532 1660 2582 est
1677 2526 1815 2591 musculi,
1831 2528 1859 2579 et

1026 2618 1094 2672 dicti
1110 2619 1175 2686 tori,
1194 2618 1261 2689 quia
1280 2618 1339 2672 illic
1355 2619 1470 2672 viscera
1486 2621 1560 2672 torta
1576 2617 1741 2671 videantur.

1060 2706 1184 2761 Cubitus
1209 2707 1316 2774 dictus,
1334 2708 1412 2778 quod
1437 2707 1473 2759 ad
1502 2707 1586 2761 cibos
1615 2706 1776 2761 sumendos
1801 2705 1855 2776 ipsi

1026 2797 1234 2851 incumbimus

1062 2886 1136 2939 Ulna
1159 2887 1322 2941 secundum
1347 2887 1491 2956 quosdam
1512 2886 1667 2955 utriusque
1683 2899 1788 2937 manas
1804 2898 1858 2936 ex-

1025 2975 1122 3029 tensio
1144 2979 1208 3042 est3
1232 2975 1395 3029 secundum
1420 2975 1494 3028 alios
1517 2973 1635 3028 cubitus
1661 2972 1739 3043 quod
1763 2972 1857 3042 magis

139 3065 251 3121 molunt
261 3068 348 3135 atque
359 3066 509 3133 mandunt,
519 3067 598 3120 unde
609 3068 637 3119 ct
648 3068 774 3121 molares
783 3068 879 3121 vorati
890 3070 968 3135 sunt,
987 3084 1014 3148 c
1026 3079 1129 3117 verum
1145 3068 1200 3132 est,
1217 3064 1285 3134 quia
1296 3064 1398 3118 Graece
1415 3063 1518 3118 olenos
1530 3062 1648 3116 cubitus
1663 3062 1779 3116 dicitur.

139 3154 274 3209 [lentium
288 3157 384 3208 autem
399 3171 553 3209 numerum
567 3155 710 3211 discernit
725 3157 850 3226 qualitas
865 3172 968 3224 sexus,

138 3260 204 3299 nam
221 3245 251 3297 in
261 3243 334 3297 viris
350 3243 460 3313 plures,
476 3244 506 3298 in
521 3244 640 3298 leminis
655 3246 811 3315 pauciores
828 3246 968 3300 existunt.

173 3332 339 3404 Gingivaea
365 3333 525 3403 gignendis
548 3335 686 3388 dentibus
711 3335 867 3389 nominatae
890 3339 968 3402 sunt,

137 3421 223 3476 factae
239 3424 308 3475 suat
331 3424 427 3475 autom
452 3421 538 3475 etiam
558 3422 594 3475 ad
614 3423 752 3476 decorem
778 3423 918 3488 dentium,
934 3438 970 3477 ne

139 3511 209 3566 nudi
226 3509 342 3564 horreri
356 3509 455 3578 potius
471 3525 558 3579 quam
573 3516 744 3565 ornamento
760 3513 932 3568 existerent,

173 3599 306 3653 Palatum
322 3602 466 3667 nostram,
480 3599 556 3652 sicut
573 3599 678 3652 caelum
693 3616 812 3654 sursum
828 3605 873 3656 est
887 3604 970 3672 posi-

138 3691 210 3757 tum,
226 3688 337 3743 atinde
352 3688 479 3758 palatum
500 3704 515 3740 a
531 3686 598 3757 polo
613 3704 666 3757 per
682 3689 902 3745 derivationem.
912 3690 970 3745 Sed

141 3781 169 3832 et
195 3777 290 3833 Graeci
320 3776 456 3831 similiter
483 3776 610 3847 palatum
642 3776 777 3846 aspectant
810 3779 971 3834 uraniscon

138 3866 296 3937 appellant,
313 3881 348 3920 eo
364 3866 440 3937 quod
453 3882 506 3935 pro
522 3866 569 3920 sui
586 3867 766 3921 concavitate
784 3868 849 3921 coeli
866 3868 971 3921 simili-

138 3955 269 4009 tudinem
281 3955 395 4009 babeat.
407 3954 521 4009 Fauces
535 3971 551 4008 a
568 3956 726 4010 fundendis
735 3956 971 4011 vocibusnomi-

139 4045 216 4098 netoe
231 4043 317 4114 quasi
332 4043 426 4111 lorea,
445 4043 492 4098 vel
507 4043 609 4098 lauces
625 4045 703 4114 quod
722 4061 774 4114 per
790 4061 841 4099 eas
865 4045 969 4100 tamur.

174 4131 299 4187 Arterioe
308 4135 420 4186 vocatae
433 4136 503 4186 sunt
513 4133 577 4187 sive
589 4134 667 4204 quod
680 4149 819 4203 pereasa
833 4135 971 4204 pulmone

138 4236 199 4289 aer,
216 4220 246 4274 id
266 4223 313 4274 est
335 4221 457 4290 spiritus
475 4221 577 4289 fertur,
596 4237 649 4276 seu
668 4224 747 4293 quod
762 4223 856 4277 ‘aretis
875 4227 903 4277 et
918 4240 971 4277 aa·

1063 3153 1125 3206 Alte
1141 3153 1197 3207 sub
1213 3152 1345 3207 brachiis
1361 3157 1429 3205 sunt
1440 3152 1603 3221 appellatae,
1621 3151 1746 3220 eoquod
1763 3148 1858 3203 exeis

1025 3241 1055 3296 in
1067 3243 1185 3296 modum
1200 3242 1311 3295 alarum
1327 3244 1425 3295 motus
1435 3240 1624 3295 brachiorum
1639 3239 1772 3305 inchoet,
1784 3254 1858 3309 quas

1026 3331 1144 3402 quidam
1169 3331 1289 3384 ascillas
1312 3347 1366 3385 seu
1385 3330 1492 3383 axillas
1511 3333 1627 3397 vocant,
1649 3328 1726 3399 quod
1752 3343 1789 3380 ex
1815 3327 1859 3380 eia

1026 3420 1146 3474 brachia
1159 3420 1303 3484 cillentur,
1316 3419 1344 3472 id
1360 3423 1405 3473 est
1420 3421 1601 3471 meveantur.
1614 3417 1698 3471 Unde
1713 3421 1741 3470 et
1756 3414 1858 3469 oscilla

1025 3509 1101 3562 diota
1113 3509 1149 3562 ab
1170 3525 1204 3563 eo
1228 3508 1305 3578 quod
1322 3507 1467 3575 cillentur,
1484 3507 1512 3560 id
1532 3510 1578 3561 est
1600 3509 1774 3560 moveantur
1789 3519 1858 3568 ora,

1027 3613 1093 3651 nam
1105 3598 1205 3651 cillere
1222 3602 1267 3651 est
1282 3612 1401 3650 movere
1412 3611 1419 3664 ·,
1431 3596 1485 3649 bas
1497 3596 1615 3666 quidam
1631 3594 1731 3648 hircos
1747 3593 1857 3659 dicuat,

1027 3702 1062 3740 eo
1078 3687 1156 3756 quod
1172 3687 1200 3739 in
1217 3685 1368 3756 plerisque
1383 3685 1553 3738 hominibus
1574 3683 1720 3737 hircinum
1735 3681 1859 3735 latorem

1026 3775 1159 3829 reddant.

1062 3863 1167 3917 ltlanus
1193 3863 1269 3916 dicta
1300 3863 1378 3933 quod
1401 3863 1438 3916 sit
1459 3862 1557 3916 totius.
1575 3861 1709 3931 corporis
1731 3874 1859 3926 rnuaus3

1026 3951 1092 4020 ipsa
1107 3952 1185 4005 enim
1197 3951 1295 4005 cibum
1311 3952 1354 4005 ori
1367 3952 1522 4018 ministrat,
1533 3951 1597 4020 ipsa
1614 3953 1753 4019 operatur
1762 3948 1859 4002 omnia

1027 4044 1113 4111 atque
1140 4040 1303 4110 dispensat,
1320 4055 1374 4109 per
1388 4055 1452 4093 eam
1475 4039 1637 4108 accipimus
1660 4042 1688 4091 et
1702 4039 1859 4091 donamus.

1027 4129 1159 4183 Abusive
1171 4129 1257 4183 etiam
1268 4144 1373 4183 manus
1384 4144 1432 4182 ars
1443 4128 1490 4181 vel
1501 4127 1616 4192 artilex,
1627 4127 1704 4181 unde
1715 4131 1744 4180 et
1755 4141 1860 4179 manus

1027 4218 1153 4287 pretium
1171 4217 1307 4286 dicimuS,
1320 4220 1347 4271 et
1364 4220 1540 4270 armatorum
1556 4216 1667 4285 copias.

138 4309 238 4382 gustis
254 4309 399 4363 meatibus
416 4310 551 4379 spiritum
567 4310 684 4364 vitalem
704 4312 879 4377 contineant,
895 4312 972 4366 unde
1065 4306 1173 4359 Dextra
1184 4306 1291 4360 dicitur
1301 4322 1317 4359 a
1328 4306 1433 4372 dando,
1447 4305 1511 4374 ipsa
1527 4304 1603 4358 anim
1616 4304 1645 4356 in
1656 4303 1766 4374 pignus
1778 4301 1861 4371 pacis

139 4413 232 4453 sonos
243 4398 327 4452 vocis
338 4398 477 4466 emittant,
495 4399 543 4469 qui
561 4399 625 4453 soni
643 4415 701 4453 uno
717 4400 803 4454 modo
820 4404 970 4469 sonarent,
985 4398 1015 4467 ἶ)
1030 4395 1124 4462 datur,
1140 4395 1205 4464 ipsa
1220 4394 1306 4448 testia
1322 4393 1390 4447 tldei
1409 4397 1496 4463 atque
1516 4392 1620 4445 salitis
1637 4391 1819 4461 perhibetur,
1835 4393 1864 4443 et

141 4487 200 4542 nisi
220 4486 329 4559 lingum
345 4490 443 4541 motus
459 4487 614 4542 distantias
625 4488 709 4542 vocis
725 4487 866 4543 etdccret.
883 4489 972 4543 Tales
1031 4484 1088 4538 hoc
1116 4487 1162 4537 cst
1190 4483 1261 4536 illud
1288 4483 1365 4552 apud
1394 4481 1540 4535 Tulliam:
1560 4504 1570 4528 a
1590 4480 1691 4534 Fidem
1714 4478 1864 4549 publicam

138 4575 250 4630 Gallica
264 4575 365 4647 lingua
381 4575 527 4643 dicuntur,
545 4592 619 4647 quas
636 4576 725 4646 vulgo
740 4593 793 4646 per
807 4577 973 4631 diminutio-

140 4680 208 4719 nem
222 4663 360 4720 tonsillas
377 4666 484 4719 vocant
503 4680 570 4735 quae
588 4665 618 4718 ia
643 4664 778 4719 faucibus
799 4668 973 4737 turgescere

139 4752 246 4807 solent.

176 4840 305 4895 Mantum
325 4840 434 4895 dictum
453 4842 531 4913 quod
552 4841 619 4896 inde
639 4842 816 4896 mandibulae
833 4841 973 4912 oriantur,

141 4928 189 4983 vel
205 4929 284 4999 quod
300 4928 339 4982 ibi
358 4929 535 5000 migrantur,
552 4932 598 4985 vel
615 4931 693 5001 quod
713 4931 782 4985 dum
797 4931 976 4985 mentionem

142 5016 272 5087 alicujus
287 5017 435 5087 loquendo
446 5018 572 5072 tacimus
587 5019 684 5089 ipsum
703 5035 867 5074 movemus.

176 5104 320 5176 Gurgulio
341 5120 448 5159 nomen
471 5109 492 5159 tr
499 5106 559 5161 abit
579 5123 595 5160 a
612 5110 739 5178 gutture,
757 5108 844 5178 cujus
862 5111 975 5162 meatus

143 5192 180 5247 ad
202 5209 236 5248 os
253 5196 281 5247 et
296 5209 384 5248 nares
400 5194 593 5264 protenditur,
613 5195 727 5250 habens
745 5197 822 5250 viam
845 5212 902 5267 qua
917 5212 977 5250 vox

143 5280 322 5353 adliaguam
337 5282 552 5350 transmittitur,
562 5285 592 5336 ut
607 5284 703 5353 possit
714 5284 804 5338 verba
820 5284 974 5348 collidere3

141 5370 219 5425 unde
235 5373 264 5424 et
277 5370 391 5441 garrire
407 5371 543 5425 dicimus.

178 5458 293 5514 Rumon
307 5459 474 5528 proximum
490 5459 738 5531 gurgulioni,quo
750 5461 835 5515 cibus
846 5465 874 5514 et
887 5463 975 5531 potus

143 5547 336 5615 devorantur,
361 5546 430 5600 hine
448 5550 476 5600 et
498 5547 613 5616 bestiae,
629 5565 696 5619 quse
717 5550 816 5604 cibum
836 5552 976 5605 revocant

142 5639 171 5713 pt
185 5635 370 5707 remandunt,
387 5635 535 5692 ruminare
552 5636 700 5695 dicuntur.

1029 4572 1120 4647 jussu
1136 4576 1257 4625 senatus
1272 4571 1349 4638 dedi,
1362 4570 1390 4624 id
1406 4573 1452 4624 est
1463 4569 1605 4623 dextram.
1618 4589 1629 4618 ι
1644 4567 1727 4623 Unde
1742 4570 1772 4621 et
1787 4568 1864 4638 ltpa-

1033 4661 1128 4715 stolus
1144 4661 1213 4714 dicit
1230 4675 1236 4714 :
1263 4660 1395 4714 Dextrae
1409 4658 1484 4712 aiibi
1499 4657 1647 4712 dederunt
1664 4662 1694 4710 ct
1714 4655 1866 4710 Barnabae

1032 4750 1187 4803 societatis
1201 4748 1280 4817 (Gal.
1297 4749 1338 4817 ut.

1069 4838 1157 4891 Laeva
1173 4837 1280 4891 dicitur
1294 4837 1373 4907 quod
1396 4836 1435 4890 sit
1450 4835 1549 4903 laevis,
1566 4835 1595 4889 id
1611 4833 1736 4888 estsine
1752 4833 1865 4903 asperi·

1033 4930 1090 4981 tate
1106 4930 1134 4980 et
1149 4926 1233 4994 callo,
1251 4925 1300 4996 qui
1312 4925 1423 4979 dextrae
1439 4941 1475 4979 ex
1490 4925 1592 4978 labore
1607 4923 1765 4977 inducitur.

1069 5015 1194 5070 Sinistra
1209 5017 1306 5068 autem
1321 5017 1439 5081 vocata,
1456 5013 1540 5083 quasi
1558 5013 1623 5066 siae
1639 5012 1774 5076 dextera,
1801 5010 1867 5064 sire

1034 5103 1112 5174 qued
1129 5118 1190 5156 rem
1206 5102 1269 5156 tleu’
1286 5101 1372 5170 sinat,
1384 5104 1412 5156 ct
1426 5117 1486 5156 non
1501 5100 1598 5154 faciat.
1610 5101 1635 5154 Α
1646 5099 1772 5154 sinendo
1788 5098 1868 5152 caim

1034 5192 1156 5247 sinistra
1170 5191 1287 5246 dicitur.

1069 5281 1168 5335 Palma
1178 5284 1224 5335 est
1233 5296 1337 5335 menas
1349 5280 1490 5350 expansis
1500 5278 1612 5350 digitis,
1620 5277 1698 5332 sicut
1707 5275 1868 5331 contractis

1033 5386 1163 5441 pugnus,
1180 5370 1303 5442 Pugnus
1323 5372 1419 5423 autem
1443 5385 1459 5421 a
1481 5367 1639 5439 pungendo
1665 5365 1773 5434 dictuS,
1789 5364 1868 5418 vela

1032 5474 1142 5530 pugna,
1155 5463 1204 5513 aut
1218 5463 1319 5513 contra
1335 5457 1412 5511 sicut
1427 5457 1520 5526 palma
1532 5473 1548 5509 a
1558 5455 1724 5525 pandendo.

1071 5548 1161 5620 Digiti
1175 5548 1334 5618 nuncupati
1350 5547 1397 5602 vel
1413 5546 1491 5617 quod
1508 5546 1611 5599 decem
1627 5546 1710 5606 suut,
1732 5542 1778 5596 rat
1799 5540 1868 5613 quia

1035 5636 1276 5712 decentcrjuncti
1288 5639 1371 5705 sunt,
1382 5650 1450 5691 uam
1464 5634 1573 5693 babent
1583 5633 1613 5689 in
1624 5648 1657 5692 se
1670 5635 1698 5689 et
1712 5645 1867 5689 numerum
