3796 6022
128 289 185 354 131
513 275 733 351 APPENDIX
753 286 811 348 ΑΙ)
834 278 1024 351 HUGONIS
1047 284 1192 349 OPERA
1216 278 1481 350 nostramet.
1786 283 1843 354 132'

163 491 256 546 Urina
275 491 371 545 autem
394 489 470 543 dicta
494 503 510 541 a
533 488 647 556 Gracco,
664 485 752 558 οὖρέω,
767 485 797 540 id
818 487 864 540 θεῖ
879 486 954 540 meio
971 468 1001 530 Α
1014 487 1138 556 proxila,
1156 488 1184 540 et
1198 490 1302 557 pectus
1317 487 1454 557 amplum.
1467 488 1500 542 ln
1512 489 1684 544 mulieribus
1701 490 1784 546 leves
1798 506 1846 563 ge·

128 598 183 638 seu
197 580 308 651 mingo,
321 582 349 631 θῖ
359 578 462 633 Graece
473 575 550 647 οὖρος,
564 576 652 648 cujus
663 575 771 629 indicio
787 577 815 628 ct
830 573 913 628 salus
929 576 958 628 et
1015 592 1070 645 nae,
1088 579 1115 630 ct
1134 578 1292 647 angustum
1315 578 1439 645 pectus3
1465 575 1501 630 ad
1524 577 1733 647 concipiendos
1749 583 1846 634 autem

129 669 274 742 aegritudo
289 669 478 720 monstratur.
495 663 549 728 Qui
566 664 672 718 humer
682 663 783 716 Latine
799 662 901 716 lotium
915 662 958 715 di·
1014 662 1093 717 fetus
1108 666 1136 717 et
1146 663 1307 732 portandos
1319 679 1406 718 rencs
1418 664 1545 718 etlatera
1560 665 1686 721 dilatata.
1702 667 1845 732 Quoniam

130 760 214 829 citur,
231 756 309 828 quod
325 771 360 810 θο
379 755 436 808 Ιοῖθ
451 754 627 808 vestimenta
641 751 749 805 munda
764 749 939 804 alliciantur.
1013 767 1079 822 quae
1105 751 1250 822 pertinent
1275 752 1312 805 ad
1335 751 1484 807 hominem
1509 757 1537 807 θῖ
1564 759 1664 824 partes
1688 757 1795 810 animae
1819 761 1846 809 et

94 839 96 843 ’
165 847 271 901 Samen
286 847 331 898 θεῖ
346 844 425 914 quod
437 842 549 912 jactum
566 841 692 894 sumitur
707 842 756 893 aut
772 839 801 892 in
818 843 895 892 terra
910 842 960 892 aut

129 939 212 990 utero
229 933 265 986 ad
280 932 462 1004 gignendum
477 930 522 983 vel
534 928 650 982 fructus
661 927 708 981 vel
717 928 805 981 setus.
819 926 872 980 Est
883 928 960 980 enim

130 1024 227 1094 liquor
248 1037 285 1075 cx
309 1019 367 1072 eibi
392 1022 419 1072 et
445 1016 579 1085 corperis
603 1015 775 1069 decoctione
799 1015 905 1083 sactus,
927 1030 961 1068 ac

129 1109 256 1166 diffusus
272 1124 326 1179 per
339 1121 431 1160 venas
446 1109 532 1174 atque
550 1102 705 1171 medullas,
723 1103 772 1173 qui
787 1103 855 1155 inde
870 1102 961 1156 desu-

130 1202 226 1268 datuS,
243 1199 273 1251 in
289 1196 407 1250 modum
422 1193 546 1246 sentinae
563 1192 671 1246 crescit
690 1192 719 1245 in
742 1191 879 1260 renibus,
898 1189 961 1260 eje-

131 1293 255 1358 ctusque
264 1300 317 1354 per
325 1281 517 1350 coitum,etin
526 1285 640 1334 uterum
648 1279 781 1334 mulieris
791 1280 960 1348 susceptuS,

131 1376 229 1430 calore
245 1371 371 1442 quedam
387 1370 547 1437 viscerum,
565 1371 592 1422 ei
603 1367 793 1422 menstrualis
805 1367 961 1438 sanguinis

131 1448 303 1534 irrigatione
319 1459 461 1512 formatur
476 1459 505 1510 in
521 1473 641 1526 corpus,

166 1551 350 1604 hienstruum
365 1551 410 1600 est
429 1561 633 1615 supervacuus
653 1545 809 1598 mulierum
825 1543 960 1616 sanguis,

131 1632 960 1705 dietaautemsuntmenstruaacircuiiulunarisluminiS,

130 1743 188 1800 quo
199 1726 274 1781 solet
282 1724 339 1778 hoc
350 1723 468 1776 evenire
477 1722 663 1792 prolluvium.
676 1721 759 1774 Luna
770 1721 847 1774 enim
858 1720 961 1775 Graece

1014 841 1159 909 corporis,
1178 855 1214 892 cx
1229 843 1311 909 parte
1328 840 1452 911 dictum,
1477 845 1541 912 est,
1566 859 1644 897 nunc
1661 829 1763 898 aetatcs
1780 844 1846 916 ejus

1013 928 1244 999 subjungamus,

1013 1015 1082 1069 Car.
1095 1016 1171 1069 LXI.
1185 1015 1228 1069 De
1238 1015 1378 1069 aetatibus
1386 1016 1522 1085 hominia,
1535 1023 1564 1072 et
1576 1019 1726 1074 vocabulis
1734 1037 1844 1089 earum,

1132 1105 1220 1158 ctiam
1238 1119 1327 1176 usque
1343 1105 1381 1159 ad
1394 1111 1527 1172 mortem,
1546 1113 1575 1160 et
1589 1115 1729 1164 mortuos

1048 1192 1163 1247 Gradus
1180 1193 1274 1246 aetatis
1291 1208 1346 1246 sex
1361 1197 1439 1263 sunt,
1454 1193 1585 1265 infantia,
1597 1198 1732 1267 pucritia,
1749 1197 1848 1252 adole-

1014 1280 1136 1349 scentia,
1151 1279 1306 1351 juventus,
1323 1281 1418 1335 virilis
1435 1283 1576 1354 gravitas,
1593 1288 1679 1357 atque
1696 1290 1846 1341 senectus.

1014 1367 1111 1421 Prima
1127 1373 1199 1422 aetas
1215 1368 1336 1422 infantia
1351 1374 1397 1423 est
1416 1373 1499 1440 pueri
1519 1374 1671 1427 nascentis
1687 1374 1724 1428 ad
1738 1374 1845 1443 lucem,

1014 1473 1080 1526 quac
1106 1457 1269 1529 porrigitur
1292 1458 1323 1510 in
1348 1463 1460 1528 septem
1486 1476 1590 1516 annos.
1616 1462 1751 1517 Secunda
1775 1467 1847 1517 aetas

1014 1545 1138 1615 pueritia
1155 1549 1209 1615 θεῖ,
1227 1545 1256 1598 id
1272 1550 1317 1600 est
1327 1563 1416 1616 pura,
1433 1550 1461 1600 et
1472 1550 1602 1604 nondum
1613 1551 1649 1604 ad
1664 1551 1848 1623 gignendum

1015 1637 1090 1703 apta,
1106 1634 1232 1688 tendens
1248 1650 1344 1706 usque
1358 1635 1395 1688 ad
1409 1638 1544 1706 quartum
1559 1639 1706 1692 decimum
1721 1655 1847 1709 annum,

1016 1722 1100 1775 tertia
1115 1722 1314 1776 adolescentia
1330 1724 1366 1776 ad
1381 1724 1563 1795 gignendum
1580 1731 1655 1798 apta,
1673 1742 1739 1798 quae
1754 1728 1848 1798 porri-

132 1831 216 1870 mene
233 1818 296 1887 μῆνη
312 1812 427 1880 dicitur,
452 1811 516 1864 haee
531 1813 559 1864 ct
574 1810 728 1863 muliebria
744 1813 959 1879 nuncupantur.
977 1792 1003 1856 Β
1017 1810 1097 1881 gitur
1112 1825 1206 1879 usque
1222 1811 1250 1863 in
1271 1811 1376 1881 viginti
1395 1815 1460 1865 octe
1483 1828 1597 1882 ann0s3
1614 1818 1726 1885 quarta,
1741 1815 1848 1886 juven-

130 1905 206 1959 Nam
221 1902 326 1957 mulier
345 1900 441 1954 solum
464 1899 570 1952 animal
595 1899 772 1952 menstruale
796 1902 851 1952 cst.
868 1897 962 1970 Cujus
1016 1901 1075 1968 tus,
1093 1898 1264 1951 firmissima
1283 1900 1412 1953 omnium
1434 1904 1564 1971 aetatum,
1588 1903 1695 1957 finiens
1715 1905 1745 1958 in
1760 1904 1847 1975 quin-

132 1992 247 2049 cruoris
263 1992 397 2045 contactu
416 1987 521 2059 fruges
544 2003 601 2041 non
624 1988 804 2058 germinant,
822 1992 964 2041 acescunt
1017 1987 1191 2058 quagesima
1208 2002 1294 2040 anne.
1315 1987 1421 2052 Quinta
1443 1991 1515 2042 aetas
1538 1992 1584 2043 θεῖ
1600 1991 1739 2060 senioris,
1756 1992 1849 2047 idest

132 2084 238 2150 musta,
255 2079 420 2133 moriuntur
440 2076 555 2144 herbar,
581 2077 715 2129 amittunt
734 2075 858 2130 arbores
873 2075 962 2146 fetus,
1016 2075 1111 2128 virilis
1127 2075 1273 2145 gravitas,
1290 2091 1356 2146 quae
1373 2080 1417 2129 θεῖ
1439 2077 1593 2132 declinatio
1613 2077 1798 2150 ejurentutc
1813 2079 1850 2134 ad

133 2171 245 2227 ferrum
259 2167 366 2238 rubigo
382 2165 555 2235 corrumpit,
573 2165 747 2235 nigrescunt
761 2169 920 2234 comment,
937 2164 964 2218 si
1018 2165 1209 2233 senectutem,
1227 2165 1357 2218 nondum
1372 2169 1522 2235 senectus,
1541 2168 1594 2220 scd
1602 2166 1665 2238 jam
1675 2184 1735 2223 non
1747 2167 1853 2239 juven·

132 2261 182 2332 qui
199 2272 288 2313 canes
304 2256 371 2309 inde
387 2254 510 2322 ederint,
528 2253 558 2306 in
572 2253 684 2307 rabiem
701 2251 878 2323 efferantur,
894 2253 963 2326 glu-
1017 2255 1075 2322 ῖθε,
1093 2253 1161 2323 quia
1175 2253 1303 2307 senioris
1316 2256 1387 2307 aetas
1400 2256 1454 2322 θεῖ,
1467 2270 1555 2324 quam
1568 2256 1664 2311 Graeoi
1690 2258 1852 2327 presbyten

131 2349 224 2403 tinum
238 2344 365 2415 asphalti
381 2342 459 2413 qued
479 2357 534 2395 nec
555 2340 645 2409 ferro,
666 2357 721 2394 nec
736 2341 805 2412 igne
821 2341 963 2396 dissolri·
1016 2345 1138 2411 vocant,
1160 2358 1227 2395 nam
1251 2357 1344 2396 senex
1367 2343 1444 2412 apud
1469 2343 1592 2398 Graecos
1615 2360 1674 2400 non
1694 2345 1853 2417 presbyter

131 2439 189 2505 tur,
207 2434 272 2504 ipso
289 2446 393 2485 cruore
407 2429 550 2500 pollutum
560 2432 666 2498 sponte
677 2429 879 2501 disjungitur,
895 2434 964 2499 post
1017 2435 1134 2501 vocant,
1148 2447 1213 2484 nam
1226 2446 1319 2485 senex
1329 2431 1406 2500 apud
1417 2431 1539 2487 Graecos
1550 2434 1785 2506 conpresbyter,
1798 2435 1853 2489 sed

128 2524 275 2596 plurimos
292 2523 387 2574 autem
399 2517 903 2573 dicsmonstruosideosemennon
918 2522 964 2574 est
1018 2520 1088 2592 γέρον
1103 2534 1211 2590 geron,
1239 2519 1330 2591 hujus
1354 2524 1496 2590 gerontos
1512 2521 1628 2576 dicitur.
1645 2521 1717 2588 Quae
1740 2526 1852 2578 oetasa

132 2609 335 2686 germinabile,
354 2606 495 2679 quiajam
506 2621 565 2660 non
576 2609 621 2661 θεῖ
632 2607 821 2662 menstrualis
838 2608 962 2680 sanguis
1019 2608 1266 2680 quinquagesimo
1278 2623 1354 2662 anno
1366 2611 1412 2662 θεῖ
1422 2613 1572 2680 senectus,
1585 2627 1652 2682 quae
1667 2612 1747 2666 nullo
1763 2628 1854 2667 anno·

131 2719 147 2757 a
163 2716 221 2773 quo
236 2699 391 2771 perfusum
406 2695 554 2767 irrigetur.
1018 2713 1084 2751 rum
1099 2701 1230 2766 tempore
1245 2698 1354 2765 finitur,
1372 2698 1426 2751 sed
1436 2702 1504 2767 pest
1520 2699 1587 2753 illas
1603 2701 1733 2772 quinque
1749 2704 1851 2757 aetatcs

166 2791 266 2845 Tenue
281 2802 384 2842 semen
400 2786 429 2839 in
442 2784 637 2839 muliebribus
648 2785 723 2839 locis
739 2801 797 2839 non
812 2784 960 2857 adhaeret,
1019 2789 1267 2857 quantuncunque
1284 2787 1352 2839 vitm
1368 2790 1427 2856 est,
1452 2789 1596 2842 senectuti
1614 2789 1779 2860 deputatur.
1796 2789 1852 2845 Se-

130 2879 239 2934 lebitur
249 2877 337 2946 enim,
350 2890 404 2929 nec
416 2873 572 2928 habetvim
583 2874 763 2928 adhaerendi.
780 2873 920 2929 Similiter
935 2879 962 2929 et
1018 2875 1099 2929 nium
1115 2880 1212 2929 autem
1226 2891 1295 2944 pars
1312 2877 1358 2928 est
1372 2876 1472 2929 ultima
1489 2878 1663 2948 senectutis,
1681 2877 1757 2932 dicta
1771 2879 1851 2951 quad

132 2983 267 3023 erassum
284 2981 342 3019 non
365 2963 453 3018 habet
475 2963 535 3015 vim
559 2963 716 3034 gignendi,
742 2963 810 3034 quia
825 2964 962 3019 muliebri
1019 2965 1057 3018 sit
1073 2965 1215 3017 terminus
1228 2963 1361 3033 septimae
1373 2965 1478 3018 aetatis.
1491 2965 1523 3018 ln
1535 2965 1583 3020 his
1596 2981 1667 3038 ergo
1679 2983 1735 3022 sex
1744 2967 1850 3038 spatiis

132 3055 271 3128 sanguini
286 3070 319 3108 se
331 3054 456 3107 miscere
467 3067 526 3106 non
536 3054 633 3121 potest
644 3057 765 3122 propter
779 3053 898 3105 nimiam
914 3053 962 3107 sui
977 3099 1004 3162 c
1018 3052 1515 3123 philosophidescripseruntvitam
1525 3054 1691 3124 humanam,
1701 3057 1850 3128 inquibus

131 3144 377 3217 spissitudinem3
393 3142 461 3195 hinc
485 3145 512 3195 at
535 3141 653 3195 steriles
676 3157 774 3195 mares
793 3145 820 3195 cl
837 3141 961 3196 feminas
1018 3141 1158 3195 limitatur
1173 3144 1200 3194 ct
1216 3140 1321 3209 currit,
1347 3143 1375 3197 θῖ
1394 3141 1430 3195 ad
1452 3142 1519 3196 vitae
1534 3145 1690 3198 terminum
1705 3147 1849 3216 peruenit.

132 3236 233 3290 dicunt
248 3233 313 3288 lieri
328 3232 374 3286 rel
390 3233 509 3300 propter
521 3231 641 3284 nimiam
652 3231 880 3285 crassitudinem
894 3246 962 3284 san·
1019 3230 1182 3301 Pergamus
1198 3245 1270 3301 ergo
1281 3229 1411 3283 breviter
1421 3246 1475 3300 per
1484 3232 1643 3300 praedictos
1654 3234 1767 3305 gradus
1779 3238 1852 3290 aeta-

131 3324 232 3397 guinis
246 3322 293 3377 vel
309 3321 448 3388 seminis,
464 3320 510 3372 vcl
531 3323 651 3388 propter
669 3320 787 3373 nimiam
803 3320 960 3374 raritatem.
1017 3322 1093 3389 tum,
1116 3319 1310 3390 etymologias
1333 3335 1434 3374 earum
1457 3319 1488 3373 in
1510 3319 1628 3376 homine
1643 3323 1851 3378 demonstran-

133 3413 263 3467 Primum
279 3415 375 3464 aulem
390 3409 471 3462 aiunt
485 3425 537 3462 cor
556 3408 684 3462 hominis
699 3409 782 3479 fingi,
798 3410 866 3479 quia
882 3410 912 3463 in
928 3425 962 3463 eo
1018 3413 1073 3462 ῖθε.

132 3503 171 3556 εῖῖ
186 3507 214 3556 θῖ
228 3502 286 3554 vita
301 3499 440 3566 hominis,
458 3501 486 3551 et
502 3498 655 3566 sapientia.
673 3498 783 3551 Deinde
799 3499 963 3570 quadrage·
1055 3497 1155 3551 Infans
1171 3497 1278 3550 dieitur
1294 3496 1382 3550 homo
1398 3497 1501 3566 primae
1519 3500 1624 3570 θθῖθῖῖε,
1641 3500 1738 3555 dietus
1753 3505 1852 3556 autem

131 3592 206 3656 simo
223 3589 269 3644 die
289 3591 381 3642 toturn
403 3602 511 3655 corpus
536 3586 662 3655 expleri,
686 3587 765 3656 quod
781 3601 818 3640 ex
833 3587 963 3641 abortio·
1019 3586 1127 3654 infans,
1140 3586 1219 3656 quod
1229 3585 1324 3638 adhuc
1336 3584 1400 3654 fari,
1414 3586 1441 3639 id
1453 3590 1499 3640 est
1509 3587 1589 3659 loqui
1600 3604 1659 3643 non
1670 3592 1768 3660 potest
1778 3607 1851 3646 non·

131 3681 230 3748 nibus,
247 3681 278 3731 ut
293 3677 403 3745 lerunt,
421 3675 576 3728 collectum
596 3678 651 3728 est.
672 3675 730 3727 hlil
745 3674 823 3728 letus
839 3692 855 3727 a
871 3676 964 3745 capite
1019 3676 1088 3729 dum
1105 3676 1182 3728 enirn
1198 3674 1273 3728 benc
1293 3674 1436 3728 ordinatis
1458 3676 1606 3747 dentibus,
1623 3678 1721 3732 miuus
1738 3679 1853 3752 integra

132 3768 286 3825 exordium
303 3780 420 3819 sumere
435 3764 549 3832 dieunt,
566 3764 683 3816 undeet
697 3762 727 3815 in
741 3764 839 3816 avium
855 3764 963 3818 letibus
1019 3768 1065 3817 est
1081 3763 1229 3816 sermonis
1245 3764 1411 3831 expressio

132 3859 258 3929 primurn
274 3854 378 3908 oculos
395 3853 467 3924 tingi
482 3854 512 3905 in
524 3853 589 3906 oris
600 3852 746 3906 videmus.
765 3852 853 3905 Fetus
870 3857 967 3906 aulem
1054 3853 1131 3906 Puer
1146 3869 1163 3904 a
1177 3852 1301 3920 puritate
1316 3857 1450 3920 vocatus,
1466 3854 1534 3924 quia
1549 3872 1642 3925 purus
1658 3861 1714 3925 esi,
1731 3860 1760 3911 θῖ
1776 3873 1851 3912 non-

132 3947 239 4012 dictuS,
257 3943 334 4015 qued
350 3943 446 3994 adbuc
467 3943 496 3994 in
519 3946 602 3994 utero
629 3940 772 3995 foveatur.
797 3942 867 3995 ltem
883 3943 967 3995 nasci
1018 3942 1087 3994 dum
1099 3941 1278 4010 lanuginem,
1291 3941 1452 4012 floremque
1467 3958 1610 4013 genarum
1626 3946 1723 4000 habet.
1737 3946 1809 4001 Eam
1820 3947 1850 4015 ii,

132 4034 266 4104 patribus
282 4032 395 4084 similes
411 4032 501 4098 aiunt,
515 4032 541 4084 si
557 4035 709 4100 paternum
722 4046 824 4084 semen
839 4030 966 4084 validius
1018 4031 1068 4101 qui
1083 4030 1192 4083 habent
1207 4034 1276 4082 sunt
1290 4030 1397 4098 ephebi
1408 4032 1443 4083 ab
1453 4033 1499 4099 ἤδη
1511 4032 1585 4086 hcbe
1600 4050 1667 4104 qua>
1682 4038 1728 4088 θεῖ
1743 4035 1851 4105 puber-

133 4121 351 4193 sit3111atribus
368 4121 393 4172 si
415 4123 597 4188 maternum,
619 4120 673 4172 hac
693 4120 780 4173 ctiam
794 4120 907 4174 ratione
922 4120 966 4172 si·
1018 4123 1063 4173 tas
1080 4119 1164 4187 dicti,
1186 4119 1271 4187 pueri
1293 4122 1389 4170 autem
1413 4121 1538 4173 necdum
1561 4138 1614 4191 pro
1639 4124 1765 4178 nativate
1782 4128 1852 4178 sunt

132 4213 218 4267 miles
229 4210 353 4280 exprimi
369 4210 478 4263 vultus
495 4209 549 4272 Qui
561 4213 657 4262 autern
669 4210 823 4280 utriusque
834 4208 965 4279 parentis
1018 4208 1090 4276 viri,
1113 4209 1166 4261 sed
1187 4206 1401 4261 adolescentuli
1425 4209 1517 4263 leves.
1544 4210 1621 4264 Puer
1642 4215 1739 4266 autem
1755 4213 1851 4268 tribus

132 4302 257 4373 liguram
272 4299 406 4368 reddunt,
428 4298 579 4368 aequaliter
601 4299 687 4351 misto
708 4302 839 4367 paterne,
858 4301 965 4351 nratcr-
1020 4297 1116 4350 modis
1133 4296 1248 4365 dicitur,
1266 4312 1319 4366 pro
1335 4297 1474 4367 nativate,
1498 4303 1528 4352 ut
1546 4300 1649 4355 lsaias.
1667 4301 1750 4355 Puer
1767 4309 1854 4356 natus

132 4406 229 4462 noque
254 4389 400 4461 sanguine
416 4387 463 4440 vel
488 4388 601 4441 semine
617 4388 832 4461 concipiuntur.
860 4389 1005 4464 llicuntD
1022 4392 1067 4441 cst
1084 4385 1169 4439 nohis
1188 4385 1269 4454 (lsai.
1286 4387 1342 4454 rx),
1365 4386 1500 4441 similiter
1519 4405 1572 4458 pro
1592 4393 1686 4459 aetate,
1704 4393 1735 4444 ut
1750 4395 1854 4445 octen-

132 4482 219 4536 etiam
234 4494 356 4532 avorum
372 4480 400 4531 et
419 4492 596 4545 proavorum
617 4477 788 4530 consimiles
804 4477 879 4546 lieri,
897 4477 966 4547 quia
1021 4474 1078 4542 nis,
1095 4474 1246 4541 decennis,
1263 4475 1340 4527 unde
1356 4477 1401 4527 cst
1416 4475 1507 4530 illud:

132 4571 209 4624 sicut
224 4570 254 4622 in
271 4572 348 4622 terra
368 4567 457 4619 mulla
480 4566 594 4618 semina
616 4565 808 4634 occultantur,
833 4566 878 4618 sic
893 4566 966 4619 etin

133 4659 302 4715 hominibus
319 4655 433 4709 semina
445 4655 576 4707 celantur
586 4657 739 4722 parentum
751 4654 863 4724 ligurus
874 4653 968 4707 reddi-

132 4753 207 4803 tura.
225 4748 271 4801 Ex
289 4751 410 4816 paterne
432 4746 529 4796 autem
554 4742 666 4796 semine
690 4741 803 4810 puellas
819 4743 913 4811 nasci,
930 4757 967 4796 ex

133 4841 265 4891 materno
281 4849 401 4902 pueros
418 4833 485 4902 quia
503 4832 599 4885 omnis
613 4835 715 4900 partus
731 4834 846 4885 constat
862 4847 899 4884 ex
915 4832 966 4884 du-

133 4925 202 4997 plici
218 4923 341 4990 seminc,
359 4924 387 4974 ct
402 4920 490 4991 cujus
512 4936 583 4990 pars
606 4920 701 4991 maior
724 4924 783 4990 est,
800 4920 924 4974 involvit
939 4924 967 4972 et

133 5015 256 5083 occupat
272 5009 493 5065 similitudinem
506 5024 609 5062 sexus

170 5097 890 5170 lncorporenosti-oquaeda111tanlnmadutilitatis
903 5113 968 5151 cau·

134 5207 198 5248 sam
214 5191 289 5245 sacta
306 5189 384 5256 suut,
402 5189 432 5239 ut
447 5187 583 5253 viscera,
601 5187 736 5255 quaedam
748 5192 775 5240 et
791 5187 922 5241 utilitatis
939 5190 967 5240 θῖ

134 5280 261 5346 decoris,
279 5281 309 5331 ut
325 5290 435 5329 sensus
451 5274 480 5326 in
497 5273 581 5343 facie,
599 5278 626 5326 et
640 5275 669 5326 in
681 5290 805 5343 corpore
816 5292 920 5329 manus
933 5292 967 5330 ac

133 5370 236 5443 pedes,
253 5382 379 5439 querum
395 5364 594 5418 membrorum
613 5366 641 5416 et
661 5364 770 5417 utilitas
788 5381 893 5436 magna
909 5368 965 5435 est,

133 5464 162 5519 θῖ
177 5457 295 5533 speeies
310 5452 530 5511 decentissime.
546 5452 687 5518 Quaedam
706 5455 818 5508 tantum
837 5454 965 5510 decoris.

132 5552 165 5609 ut
179 5546 316 5607 mamilla
332 5545 363 5602 in
379 5543 463 5616 viris,
476 5545 504 5600 et
518 5542 549 5600 in
563 5544 688 5616 utroque
705 5555 781 5599 sexu
795 5543 966 5603 umbilicus.

133 5640 274 5712 Quadam
298 5635 505 5710 discretionis,
531 5638 562 5693 ut
590 5636 664 5693 viris
694 5635 848 5712 genitalia,
875 5638 967 5694 barba

1074 4563 1137 4616 darn
1150 4562 1267 4632 puerile
1276 4562 1380 4633 juguni
1403 4569 1507 4618 tenera
1523 4567 1645 4621 cervice
1660 4567 1798 4639 gerebat.

1056 4651 1191 4706 Secundo
1207 4667 1260 4720 pro
1280 4651 1424 4721 obsequio
1441 4656 1469 4705 ct
1484 4654 1552 4707 fidei
1567 4656 1706 4727 puritate,
1729 4656 1808 4711 unde
1823 4656 1853 4710 in

1020 4742 1144 4808 cantica,
1154 4740 1432 4810 VirginisSuscepit
1440 4741 1539 4796 Israel
1543 4759 1668 4813 puerum
1678 4761 1760 4799 suum
1768 4746 1851 4816 (Luc.

1020 4832 1051 4901 1).
1068 4831 1166 4883 'lertio
1181 4845 1234 4899 pro
1254 4830 1378 4882 ruditate
1398 4833 1426 4882 θῖ
1448 4830 1623 4901 ignorantia.
1648 4833 1752 4888 Unde:
1769 4834 1854 4889 Puer

1020 4925 1136 4973 centum
1151 4933 1292 4971 annornm
1307 4919 1453 4971 morietur
1467 4919 1537 4989 (Isa.
1550 4923 1589 4991 v).
1603 4921 1703 4975 Puella
1717 4922 1852 4993 parvula,

1019 5008 1104 5080 quasi
1120 5007 1209 5077 pulla,
1231 5006 1352 5059 undeet
1372 5008 1500 5077 pupillos
1524 5024 1583 5063 non
1602 5026 1655 5080 pro
1672 5010 1851 5082 conditione,

1020 5099 1073 5151 sed
1089 5112 1141 5166 pro
1158 5099 1241 5148 atate
1256 5095 1362 5164 puerili
1378 5111 1530 5152 vocamus.

1056 5184 1162 5255 Pupilli
1176 5187 1272 5237 autem
1288 5185 1367 5254 dicti,
1380 5187 1465 5255 quasi
1476 5188 1541 5241 sine
1551 5189 1662 5258 pupilla
1672 5192 1701 5244 et
1711 5189 1808 5244 oculis
1824 5189 1855 5244 id

1020 5280 1066 5331 est
1081 5274 1283 5344 aparentibus
1301 5273 1375 5344 orbi,
1394 5275 1422 5327 hi
1438 5278 1535 5330 autem
1551 5293 1620 5331 vere
1635 5279 1739 5349 pupilli
1755 5279 1856 5334 dicun·

1020 5369 1076 5436 tur,
1089 5380 1214 5435 quorum
1224 5368 1362 5433 parentes
1374 5367 1440 5418 aute
1452 5364 1648 5420 decesserunt
1658 5383 1747 5439 quam
1756 5367 1793 5424 ab
1806 5367 1854 5426 his

1020 5470 1128 5513 neman
1142 5453 1321 5524 acciperent.
1338 5452 1445 5509 Gestari
1460 5453 1525 5509 orbi
1535 5459 1690 5514 vocantur.

1056 5544 1186 5617 Orphani
1199 5543 1288 5599 iidem
1304 5542 1353 5615 qui
1370 5546 1397 5599 et
1407 5543 1520 5616 pupilli.
1535 5544 1610 5602 lllud
1625 5545 1703 5604 enim
1716 5546 1856 5614 Graeoum

1021 5657 1129 5698 nomeu
1140 5644 1200 5714 est,
1218 5641 1273 5695 hoc
1290 5639 1436 5698 Latinum.
1447 5640 1523 5698 Nam
1533 5640 1564 5697 in
1575 5641 1692 5700 Psalmo
1704 5642 1756 5700 ubi
1771 5658 1856 5720 saepo
