3796 6022
135 317 194 385 971
570 317 790 382 APPENDIX
808 316 866 381 ΑΙ)
887 305 1078 382 HUGONIS
1098 318 1243 384 OPERA
1263 320 1463 386 MYSTICA.
1819 314 1876 388 972

139 522 322 593 clangamus,
335 518 390 573 sed
401 518 470 573 tuba
481 518 718 588 praedicationis3
735 519 898 590 epulemur,
921 521 975 575 sed
990 500 1019 563 Α
1033 521 1117 576 danae
1128 521 1544 578 curiositatisinstabilitatem
1553 524 1873 594 suspirarc,etsanctae

138 610 361 681 participatione
400 611 655 663 sacramentorum
692 608 813 679 Christi,
843 613 871 664 et
908 610 975 664 dul-
1033 611 1141 681 qnietis
1163 614 1190 665 et
1207 611 1329 665 iniernae
1346 611 1601 683 contemplationis
1616 613 1736 682 penitus
1753 612 1872 682 oblitos,

139 699 245 753 cedine
267 698 370 770 gratiae
395 697 550 767 coelestis3
574 698 769 767 exsultemus,
797 699 851 753 scd
867 699 974 771 gaudio
1033 699 1232 754 exterioribus
1242 701 1371 772 negotiis
1386 701 1548 756 tractandis
1564 701 1678 773 absque
1695 702 1779 757 omni
1793 701 1873 756 bana

138 787 247 842 laetitiae
263 787 437 858 spiritualis.
456 786 528 851 Qum
545 790 652 841 cuncta
669 791 784 858 septem
808 788 914 842 diebus
930 788 975 842 fa·
1033 788 1444 862 intentionalimpndenterac
1460 790 1643 845 turbulenter
1652 805 1686 844 se
1696 790 1830 847 inferre:
1846 792 1873 845 et

139 877 245 946 cimus,
261 877 286 930 si
303 893 355 947 ρον
371 892 488 931 omnem
503 876 592 930 vitam
607 880 749 945 nostram,
768 893 834 948 qum
860 880 975 947 septem
1034 877 1083 947 qui
1099 878 1308 948 praedictarum
1323 878 1464 932 virtutum
1475 879 1616 934 deberent
1630 879 1751 950 fulgore
1771 879 1871 950 splen·

138 965 526 1033 dierumcirculovolvilur,
546 966 790 1037 haacagerenou
807 982 973 1022 cessamus.
1034 965 1114 1036 dere,
1138 966 1281 1038 contingit
1310 982 1522 1039 nonnunquam
1551 967 1691 1022 vitiorum
1713 967 1871 1040 nigredine

137 1056 228 1110 lstam
239 1054 365 1126 deniquo
377 1055 593 1109 solemnitatem
608 1055 774 1109 secundnm
788 1059 975 1126 praeceptum
1033 1055 1167 1121 sordere,
1185 1056 1366 1111 intantumnt
1378 1056 1549 1127 prophetica
1567 1056 1765 1113 admiratione
1781 1072 1869 1129 coga-

138 1144 216 1217 legis
230 1144 429 1199 indieoctavo
441 1143 728 1214 consummabimus
749 1144 866 1215 quando
883 1145 912 1199 in
928 1145 974 1199 die
1033 1159 1099 1198 mur
1108 1145 1305 1214 proclamare:
1319 1146 1465 1210 erarrrodo
1472 1145 1660 1200 obscuratum
1671 1150 1718 1200 est
1740 1145 1869 1200 aarum?

137 1233 366 1289 resurrectionis
383 1234 523 1302 absorpta
537 1236 631 1288 morte
647 1234 677 1287 in
695 1233 849 1289 victoriam
873 1249 973 1287 acor·
1032 1240 1161 1288 mutatus
1176 1239 1221 1288 est
1244 1234 1324 1289 color
1343 1236 1477 1306 optimus,
1504 1234 1637 1306 dispersi
1660 1240 1732 1289 sunt
1755 1233 1868 1307 lapides

139 1324 273 1394 ruptione
303 1324 340 1376 ad
367 1322 822 1392 incorruptionem,amortalite
852 1323 888 1376 ad
917 1323 974 1375 im·
1032 1323 1236 1377 sanctuariiin
1248 1323 1480 1395 capiteomnium
1495 1322 1801 1395 platearum(Tlrren.
1819 1324 1865 1395 iv).

139 1412 344 1467 mortalitatem
355 1411 568 1482 pertingemus
581 1410 649 1481 quia
658 1410 683 1464 si
695 1426 774 1465 nunc
784 1414 898 1481 septem
909 1410 974 1465 dies
1034 1411 1176 1467 Videmus
1193 1413 1278 1467 lsaiae
1298 1412 1482 1484 prophetiam
1502 1412 1533 1466 in
1547 1412 1726 1484 quibusdam
1742 1412 1864 1484 impleri,

138 1501 310 1573 perficimus
324 1500 355 1553 in
370 1499 484 1570 itinere,
510 1503 646 1554 artavum
669 1502 738 1555 tunc
756 1500 973 1554 celebrabimus
1032 1500 1170 1555 videlicet
1184 1517 1294 1572 pueros
1315 1502 1443 1557 deficere
1459 1503 1489 1555 in
1514 1501 1625 1571 labore,
1642 1504 1672 1557 et
1692 1501 1864 1573 juvenesin

139 1590 170 1644 in
184 1589 387 1661 perventione,
405 1588 522 1660 qnando
547 1588 684 1644 videlicet
700 1589 840 1661 gaudium
855 1592 883 1643 ot
898 1588 974 1643 laeti-
1033 1589 1231 1644 infirmitatem
1243 1591 1399 1662 caderc,id
1418 1591 1619 1663 estquosdam
1637 1605 1806 1646 conversos
1820 1606 1864 1645 nu-

139 1681 211 1736 tiam
230 1678 409 1747 tenebimus,
435 1678 551 1748 quanda
569 1677 663 1749 fugiet
678 1678 763 1733 dolor
790 1680 818 1732 et
833 1677 973 1749 gemitus
1033 1694 1087 1748 per
1105 1680 1249 1734 tramitem
1273 1679 1344 1734 boni
1359 1680 1504 1751 propositi
1528 1680 1698 1752 ingressos,
1716 1679 1769 1751 qui
1784 1680 1862 1751 quasi

140 1769 257 1842 quando
268 1767 421 1839 absterget
429 1766 508 1821 Deus
520 1782 636 1822 omnem
647 1766 808 1837 lacrymam
827 1766 864 1821 ab
878 1766 974 1821 oculis
1033 1767 1159 1822 necdum
1175 1767 1290 1823 viribus
1316 1768 1471 1824 exhaustis
1494 1768 1632 1823 alacriter
1645 1767 1793 1823 deberent
1808 1784 1863 1822 cur

141 1862 333 1915 sanctuarum
345 1872 478 1925 suorum,
489 1855 606 1926 quando
617 1856 788 1911 timentibus
800 1872 834 1910 sc
845 1855 975 1909 multitu·
1033 1872 1109 1927 rere,
1132 1856 1368 1929 viriliteragere,
1386 1861 1414 1912 ct
1442 1856 1587 1927 portando
1616 1857 1737 1926 pondus
1762 1855 1819 1911 diei
1839 1859 1862 1911 et

141 1948 240 2003 dinem
251 1945 417 2001 dulcedinis
442 1961 506 2000 suae
523 1942 676 2013 revelabit,
694 1959 781 2015 quam
795 1943 891 1999 adhuc
915 1943 974 1997 illis
1033 1948 1126 2001 aestus
1137 1946 1306 2018 rubiginem
1316 1949 1505 2017 peccatorum
1515 1961 1639 2000 suorum
1649 1945 1789 2001 studiose
1803 1961 1862 2016 pur

140 2035 306 2106 abscondit,
333 2050 421 2107 quam
436 2033 541 2088 oculus
565 2048 624 2088 non
645 2032 729 2102 vidit,
746 2047 800 2087 nec
825 2033 905 2087 auris
921 2048 975 2086 aar·
1033 2050 1117 2105 gare,
1132 2034 1278 2105 videmuS,
1290 2036 1420 2107 inquam,
1437 2051 1489 2090 eos
1514 2033 1692 2104 multiplices
1707 2032 1862 2106 pigritandi

142 2127 225 2196 divit,
242 2140 297 2180 nee
322 2125 352 2179 in
376 2139 428 2179 cor
450 2122 579 2177 hominis
594 2122 737 2191 ascendit,
755 2138 843 2193 quam
871 2138 975 2193 prepa·
1033 2126 1062 2177 et
1077 2124 1244 2195 evangandi
1260 2125 1436 2185 occasiones
1458 2123 1644 2194 impudenter
1662 2138 1811 2194 quaerere,
1838 2126 1862 2177 et

140 2215 312 2272 ravitDeus
339 2212 531 2284 diligentibus
555 2228 598 2266 se.
614 2210 706 2276 Quam
722 2212 809 2266 nobis
831 2213 974 2281 praestare
1035 2213 1169 2282 concepti
1184 2213 1307 2283 spiritus
1331 2212 1480 2268 fervorem
1504 2211 1647 2266 infructu
1669 2211 1741 2266 boni
1769 2210 1862 2282 operis

113 2352 116 2361 .
143 2304 282 2379 dignetur
297 2303 387 2358 «lesus
399 2302 537 2357 Christus
553 2301 697 2357 Dominus
722 2303 835 2370 noster,
864 2301 914 2371 qui
930 2303 976 2354 est
1033 2317 1092 2356 uon
1104 2301 1272 2372 ostendere,
1290 2302 1344 2356 sed
1367 2317 1420 2373 per
1435 2304 1566 2372 teporem
1580 2299 1732 2355 resolutos
1748 2301 1863 2355 steriles

139 2394 221 2451 Deus
235 2393 411 2449 benedictus
426 2391 456 2444 in
474 2389 584 2444 saecula
596 2390 786 2445 saeculorum.
798 2390 901 2444 Amen.
1032 2406 1216 2460 permanere.
1228 2391 1289 2446 Nec
1301 2391 1356 2445 ista
1367 2395 1426 2446 tam
1437 2390 1769 2460 mordaciterdicenfes,
1791 2390 1864 2461 piam

421 2476 550 2533 SEPdth
567 2477 692 2532 XXXll.
1032 2479 1149 2534 illarum
1179 2480 1409 2534 sollicitudiuem
1441 2480 1491 2551 qui
1514 2479 1651 2534 fraternae
1675 2479 1864 2534 necessitatis

237 2569 282 2627 Dc
298 2566 448 2640 apostolis
469 2566 517 2621 vel
531 2566 601 2620 aliis
612 2565 874 2637 predicatoribus.
1032 2569 1114 2622 curis
1129 2569 1297 2623 inserviunt
1320 2568 1522 2639 imprudenter
1537 2568 1702 2639 culpamus,
1724 2567 1780 2622 sed
1796 2582 1865 2639 quo·

174 2656 430 2733 Fulgebnuljusti,
444 2659 473 2711 et
484 2660 620 2727 tanquam
632 2654 774 2709 scintillae
786 2656 818 2709 in
830 2653 974 2708 arraudi·
1031 2657 1174 2728 rumdam,
1186 2658 1234 2728 qui
1246 2657 1330 2711 invia
1342 2673 1405 2711 suae
1430 2656 1629 2728 professionis
1651 2671 1711 2711 non
1727 2659 1809 2711 recte
1824 2656 1864 2711 in·

70 2744 72 2749 ⁴
140 2757 208 2807 neta
228 2743 751 2812 diseur·renf.dndicabuntnationes,
763 2749 792 2798 et
806 2743 975 2815 reprobunt
1033 2746 1149 2815 cedunt,
1161 2746 1334 2816 pravitatem
1349 2746 1605 2819 reprehendimus.
1631 2745 1695 2800 Nec
1711 2745 1812 2800 solum
1829 2745 1862 2799 ad

138 2838 171 2897 in
183 2845 328 2897 aeternum
344 2835 425 2907 (Sap.
443 2836 497 2904 ιιι).
515 2833 621 2904 Magna
636 2831 792 2899 mirabilis,
805 2835 833 2886 at
844 2832 974 2902 pretiosa
1027 2833 1238 2905 praedictarum
1248 2836 1387 2890 virtutum
1398 2834 1545 2907 fulgorem
1557 2833 1864 2906 consequendum,dc·

139 2933 195 3001 cst,
222 2925 392 2982 charIssimi
407 2924 525 2993 fratres,
541 2923 571 2975 in
595 2921 643 2976 his
658 2921 760 2976 verbis
776 2921 841 2976 lans
857 2924 973 2976 sancto·
1030 2923 1136 2978 bemus
1149 2924 1281 2994 horrere,
1292 2925 1442 2994 detestari,
1456 2927 1597 2979 etcavere
1609 2921 1696 2993 mala,
1713 2922 1861 2978 sedetiam

139 3036 215 3089 rum,
227 3032 367 3089 magnum
378 3013 554 3085 praeclarum
566 3011 730 3066 etsublime
741 3011 869 3082 refulget
883 3010 913 3063 in
929 3011 973 3064 eis
1031 3011 1178 3067 debonis
1208 3013 1319 3085 eligere
1348 3013 1480 3084 meliora,
1504 3016 1535 3068 nt
1557 3012 1608 3084 qui
1632 3010 1859 3067 necessitatibus

138 3109 286 3177 meritum,
302 3108 330 3160 et
345 3103 500 3175 praemium
515 3118 628 3156 eorum.
646 3102 687 3155 lle
708 3100 818 3172 quihus
834 3098 972 3155 omnibus
989 3132 1014 3195 c
1029 3102 1156 3171 proximi
1168 3118 1220 3172 per
1231 3102 1402 3156 charitatem
1417 3102 1574 3172 ministrat,
1590 3101 1617 3156 si
1634 3116 1667 3156 se
1683 3100 1720 3156 ad
1737 3101 1857 3156 interum

140 3214 239 3255 sermo
251 3195 422 3269 propositus
431 3195 557 3265 quatuor
566 3190 757 3261 ponitverbe,
779 3190 882 3244 dicens
894 3189 972 3259 quad

139 3287 305 3359 fulgebunt,
335 3284 517 3351 discurrent,
533 3279 721 3353 judicabunt,
744 3281 771 3333 et
793 3277 969 3351 reparabunt.

137 3371 442 3447 Fulgerepertinctud
452 3371 599 3440 virtutem,
612 3369 765 3423 discurere
780 3367 816 3422 ad
825 3367 971 3438 praediea·

136 3462 256 3527 tionem,
284 3461 420 3532 judicare
444 3459 481 3513 ad
496 3458 755 3523 resurrectionem,
783 3471 910 3528 regnare
934 3455 971 3509 ad

134 3550 356 3605 beatitudinem.
367 3548 493 3619 Fulgent
504 3563 576 3618 ergo
586 3545 661 3617 justi
672 3546 789 3615 virtute,
799 3546 970 3599 discurrunt

135 3638 357 3710 praedicatione,
370 3635 547 3708 judicabunt
564 3636 595 3690 in
612 3633 842 3703 resurrectione,
858 3648 968 3704 regna-

128 3728 243 3803 buatin
251 3727 441 3783 heatitudine.
453 3722 711 3797 Fulgehuntjusti3
724 3723 862 3777 diversos
869 3720 970 3792 justos

135 3817 266 3873 diversis
278 3816 436 3871 virtutibus
445 3814 584 3869 novimus
596 3812 730 3868 fulsisse.
739 3811 834 3866 Fulsit
843 3826 969 3882 namque

136 3906 211 3961 Abel
219 3921 272 3977 per
282 3903 573 3972 iunocientiam,Nae
590 3918 643 3974 per
648 3901 806 3974 justitiam,
819 3899 970 3954 Abraham

135 4010 190 4066 per
204 3995 302 4063 tidem,
320 3994 403 4048 lsaac
418 4008 472 4063 per
487 3992 748 4063 longanimitatem,
760 3989 851 4045 Jacob
867 4005 920 4059 per
930 3992 970 4043 to

136 4082 290 4137 lerantiam
300 4082 425 4149 laboris,
441 4081 457 4134 d
461 4080 553 4150 asaph
570 4096 623 4149 per
639 4080 846 4134 continentiam
857 4077 967 4149 carnis,

137 4167 968 4242 ltfoysespermansnetudinem,desusperfartitudinem,

137 4258 255 4314 Samuel
267 4274 319 4329 per
330 4257 511 4325 charitatem,
521 4256 611 4309 David
620 4255 881 4326 perhumililatem,
889 4255 970 4310 Elias

136 4364 190 4420 per
200 4346 435 4418 zelumjustitim,
451 4344 553 4399 Daniel
564 4360 617 4414 per
627 4344 763 4398 virtutem
773 4344 970 4414 abstinentiae,

1030 3190 1285 3260 contemplationis
1301 3194 1447 3245 secretam
1462 3190 1676 3245 sublimitatem
1690 3189 1857 3261 pertingere

1028 3294 1120 3349 posse
1136 3280 1292 3350 conspicit,
1306 3282 1346 3350 ut,
1359 3279 1635 3335 secundumvoeem
1646 3278 1854 3350 propheticam,

1028 3367 1139 3423 sedens
1150 3369 1301 3423 solitarius
1311 3372 1339 3422 et
1350 3384 1383 3423 se
1395 3367 1498 3423 levans
1510 3383 1602 3439 super
1612 3382 1645 3422 se
1655 3367 1705 3422 flat
1720 3383 1759 3423 ex
1772 3365 1855 3421 Jacob

1028 3456 1130 3527 lsrael,
1138 3473 1176 3510 ex
1188 3457 1239 3511 laia
1249 3457 1297 3511 frat
1308 3457 1429 3527 Rachel,
1439 3473 1477 3511 ex
1491 3456 1651 3511 Phenenna
1661 3454 1812 3523 helchana,
1823 3469 1855 3508 cs

1026 3545 1140 3599 ltlartha
1159 3546 1208 3600 liat
1219 3546 1319 3600 Maria.
1337 3544 1432 3616 Cujus
1454 3545 1498 3600 rei
1514 3545 1709 3614 hortamenta,
1733 3546 1766 3599 nt
1781 3543 1854 3599 vide·

1027 3634 1096 3688 licet
1110 3635 1217 3689 actioni
1242 3635 1517 3704 contemplationem
1539 3633 1748 3705 praeferamus,
1774 3631 1853 3688 nabis

1026 3724 1139 3793 praebet
1149 3739 1208 3777 non
1219 3726 1330 3777 tantum
1339 3723 1441 3795 Jacob,
1453 3724 1504 3795 qui
1515 3723 1611 3795 magis
1624 3721 1738 3778 Rachel
1757 3720 1854 3777 dilexit

1027 3828 1117 3882 quam
1140 3811 1233 3883 Liem,
1249 3813 1303 3867 sed
1328 3815 1356 3867 ct
1371 3812 1491 3882 Elcnna,
1514 3813 1564 3883 qui
1580 3811 1648 3883 plus
1673 3811 1781 3865 amavit
1802 3816 1855 3864 Aa·

1027 3917 1093 3955 nam
1122 3917 1210 3972 quarn
1224 3901 1424 3968 Phenennam,
1452 3905 1480 3954 et
1503 3900 1604 3968 Maria,
1631 3916 1699 3971 quae
1722 3899 1855 3971 optimam

1026 3992 1138 4060 partem
1155 3990 1285 4062 elegisse
1302 3989 1417 4059 dicitur,
1434 3992 1463 4043 et
1479 4005 1569 4045 verns
1594 3988 1684 4044 Caleb
1700 3988 1794 4044 tilium
1808 3988 1854 4043 lc·

1026 4078 1135 4148 phone,
1149 4079 1184 4133 de
1198 4095 1256 4150 quo
1267 4079 1377 4151 legitur
1394 4079 1472 4150 quod
1491 4093 1546 4132 nec
1562 4078 1647 4132 senio
1664 4077 1790 4148 fracluS,
1806 4091 1854 4131 nec

1027 4167 1128 4222 labore
1138 4167 1277 4239 fatigatus
1288 4167 1405 4237 petierit
1419 4166 1476 4221 sibi
1492 4182 1508 4220 a
1532 4165 1626 4221 losue
1640 4168 1774 4222 montem
1789 4164 1856 4234 dari,

1027 4260 1059 4311 nt
1074 4256 1211 4328 gigantes
1228 4256 1287 4310 illic
1298 4255 1465 4309 habitantes
1484 4257 1679 4328 expugnaret,
1696 4258 1724 4310 et
1736 4258 1858 4311 montem

1029 4361 1116 4416 quem
1132 4345 1191 4399 sibi
1206 4345 1285 4399 Deus
1313 4345 1490 4414 promiserat
1505 4344 1674 4415 possideret
1695 4343 1771 4415 (dos
1789 4342 1857 4413 xiv).

137 4439 260 4492 sanctus
272 4437 402 4492 loannes
414 4434 544 4504 Baptista
557 4448 609 4503 per
619 4433 803 4486 sanctitatem
822 4432 970 4502 eximiam,
986 4428 1013 4489 D
1028 4434 1083 4499 eri
1098 4435 1184 4489 etiam
1201 4436 1326 4488 testatus
1343 4434 1481 4505 estquod
1501 4433 1604 4488 eadem
1619 4431 1764 4487 fortitudo
1784 4432 1814 4487 in
1827 4446 1857 4485 se

126 4526 223 4582 'beata
238 4529 266 4581 et
279 4527 452 4580 intemerata
468 4523 552 4594 virga
567 4521 658 4575 llarin
671 4536 724 4592 per
739 4520 899 4591 specialem
915 4521 971 4575 hu·

136 4616 246 4671 militas
262 4618 290 4670 et
304 4613 484 4686 integritatis
508 4613 644 4684 gratiam.
668 4611 753 4665 filios
778 4610 904 4682 denique
920 4627 970 4666 se-

138 4704 298 4776 quentibus
313 4702 498 4773 temporibus
508 4701 634 4756 fulsisse
654 4699 790 4756 similiter
805 4714 858 4770 per
872 4699 969 4769 fidem,

138 4793 213 4847 alios
236 4807 290 4862 per
307 4808 401 4862 spem,
428 4791 502 4845 elios
532 4805 586 4860 per
610 4789 791 4859 charitatem,
818 4787 893 4843 alios
918 4803 972 4858 per

138 4879 341 4950 humilitatem,
353 4879 727 4948 alioseandoreeastitatiS,
740 4875 970 4933 alioselfusione

138 4969 305 5041 sanguinis,
318 4967 392 5023 alios
409 4968 606 5039 quarumlibet
620 4967 741 5022 aliarum
762 4966 971 5023 exercitatione

126 5060 288 5126 ¹virtutum,
320 5057 394 5111 ulios
428 5058 586 5112 multorum
614 5057 758 5112 bonorum
788 5055 970 5113 exhibitione

138 5162 272 5220 operum.
285 5144 342 5200 Sed
354 5146 442 5213 (unde
459 5147 590 5218 graviter
601 5145 759 5200 dolendum
776 5148 832 5215 est,
849 5149 877 5200 et
891 5147 970 5217 quad

140 5234 602 5308 sinemaguogemitudicendum
611 5236 743 5305 nonest),
751 5250 806 5288 nos
820 5236 969 5289 cernimus

139 5326 259 5395 multoe,
272 5324 414 5380 inordina
426 5322 652 5393 etprafessione
674 5323 838 5378 sanctitatis
856 5324 969 5378 cousti-

123 5419 227 5486 tutos,
252 5414 354 5469 habitu
380 5412 509 5467 clericali
534 5411 582 5465 vel
606 5411 748 5482 religioso
776 5411 923 5483 palliatos,
953 5429 970 5467 a

137 5507 242 5559 sancto
251 5503 405 5574 proposito
419 5502 595 5571 apostatare,
604 5500 668 5554 etin
681 5500 857 5555 exercendis
873 5503 969 5573 operi·

125 5588 966 5664 ‘husjustitiaetorperemdhonoressaeeularosanhclare,

124 5680 321 5738 >terrenarum
339 5695 440 5739 rerum
461 5677 670 5755 cupiditatibus
685 5676 809 5754 inhiare,
833 5680 870 5737 ad
883 5696 968 5738 mun·

1028 4522 1274 4593 perseveraverit,
1305 4538 1393 4592 quam
1415 4522 1558 4576 habuerat
1585 4521 1616 4575 in
1643 4520 1748 4577 mullis
1776 4520 1857 4576 annis

1028 4611 1197 4680 transactis,
1214 4611 1331 4682 quando
1347 4610 1383 4665 ad
1401 4611 1496 4682 ipsam
1516 4614 1624 4666 terram
1648 4609 1857 4681 explorandam

1028 4701 1142 4754 missus
1153 4699 1217 4753 fuit.

1063 4789 1120 4844 Sed
1132 4788 1221 4859 (quod
1234 4789 1299 4843 sine
1308 4804 1417 4861 magno
1434 4802 1560 4844 maerore
1574 4785 1787 4858 proferendum
1802 4800 1856 4842 nan

1028 4878 1084 4941 est)
1099 4879 1185 4949 pauci
1201 4881 1280 4949 sunt,
1303 4879 1352 4951 qui
1369 4878 1456 4932 istius
1481 4876 1537 4930 viri
1552 4875 1688 4947 exemplo
1710 4877 1741 4931 in
1758 4877 1856 4935 eodem

1028 4967 1144 5021 virtutis
1159 4967 1262 5039 vigore
1274 4968 1476 5037 perseverent,
1493 4968 1522 5020 et
1544 4964 1654 5019 infimis
1671 4965 1852 5037 contemptis,

1028 5054 1500 5127 expugnatisqucdaemonibusad
1511 5053 1649 5109 sublimia
1655 5054 1853 5110 conscendere

1026 5148 1148 5201 tentent.
1161 5144 1219 5199 Sed
1231 5160 1297 5214 noS,
1309 5144 1418 5199 fratres
1431 5142 1610 5214 charissimi,
1620 5143 1729 5199 eximia
1740 5143 1852 5199 Petrum

1027 5234 1161 5305 exempla
1181 5233 1353 5304 spiritaliter
1368 5236 1464 5288 mente
1485 5232 1672 5305 colligamus,
1694 5236 1723 5289 et
1737 5231 1853 5288 meliora

1025 5323 1114 5379 bouis
1124 5322 1320 5393 praeferentes
1333 5323 1447 5393 potiora
1469 5337 1588 5391 semper
1602 5321 1762 5394 eligamus,
1778 5324 1808 5377 ut
1821 5317 1852 5375 ad

1025 5412 1233 5483 praedicturum
1247 5413 1387 5466 virtutum
1402 5410 1552 5483 fulgorem
1569 5410 1780 5481 quoquomodo
1793 5424 1851 5481 per·

1025 5501 1185 5574 tingamus.
1201 5502 1295 5556 Nemo
1320 5504 1422 5556 contra
1438 5499 1596 5555 consilium
1616 5498 1664 5554 vel
1679 5499 1851 5556 voluntatem

1026 5591 1073 5646 sui
1082 5590 1196 5663 praelati
1208 5589 1355 5645 exteriora
1367 5589 1485 5663 negotia
1498 5590 1625 5644 tractare
1632 5591 1806 5660 praesumet,
1819 5600 1850 5643 ne

1024 5679 1130 5758 laquea
1146 5678 1255 5739 diaboli
1284 5679 1437 5755 deeeptus,
1466 5679 1494 5735 et
1508 5676 1609 5738 hostili
1628 5676 1729 5755 gladia
1759 5689 1850 5740 cesae
