3796 6022
145 254 203 320 303
523 247 744 316 uersuum
764 247 820 311 su
843 234 1034 313 uueouts
1057 233 1201 311 essse
1221 245 1486 312 rosunum.
1811 234 1874 312 sei

146 462 300 515 ronsuevit
308 456 471 513 conradere
480 449 887 523 simpliciterChristumesse
899 462 977 504 erea-
989 420 1019 491 Ᾰ
1034 448 1218 520 gendumest
1228 448 1384 522 quoddieit
1395 441 1574 504 Ambrosius
1587 450 1722 504 Cbislum
1734 466 1790 504 nori
1802 464 1871 505 esse

144 557 249 618 tui-,um
262 565 298 602 no
315 547 478 601 seeundum
493 546 646 613 utrumque
661 543 793 596 naturam
804 539 861 594 hoo
872 538 977 593 intelli-
1037 538 1163 592 vanitati
1176 538 1349 611 subpactum,
1363 544 1393 593 et
1407 539 1475 593 ideo
1490 539 1640 593 creaturis
1656 555 1713 594 uon
1728 552 1798 594 esse
1813 554 1870 594 nou

146 644 241 712 gutur,
255 654 290 690 ne
305 636 439 689 viduatur
450 633 618 686 consentire
628 629 761 701 perlldlae
771 629 889 682 Arianae
893 642 977 699 ‚quae
1032 627 1866 711 merendumquiaereetureomnissanitatisubjectaest.

145 728 259 782 dicebat
275 724 425 779 Christum
435 725 546 775 tuntum
556 734 626 775 esse
638 720 811 785 ereaturam
824 731 891 771 cum
902 717 977 771 tides
1031 715 1171 789 Nunquid
1200 717 1271 788 quia·
1298 716 1436 771 Christus
1450 718 1497 770 est
1511 716 1609 787 homo
1626 721 1654 772 et
1665 732 1763 772 omnis
1780 718 1869 772 home

146 816 288 871 outlioliru
309 813 467 866 (lienteum
486 823 556 865 esse
574 813 602 863 et
620 807 789 862 Creatorem
814 805 978 860 secundum
1030 804 1157 859 mendax
1160 821 1253 878 ,ergo
1266 794 1404 860 Cl'lristus
1415 804 1805 861 meudsxihlultedienntur
1818 820 1868 879 ges

145 907 272 959 (livinum
288 905 432 971 naturam,
458 902 487 954 et
508 900 672 952 ereaturam
691 896 854 950 secundnm
872 895 977 949 huma·
1031 893 1170 948 neruliter
1184 894 1220 948 de
1236 894 1365 964 homine,
1381 910 1440 948 uon
1455 894 1562 949 tamen·
1567 894 1604 949 ‹le
1619 893 1865 951 hominedhristo

143 1010 210 1048 num
226 991 431 1046 substantiam.
441 987 520 1042 Tene
529 1002 602 1057 ergo
612 985 734 1039 tirmiter
747 984 877 1038 Verbum
888 999 977 1038 assu·
1030 983 1098 1053 qule
1119 986 1239 1039 nonest
1253 983 1461 1054 purushomo,
1478 983 1532 1038 sed
1547 982 1627 1038 Deus
1643 986 1672 1039 et
1686 983 1786 1039 homo.
1804 984 1865 1039 Au-

143 1098 227 1137 mens
242 1079 414 1134 naturaliter
427 1090 497 1130 esse
509 1074 611 1144 Deum,
628 1076 810 1144 assumptam
821 1088 892 1127 vero
904 1072 978 1126 sub·
1030 1071 1170 1142 gustinus
1184 1071 1271 1127 dicit:
1283 1072 1350 1128 Nou
1365 1076 1412 1126 est
1422 1072 1561 1127 ereatura
1567 1089 1625 1144 per
1635 1078 1721 1145 prtem
1728 1071 1809 1128 fucta
1819 1078 1866 1128 est

143 1171 278 1226 staulinm
302 1166 473 1221 naturaliter
502 1178 572 1218 osse
600 1165 775 1232 ereaturam,
807 1164 835 1217 et
858 1164 979 1232 propter
1030 1160 1288 1215 ornulsereeturd.
1306 1160 1383 1215 ane
1399 1159 1648 1233 neg‘attlhrlslullt
1662 1176 1732 1216 esse
1747 1164 1866 1217 euentu-¹

142 1254 476 1322 inellubilemunionem‚
488 1251 655 1305 etmirihoas
665 1249 977 1320 susceptionissaera-
1030 1264 1091 1303 mm
1113 1265 1120 1304 ε
1136 1249 1216 1322 quod
1232 1248 1412 1304 eontrarium
1426 1248 1544 1304 videtur
1556 1248 1719 1320 praedietis.
1739 1249 1864 1306 solutio,

141 1352 280 1413 ruentum,
298 1347 328 1397 ut
344 1340 473 1395 Verbum
489 1339 528 1393 sit
537 1340 636 1408 homo,
646 1341 675 1392 et
682 1338 771 1393 homo
781 1339 861 1393 Deus
871 1340 977 1394 ineon·
1029 1337 1096 1392 Non
1106 1342 1153 1392 est
1166 1340 1300 1393 ereatura
1311 1352 1365 1408 per
1378 1339 1554 1408 qnemete'l’,
1565 1336 1652 1393 idest
1665 1337 1865 1394 ldlncllrlseo

141 1437 206 1490 lusu
215 1439 243 1488 et
253 1436 429 1486 inconversa
440 1432 564 1500 utraque
576 1429 787 1498 perseverante
798 1425 975 1482 substantia.
1029 1441 1082 1497 per
1096 1427 1175 1498 quod
1189 1427 1265 1481 tauta
1281 1430 1327 1482 est
1337 1426 1434 1481 omnis
1445 1426 1590 1497 areatule',
1602 1440 1661 1482 non
1672 1430 1719 1482 est
1729 1428 1864 1482 ereetum

141 1525 224 1578 lfnde
243 1521 374 1576 llilorius
388 1520 417 1572 in
428 1519 531 1590 quinto
544 1517 619 1571 libro
631 1517 667 1570 de
677 1515 818 1570 Trinitale
829 1531 835 1570 :
846 1515 896 1570 ιιι
912 1516 975 1570 ιιι·
1029 1515 1083 1570 sed
1099 1515 1227 1571 creatrix
1241 1515 1382 1570 essentie.
1396 1515 1552 1588 Agiteulm
1566 1515 1741 1586 depersond
1756 1517 1863 1572 seobm

140 1620 201 1668 tutu
214 1611 347 1684 putrutis
363 1614 477 1662 uutursu
493 1611 548 1672 est,
562 1621 625 1659 sum
642 1604 673 1658 iu
689 1605 810 1677 eoquod
824 1610 905 1659 essnt
919 1616 977 1658 rua-
1029 1604 1098 1660 dum
1113 1600 1396 1659 diviuamnsturein.
1410 1604 1481 1659 lt'em
1492 1603 1563 1659 ‹lielt
1577 1602 1727 1660 Hilarius:
1738 1602 1809 1660 Neu
1817 1611 1864 1660 est

137 1709 236 1770 neret,
254 1707 352 1754 turuon
367 1696 442 1769 quod
457 1710 513 1750 riou
530 1699 597 1749 erat
612 1707 680 1748 esse
691 1696 805 1765 posset.
822 1693 928 1747 Moneo
944 1696 1008 1747 ut.
1030 1692 1110 1747 aliud
1124 1693 1204 1748 tibus
1214 1692 1351 1760 ιιιιιιιιιιι
1365 1697 1395 1747 et
1403 1691 1484 1748 aduri
1494 1692 1673 1758 iliiuslier
1689 1693 1864 1748 etnosdiei*

137 1792 262 1861 hisquae
278 1784 483 1855 inscripturus
499 1784 612 1837 sanetis
622 1782 771 1853 leguntur,
788 1781 856 1836 fidei
870 1796 973 1836 assen-
987 1750 1093 1835 Brurus
1108 1787 1138 1837 et
1159 1782 1310 1837 eredimus
1324 1782 1400 1854 prod
1415 1780 1496 1836 aliud
1510 1780 1590 1837 illius
1604 1787 1651 1836 est
1671 1781 1808 1848 beartuis,
1834 1789 1863 1837 ut

137 1897 203 1935 sum
218 1878 371 1931 adhibeas,
389 1870 784 1938 Nectibimirumvideatur,
802 1869 970 1924 sinendum
1028 1868 1295 1925 aiiudFiiiusDei.
1311 1870 1386 1935 Quid
1401 1858 1650 1943 ergo‘tCentrarii
1665 1884 1771 1925 semus
1783 1871 1862 1926 lille

137 1969 234 2024 ornnia
248 1969 283 2020 ad
298 1965 418 2036 plenum
434 1959 593 2032 intelligas.
613 1958 722 2014 llooole
737 1957 816 2030 quod
825 1959 900 2013 lldes
911 1974 970 2014 non
1026 1959 1218 2014 riolsolutio.
1231 1956 1449 2030 Frequentibus
1463 1958 1582 2030 quidem
1592 1959 1640 2013 his
1651 1960 1862 2015 terminationi-

136 2058 224 2112 hubet
242 2055 387 2121 meritum,
412 2050 459 2104 oui
482 2053 557 2103 raho
581 2048 708 2102 humana
723 2047 837 2116 praebet
856 2048 971 2118 experi·
1025 2046 1082 2101 bus
1098 2047 1279 2119 signilloatio
1293 2049 1340 2102 est
1354 2046 1541 2102 substantiis.
1558 2042 1708 2102 interdum
1720 2049 1860 2104 temenln

135 2151 274 2201 nasutum.
291 2142 372 2197 Solet
386 2139 552 2212 ignorantia
576 2137 751 2192 naturalium
775 2136 902 2206 amplius
918 2151 969 2191 an·
1025 2136 1148 2191 neutrali
1163 2137 1234 2191 lieet
1247 2151 1315 2190 raro
1330 2134 1518 2208 significantur
1530 2150 1668 2206 persona,
1685 2138 1802 2192 Sensus
1816 2142 1862 2193 est

134 2252 206 2308 gere
221 2234 376 2305 quosdam,
394 2244 482 2300 quam
502 2227 667 2300 ignorantia
687 2225 912 2280 credendorum.
931 2225 969 2279 Ut
1025 2224 1105 2297 Ergo
1121 2240 1180 2281 non
1194 2228 1243 2280 est
1253 2226 1329 2279 alius
1340 2225 1420 2279 lilius
1431 2224 1571 2294 hominis,
1581 2227 1610 2280 et
1623 2224 1860 2282 alinaldllusbel

134 2327 232 2395 imago
244 2325 272 2376 iu
284 2319 406 2390 speculo
416 2316 486 2388 quid
502 2317 550 2383 sit,
562 2319 612 2369 aut
622 2314 770 2386 quomodo
781 2312 967 2369 habeatesse
1024 2312 1053 2367 id
1073 2317 1192 2369 estnon
1215 2317 1262 2369 est
1278 2314 1355 2369 nlius
1373 2313 1452 2368 illius
1468 2313 1606 2384 hominis,
1623 2316 1652 2369 et
1674 2315 1752 2370 nlius
1768 2315 1860 2371 Filius

132 2412 284 2477 Quomodo
300 2410 377 2462 idem
393 2405 460 2459 lons
476 2405 516 2459 sit
529 2403 616 2458 modo
633 2403 697 2457 hoeo
708 2416 794 2473 aqua,
811 2402 966 2458 modoilla.
1024 2402 1087 2473 Dei,
1100 2403 1153 2458 sed
1168 2416 1246 2458 unus
1261 2407 1290 2457 et
1305 2402 1393 2457 idem.
1409 2401 1494 2456 Unde
1510 2402 1700 2474 Augnslinus
1713 2403 1750 2458 do
1764 2404 1860 2460 tribus

132 2500 284 2566 Quomodo
300 2497 428 2550 diversas
444 2507 535 2547 voees
552 2492 611 2546 sint
626 2490 703 2546 idem
717 2506 836 2546 nomen.
853 2491 966 2563 Amioe,
1024 2493 1162 2562 personis
1172 2491 1300 2563 loquens
1310 2491 1350 2545 sit
1361 2507 1368 2546 z
1381 2491 1422 2546 Et
1433 2491 1495 2546 heo
1508 2492 1566 2546 tria
1579 2508 1674 2547 unum.
1687 2491 1722 2546 Et
1732 2492 1802 2548 alibi
1817 2493 1860 2549 (ti.

132 2591 159 2645 sl
175 2591 238 2644 hano
254 2587 329 2641 levia
344 2588 372 2639 et
387 2583 472 2655 quasi
481 2581 605 2652 puerilia
619 2595 678 2635 non
689 2581 771 2650 sapis
782 2595 789 2635 :
801 2594 858 2653 que
870 2579 966 2635 trente
1024 2580 1149 2651 aliquod
1162 2580 1382 2652 Medisteripse
1390 2588 1475 2634 numu
1482 2580 1523 2635 sit
1533 2596 1596 2634 eum
1602 2581 1668 2653 ipse
1677 2582 1860 2655 suscipiente

130 2678 278 2734 inellohile
290 2672 726 2729 incarnationissuuramentum
738 2671 879 2724 attentare
894 2685 968 2739 prie-
1024 2669 1189 2741 Sapientia.
1201 2667 1316 2734 Quibus
1330 2667 1434 2723 verbis
1450 2668 1684 2724 substantiarum
1694 2669 1859 2727 differentia

131 2769 250 2823 sumis?
266 2765 332 2819 Noli
348 2778 420 2834 ergo
437 2763 481 2815 sio
497 2760 696 2833 argumentari
712 2759 790 2813 oiron
800 2759 962 2815 Christum.
1022 2773 1082 2813 uon
1107 2756 1305 2828 confunditur,
1324 2757 1378 2812 sed
1402 2757 1471 2812 unio
1486 2758 1654 2828 personalis
1669 2754 1857 2830 predicatur,

130 2859 162 2913 sl
176 2858 313 2913 Christus
329 2857 375 2908 est
394 2852 530 2923 quisdam
545 2849 711 2904 substantia
726 2848 854 2918 simplex
868 2848 916 2903 sel
934 2848 964 2903 ln
1023 2847 1155 2903 Hilarius
1164 2849 1262 2902 ιιιιιοιι
1273 2860 1332 2902 non
1342 2847 1398 2901 sit:
1411 2846 1620 2903 Nonesteliud
1627 2847 1767 2919 Verbum,
1779 2850 1859 2906 eliud

131 2951 237 3017 oroalu,
254 2961 326 3016 ergo
342 2959 400 2997 nou
415 2944 460 2996 est
471 2940 607 3012 quiedam
622 2938 784 3008 composita
795 2938 842 2991 vel
853 2940 961 3007 creatu,
980 2965 991 2976 ·
1023 2936 1126 3007 hom03
1142 2935 1264 2991 sedhoe
1275 2938 1411 2990 neutrum
1422 2938 1469 2990 est
1482 2935 1561 2990 eliud
1572 2944 1660 3008 quem
1669 2935 1859 2994 christum

130 3055 198 3092 curu
221 3038 259 3091 sil
275 3041 439 3103 utrumque,
457 3032 525 3084 lieet
543 3045 601 3083 non
617 3027 782 3082 seeundum
797 3026 884 3081 idem.
900 3028 960 3082 llur
1023 3026 1211 3098 Augustinus
1229 3025 1301 3080 dioit
1316 3040 1324 3080 t
1340 3024 1443 3081 Hemn'
1455 3023 1508 3078 iile
1522 3031 1645 3081 nonest
1663 3026 1761 3083 taetris
1776 3027 1859 3084 eliud

130 3144 188 3182 nou
204 3127 248 3180 sio
266 3121 503 3196 argumentaris?
529 3119 561 3172 ln
576 3118 683 3172 diebus
707 3115 807 3172 uernis
830 3130 893 3170 suae
908 3115 963 3172 tuit
1023 3131 1106 3188 quum
1120 3115 1178 3170 liei
1192 3114 1281 3182 lilius,
1299 3115 1390 3170 idest
1406 3130 1465 3170 non
1480 3119 1527 3169 est
1541 3115 1637 3170 iustus
1652 3115 1762 3188 aliquid
1778 3120 1857 3190 quod

128 3216 271 3283 ruorlaliS,
298 3228 370 3283 ergo
396 3215 464 3266 tune
489 3224 548 3263 non
564 3207 618 3261 tuit
636 3206 819 3262 immortalis.
838 3206 890 3260 Vol
907 3207 962 3261 sio.
1021 3220 1080 3259 non
1092 3202 1857 3275 sillleiFiliusQuidquidenimestpersonadivibte

128 3308 210 3361 Tune
226 3306 278 3358 lull
294 3300 457 3372 passibilis,
474 3313 547 3370 ergo
561 3300 631 3351 tuno
647 3311 706 3351 non
722 3296 776 3350 luit
790 3295 962 3366 impassibi-
1021 3293 1171 3363 essentias,
1193 3308 1251 3347 non
1272 3297 1319 3347 est
1343 3292 1422 3347 aliud
1444 3306 1532 3364 quam
1552 3293 1618 3364 ipsa
1641 3308 1769 3367 persona
1788 3296 1858 3352 lieet

128 3395 177 3449 lis.
1020 3383 1099 3437 aliud
1114 3382 1153 3436 sit
1167 3396 1256 3455 quam
1271 3385 1383 3436 natura·
1399 3382 1508 3436 divina.
1527 3381 1616 3437 Unde
1632 3383 1832 3455 Hieronymus
1848 3401 1855 3442 :

165 3483 245 3535 llioel
261 3480 368 3550 uliquis
385 3477 477 3531 mihi:
495 3475 636 3529 Asianum
646 3478 674 3528 te
689 3474 787 3543 video,
804 3473 873 3544 quia
888 3471 964 3526 diois
1028 3471 1154 3526 Verbum
1164 3471 1253 3536 Deus,
1263 3477 1309 3525 est
1317 3482 1374 3525 neu
1381 3484 1452 3525 esre
1459 3477 1618 3543 assumpte.
1628 3471 1743 3537 Quibus
1754 3475 1856 3529 verbis

127 3573 278 3626 Clu-istum
294 3584 362 3623 esse
379 3569 553 3620 creaturum.
571 3563 749 3635 Diligentius
760 3577 833 3633 ergo
849 3561 964 3616 intuea-
1019 3575 1079 3616 non
1095 3564 1208 3615 naturae
1222 3561 1259 3614 ad
1279 3572 1447 3630 personam,
1466 3561 1519 3615 sed
1535 3562 1700 3616 nature-ed
1721 3566 1856 3618 naturam

128 3679 194 3716 mur
209 3677 245 3714 un
270 3674 372 3713 verum
395 3657 444 3709 sit.
470 3654 559 3707 Arius
584 3652 701 3706 dicebat
722 3651 872 3705 Christum
894 3665 964 3705 esse
1021 3650 1187 3705 ostenditur
1207 3648 1382 3704 differentia.
1398 3649 1429 3704 Si
1450 3651 1547 3703 autem
1566 3658 1620 3719 per
1640 3664 1760 3705 carnem
1785 3666 1854 3722 pars

126 3768 229 3824 purum
254 3754 427 3814 mouturam,
445 3760 504 3798 non
524 3759 540 3795 a
566 3742 650 3796 Patre
669 3740 963 3795 consubstantialiter
1020 3742 1177 3794 nontotum
1189 3737 1364 3810 intelligitur
1387 3739 1589 3810 constetquod
1603 3739 1856 3797 Verbumnonest

126 3844 268 3914 genitum,
282 3839 335 3892 sed
351 3840 463 3890 tantum
474 3836 649 3900 ereaturam,
666 3831 792 3900 ideoque
809 3831 893 3884 Patre
908 3830 961 3883 mi·
1020 3843 1098 3883 earo.
1115 3827 1174 3882 Sed
1198 3840 1251 3899 per
1266 3842 1385 3882 samem
1400 3831 1479 3882 totus
1496 3828 1584 3883 homo
1599 3828 1786 3901 significatur
1808 3832 1853 3885 ta·

126 3947 228 3985 norem
243 3935 270 3983 ol
287 3927 496 3997 posteriorem:
508 3920 661 3975 aitirmuns
678 3919 797 3991 quidem
811 3919 963 3973 Christum
1019 3930 1087 3971 men
1102 3919 1134 3970 ut
1147 3918 1187 3970 sit
1197 3917 1376 3971 Ambrosius
1386 3916 1607 3990 uliudustquod
1621 3922 1667 3972 est
1676 3925 1857 3991 assumptum

126 4036 196 4074 esso
219 4019 321 4085 Derim,
338 4030 397 4069 non
420 4013 539 4083 quidem
554 4012 765 4081 permaturum,
783 4009 837 4062 sed
852 4011 963 4062 tuntum
1020 4012 1049 4062 et
1061 4006 1142 4061 aliud
1148 4006 1451 4078 estquodassumpsit.
1464 4006 1603 4077 Alioquin
1611 4005 1749 4063 Christus
1761 4010 1856 4064 sinon

125 4123 179 4179 per
195 4108 391 4176 adoplionom.
408 4103 494 4155 Nune
509 4115 611 4171 quaero
626 4114 664 4153 nn
675 4098 874 4168 llieronpmus
885 4098 963 4151 idem
1019 4100 1065 4150 est
1087 4095 1199 4168 aliquid
1217 4095 1381 4150 seeundum
1401 4094 1481 4166 quod
1510 4100 1557 4150 est
1585 4096 1673 4151 homo
1703 4098 1767 4168 ipse
1794 4110 1857 4153 non

126 4196 256 4251 senserit
271 4193 524 4265 quodAriusoum
534 4189 611 4243 dieat
621 4205 626 4242 :
637 4188 792 4242 Audacter
802 4186 964 4258 prestamu-
1020 4189 1066 4240 est
1080 4185 1191 4256 aliquid
1216 4184 1382 4239 seeundum
1397 4185 1476 4255 quod
1505 4188 1552 4239 est
1570 4187 1655 4240 matri
1683 4185 1859 4242 homousios

125 4275 960 4347 ruusGbristumessscreaturam.Etllilariusquidioit:
1020 4272 1203 4347 [ιμοιιοιος],
1234 4273 1281 4327 vel
1309 4273 1480 4328 seeundum
1502 4273 1581 4328 idem
1608 4278 1654 4329 ast
1683 4274 1857 4332 homousios

127 4375 203 4441 Quid
219 4381 264 4428 est
282 4372 355 4445 quod
371 4386 427 4425 rum
438 4367 518 4423 tuit?
533 4368 591 4421 Aut
607 4365 768 4437 Apostolus
779 4365 829 4436 qui
840 4365 895 4419 ait:
906 4364 962 4430 Qui
971 4359 1003 4446 ᾖ
1019 4361 1191 4436 [ιμοιιιιος],
1208 4362 1286 4417 Patri
1300 4367 1330 4417 et
1358 4362 1453 4417 matri.
1485 4361 1616 4417 llllarius
1641 4364 1712 4418 alibi
1724 4368 1859 4436 seipsum

125 4465 225 4520 tidelis
237 4470 282 4517 est
299 4463 328 4515 ui
343 4458 473 4533 quiieuit
484 4454 740 4525 iltuiutHebrmu).
754 4453 957 4509 Etnlihidioit:
1018 4453 1141 4523 exponit
1154 4452 1258 4506 disens
1275 4468 1281 4506 :
1298 4451 1444 4506 Naturam
1455 4451 1512 4506 Dei
1527 4454 1559 4506 iu
1577 4454 1690 4507 uirtute
1701 4470 1860 4510 resurree-

126 4557 182 4619 (ιιι
191 4555 287 4608 titulus
299 4568 338 4605 ιιι
348 4546 566 4604 semiueltarid
575 4543 734 4599 seeundum
746 4543 959 4612 curnem(llom
1019 4543 1112 4597 tionis
1124 4540 1270 4614 iutettipe,
1295 4541 1550 4612 dispensationem
1565 4542 1694 4596 beminis
1715 4544 1746 4597 in
1762 4548 1858 4599 morte

123 4662 132 4697 ι
135 4660 154 4714 p.
174 4644 208 4696 llt
224 4643 410 4713 Augustinus
426 4637 477 4708 qui
491 4635 600 4689 usserit
614 4634 746 4687 divinam
762 4631 959 4686 substantiam
1017 4645 1171 4704 cognosce.
1187 4630 1229 4684 Iit
1241 4646 1314 4684 'euru
1328 4630 1390 4682 siut
1406 4634 1531 4702 utruque
1546 4629 1611 4684 suis
1624 4637 1711 4702 peste
1727 4633 1855 4699 naturis,

124 4733 346 4796 iruruutubiteur,
365 4734 394 4783 et
413 4732 582 4781 ereaturam
597 4722 778 4788 mutabilem,
801 4721 960 4776 seeundum
1017 4736 1104 4776 unum
1128 4725 1225 4774 tamen
1246 4718 1399 4772 clarissim,
1418 4718 1520 4773 pesum
1535 4734 1599 4773 om„
1619 4725 1766 4775 memento
1787 4734 1856 4776 em

124 4838 207 4893 quum
218 4822 358 4873 titrr'istus
373 4816 469 4871 οιιιιιιιι
480 4813 606 4885 pertulit
622 4826 686 4884 quea
700 4811 857 4882 Scriptura
873 4811 911 4864 rte
926 4825 961 4865 eu
1016 4808 1065 4884 qui
1091 4815 1245 4880 utrumqne
1265 4813 1321 4862 est.
1338 4806 1405 4861 Nun
1420 4808 1548 4862 dixisset
1564 4810 1721 4880 utrumque
1744 4810 1781 4864 de
1796 4824 1855 4864 una

123 4909 239 4964 rui-ulit.
248 4907 377 4960 Tametsi
391 4921 463 4976 orgo
476 4903 634 4959 haeretieus
643 4901 846 4956 etCatholious
857 4900 959 4954 eedem
1014 4904 1128 4968 netum,
1145 4911 1242 4968 neque
1255 4910 1334 4951 unus
1350 4897 1386 4951 de
1401 4897 1517 4952 duabus
1528 4896 1679 4968 personis.
1691 4898 1854 4970 Utrumque

123 4999 214 5052 verbu
231 4997 339 5050 hahent
354 4995 384 5046 ιιι
400 5009 461 5061 ore,
486 4995 606 5046 nonest
626 5004 815 5060 solisequens
836 4991 868 5042 ut
880 4989 960 5043 idem
1015 4987 1366 5044 nonadmititnstuisrum
1381 4987 1625 5060 singularitatem,
1636 5001 1715 5043 unus
1727 4987 1857 5044 exeludit

123 5103 233 5142 sensus
244 5090 281 5140 sil
293 5087 321 5138 in
329 5084 418 5137 sorde
428 5079 694 5150 utriusque.Velutl
703 5078 904 5148 nonsequitur
912 5092 919 5133 :
928 5078 959 5133 Si
1015 5090 1212 5150 personarum
1224 5076 1432 5147 plurulltatem.

122 5178 219 5248 aliqua
241 5173 415 5244 participant
430 5169 535 5223 eodem
549 5169 678 5237 nomine,
695 5166 775 5238 quod
789 5166 856 5220 ideo
872 5166 959 5221 etiam
1051 5167 1157 5222 Dicunt
1181 5166 1301 5237 quidam
1323 5166 1402 5237 quod
1418 5167 1496 5221 sicul
1520 5182 1581 5223 „011
1597 5169 1643 5222 ιιι
1667 5167 1744 5222 ,pus
1760 5165 1853 5223 pilius

123 5282 155 5322 rs
170 5265 309 5330 nominis,
323 5266 353 5315 ut
365 5261 444 5314 lleus
456 5261 485 5312 et
500 5257 620 5325 idolum,
637 5255 827 5324 nouissimi,
845 5270 904 5309 non
920 5259 959 5310 ta·
1015 5257 1078 5327 Del,
1088 5261 1116 5311 et
1126 5256 1204 5311 ulius
1220 5255 1300 5310 tilius
1317 5255 1456 5326 hominis,
1472 5257 1516 5311 sio
1532 5259 1647 5312 nonest
1662 5257 1743 5312 aliud
1759 5255 1853 5312 illius

121 5371 189 5412 men
205 5354 308 5409 eadem
319 5351 425 5405 deitate
439 5347 624 5419 participent.
640 5345 723 5410 Quod
734 5345 959 5418 ergoseriptum
1015 5345 1078 5417 liei,
1104 5350 1133 5402 et
1146 5345 1226 5401 eliud
1241 5345 1322 5402 illius
1337 5344 1476 5402 honunis.
1493 5346 1552 5402 Sed
1570 5346 1599 5401 si
1624 5346 1681 5401 hoo
1697 5349 1754 5418 est,
1777 5361 1850 5419 ergo

121 5448 177 5502 est:
187 5444 242 5512 Qui
253 5438 788 5502 direritcbristumesseoreaturem,
802 5435 958 5491 anathema
1014 5436 1093 5495 sieut
1111 5439 1159 5492 est
1177 5432 1350 5493 indifferens
1370 5446 1509 5508 persons,
1535 5436 1582 5493 sio
1606 5433 1780 5501 indifferens
1803 5438 1850 5492 est

120 5537 171 5605 sit,
189 5530 415 5607 intelligendum
430 5531 478 5585 est
491 5540 605 5601 puram,
621 5528 655 5582 ut
669 5523 759 5581 Arius
774 5523 959 5601 intedigebet
1013 5531 1129 5587 natura.
1221 5562 1224 5569 .

120 5631 168 5688 vel
192 5628 318 5686 dicebat.
337 5621 506 5682 Secundum
526 5617 661 5676 eamdem
679 5615 824 5675 astionem
846 5614 957 5676 tutelli·
1049 5618 1292 5699 Diountquidsm
1300 5617 1381 5697 qnod
1390 5618 1651 5697 molarium
1661 5632 1732 5679 euro
1742 5615 1856 5678 tastum
