3796 6022
572 240 886 306 MISGELLANEA.
910 275 947 288 -
969 241 1049 306 LIB.
1074 243 1099 305 1.
1634 249 1696 315 566

64 494 65 505 ,
81 446 135 501 aad
150 461 240 515 opera
255 444 481 500 restaurationis
498 444 594 517 magis
614 443 762 515 pertinent
776 441 814 497 ad
826 417 859 491 Α
870 442 967 497 torum
981 443 1167 514 memoriam,
1182 444 1213 525 in
1228 444 1369 515 praesenti
1383 445 1529 502 beneflcio
1541 448 1704 520 gratiarum

79 533 276 604 catholicam,
292 550 358 605 quae
374 534 485 590 idcirco
502 533 595 588 sancti
610 532 737 603 amplius
752 530 814 586 dili·
870 530 1016 588 aetionem
1030 533 1209 604 amplificare
1220 533 1364 589 fallaciter
1378 535 1500 607 satagit,
1518 537 1663 593 veraciter
1672 539 1703 595 in

64 665 68 690 ‚
84 624 152 695 quia
176 623 206 678 in
229 625 273 678 eis
287 640 351 679 suae
368 623 473 678 salutis
489 623 618 677 remedia
633 622 810 693 agnoscunt.
870 621 935 675 suis
946 621 1042 678 oculis
1058 638 1095 677 ex
1106 622 1342 679 consideratione
1352 626 1497 678 tantarum
1512 625 1653 682 virtutum
1662 627 1703 683 in·

64 716 162 768 autem
172 709 811 784 portimperhomines.partimperangelos,
869 711 1703 785 tumescit.Dumqueinsuisadmirationeoceupatadell·

64 818 82 857 n
93 803 345 872 persemetipsum
357 805 497 872 operatus
507 804 552 856 est
563 800 643 856 Deus
654 799 813 870 ,utiuarca
869 799 958 871 gitur,
968 800 1108 871 paulatim
1118 800 1180 872 jam
1194 805 1297 857 etcum
1306 818 1321 856 a
1330 818 1389 873 quo
1400 802 1457 857 hoc
1466 802 1554 857 habet
1563 802 1703 860 oblivisci

64 891 103 947 ali
113 891 206 961 prima
218 890 257 944 sit
278 891 392 946 mensio
403 906 492 961 opera
503 889 669 958 homiuum,
682 889 813 944 secunde
868 887 1021 959 incipit;ct
1030 888 1116 960 quasi
1125 889 1251 961 sibijam
1263 891 1393 947 sufficiat
1402 891 1480 963 quod
1492 894 1548 961 est,
1560 892 1700 948 malasua

79 980 266 1049 angelorum,
285 979 369 1034 tertia
384 994 473 1049 opera
490 978 553 1034 Dei.
578 978 742 1048 Supremos
761 993 812 1032 ou·
868 976 1365 1047 ampliusadmemoriamreduoerc
1381 996 1439 1034 nou
1459 980 1607 1053 dignatur.
1617 981 1701 1037 Tune

69 1071 172 1122 auctor
186 1068 394 1122 universorum
411 1068 500 1123 Deus.
868 1065 1701 1141 hostispostquamintnscortumidumvidet,ethominem

868 1153 971 1209 insuia
983 1154 1386 1227 oculismagnumeffectum,
1403 1158 1540 1214 continuo
1557 1159 1700 1231 opprobio

868 1241 942 1297 foris
958 1245 986 1298 et
1001 1241 1127 1316 injurias
1143 1244 1292 1314 admovet,
1313 1247 1382 1317 quia
1406 1247 1462 1302 seit
1483 1249 1561 1319 quod
1576 1249 1700 1322 decepta

64 1335 134 1389 abus
151 1335 246 1389 modis
258 1335 633 1389 diabolushumilitatemiu
650 1334 737 1389 nobis
763 1349 812 1404 op·
867 1347 952 1388 meus
968 1335 1047 1388 tanto
1066 1332 1129 1404 jam
1153 1348 1205 1388 eas
1227 1333 1427 1405 impatientius
1449 1337 1625 1407 susceptura
1641 1338 1707 1409 sit,-

63 1426 97 1491 it,
115 1423 313 1493 perinjurium
330 1423 478 1491 videlicet,
492 1428 520 1478 et
535 1440 588 1493 per
602 1423 808 1478 reverentiam.
867 1422 975 1492 quante
991 1422 1086 1494 magis
1103 1421 1133 1476 in
1149 1437 1182 1477 se
1198 1422 1286 1494 nihil,
1302 1423 1361 1478 nisi
1377 1424 1455 1495 quod
1471 1423 1557 1479 laude
1574 1425 1696 1498 dignum

64 1512 358 1584 andoeniminstigat
373 1512 508 1567 liornines
518 1554 524 1580 ‚
535 1515 566 1567 ut
576 1511 809 1583 iujuriamuobis
866 1511 926 1579 est,
936 1511 1082 1582 agnoscit.
1091 1509 1274 1582 Quapropter
1282 1513 1446 1583 oportet,si
1456 1512 1698 1569 humilitatemin-

64 1603 119 1670 mt‘,
131 1618 165 1656 ae
181 1617 234 1672 par
249 1602 305 1655 hoc
321 1601 357 1654 ad
374 1601 621 1672 indignationem,
634 1601 708 1656 etad
724 1601 807 1670 iram,
865 1601 978 1671 tagram
994 1600 1193 1671 etpcrfectam
1208 1616 1329 1656 servare
1345 1601 1499 1672 cupimus,
1516 1602 1646 1658 animum
1661 1603 1698 1658 ab

64 1691 262 1760 mpatientiam
271 1706 326 1744 nos
338 1689 509 1759 pertrahere
517 1690 628 1744 nititur.
641 1689 807 1760 Aliquando
825 1732 850 1797 Β
864 1686 1014 1760 agnitione
1025 1688 1119 1744 nostri
1128 1692 1309 1759 avertamus,
1320 1692 1358 1760 et,
1370 1694 1490 1760 accepta
1509 1691 1696 1748 contumelia.

64 1778 806 1847 llosnobisrevereutiamexhibere,etsicadvauam
865 1775 1017 1831 discamus
1028 1778 1144 1833 nocenti
1154 1793 1213 1833 nou
1221 1779 1321 1848 irasci,
1332 1779 1385 1834 sed
1395 1780 1531 1850 compati,
1542 1783 1570 1835 at
1578 1779 1609 1835 id
1618 1782 1698 1853 quod

64 1885 111 1937 m,
127 1872 155 1923 et
170 1869 286 1922 inanem
302 1867 431 1922 laetitiam
444 1883 498 1922 nos
514 1867 656 1922 inclinare
672 1871 805 1924 conatur.
865 1865 901 1920 ab
917 1881 952 1920 eo
967 1866 1094 1937 patimur
1108 1867 1313 1923 existimemus
1329 1885 1387 1923 non
1399 1869 1517 1924 malitiae
1533 1869 1625 1940 illius,
1643 1871 1698 1926 sed

64 1973 125 2012 rere
148 1959 174 2012 si
190 1962 298 2035 eontra¹
312 1957 377 2012 haec
393 1956 471 2012 bella
486 1957 598 2011 inimici
613 1956 807 2011 humilitatem
864 1954 977 2009 meritis
993 1955 1222 2010 nostrisdahere
1234 1956 1379 2026 imputari.
1390 1956 1457 2011 Tria
1473 1957 1601 2029 denique
1616 1961 1695 2029 sunt,

67 1192 187 1246 Lxxll.
201 1192 320 1246 Duobus
326 1192 422 1246 rhodis
431 1191 626 1245 hrriuilitatem
633 1191 810 1263 impugnari.

64 2046 233 2102 amillaesam
241 2046 391 2101 custodire
400 2045 547 2101 volumus.
556 2045 630 2099 Mala
637 2049 732 2101 autern
739 2046 805 2101 dico

64 2135 138 2190 alum
151 2135 305 2203 interiora,
319 2151 385 2206 quae
402 2135 438 2189 ad
454 2135 635 2205 iniquitatem
651 2137 680 2189 et
690 2133 806 2205 culpam

64 2227 129 2291 ient,
156 2225 208 2280 sed
228 2225 315 2278 etiam
331 2224 493 2292 exteriora,
510 2240 577 2294 quae
600 2223 756 2294 pei-timent
768 2223 804 2277 ad

64 2316 123 2367 tem
135 2313 281 2368 :sicutest
292 2313 462 2384 ignobilitas
472 2313 602 2385 generis
616 2312 728 2381 iuopia,
737 2328 803 2383 quae

64 2406 122 2457 uter
137 2401 332 2472 paupertatis,
349 2401 486 2456 debilitas
497 2400 647 2470 eorporis,
664 2400 728 2455 etsi
748 2416 804 2471 qua

65 2491 120 2547 alia
139 2508 206 2562 quae
223 2491 372 2545 hominem
387 2490 549 2545 humiliant.
567 2490 641 2543 Nam
658 2489 685 2543 si
702 2489 804 2559 culpas

64 2595 88 2635 ia
99 2583 128 2634 ct
137 2579 274 2633 miserias
286 2583 405 2633 nostras
415 2580 491 2633 bene
500 2581 645 2634 etattente
656 2577 805 2648 inspicere

64 2684 108 2723 urs
117 2709 125 2737 ,
134 2671 203 2722 tune
213 2667 352 2722 fortassis
361 2683 416 2722 nec
424 2667 580 2738 indignum
591 2666 803 2739 judicabimus,

67 2756 245 2811 lsinferatur
255 2755 364 2827 bajaria
375 2771 381 2821 3
392 2771 446 2809 nec
456 2755 593 2827 dignuin,
602 2756 627 2810 si
638 2756 804 2810 reverentia

64 2845 247 2914 mter-‚Saepe
256 2843 510 2913 autemdiabolus,
523 2844 804 2915 quosperinjuriam

863 2058 917 2112 per
931 2059 998 2115 quaa
1009 2043 1159 2099 humilitas
1170 2045 1316 2100 adversus
1327 2044 1435 2100 illatam
1447 2047 1654 2101 contumeliam
1663 2063 1697 2103 se

862 2131 1015 2187 defendit:
1033 2132 1173 2203 Primum,
1190 2136 1221 2187 ut
1245 2133 1469 2189 consideremus
1490 2135 1607 2206 culpam
1621 2150 1696 2191 nos-

862 2223 950 2290 tram,
973 2237 1030 2292 qua
1046 2222 1207 2277 meruimus
1223 2221 1334 2276 attalia
1350 2222 1508 2293 patiamur;
1525 2223 1647 2295 deinde,
1663 2227 1696 2281 ut

863 2310 1028 2382 cogitemus
1044 2310 1122 2381 qnod
1143 2311 1260 2382 quoties
1276 2310 1312 2364 ad
1327 2313 1422 2366 nostri
1441 2311 1596 2367 laesionem
1610 2314 1694 2368 cxci-

862 2400 939 2453 tatur
953 2398 1117 2470 proximus,
1131 2398 1187 2453 hoc
1198 2399 1283 2470 quasi
1295 2415 1352 2454 non
1364 2400 1428 2469 ille,
1445 2400 1500 2456 sed
1514 2401 1544 2455 iu
1553 2400 1693 2473 illojuste

858 2487 974 2559 judicio
993 2504 1049 2543 suo
1064 2488 1099 2542 ad
1115 2504 1171 2542 nos
1183 2488 1385 2558 probationem
1401 2489 1465 2543 sive
1478 2487 1614 2560 jubendo
1628 2490 1693 2546 sive

861 2576 1055 2647 permittendo
1066 2562 1209 2648 operetur
1216 2577 1311 2646 Deus;
1324 2580 1491 2648 postremo,
1507 2579 1539 2631 ut
1553 2578 1691 2634 conside·

861 2666 1045 2737 remusquod
1056 2654 1541 2738 malumageutinoniruscendum,
1549 2667 1604 2722 sed
1618 2683 1695 2722 com·

860 2754 1029 2824 patiendum
1044 2754 1096 2823 sit,
1123 2756 1200 2810 sicut
1215 2755 1408 2825 corporaliter
1426 2753 1603 2826 infirmanti,
1628 2756 1694 2813 sive

860 2843 977 2916 plagam
991 2847 1040 2900 aut
1055 2845 1163 2900 vulnus
1173 2844 1309 2914 habenti,
1326 2860 1412 2900 nemo
1424 2859 1497 2899 sana
1513 2848 1631 2916 saperet
1642 2845 1693 2918 qui

64 2933 255 3007 impingendo
272 2950 330 2988 non
346 2934 423 2989 valet
437 2935 644 3003 prosternere,
661 2949 805 3004 perreve-
861 2949 919 2987 uon
939 2931 1036 3002 potius
1048 2932 1263 2987 condolendum
1279 2949 1367 3004 quam
1382 2933 1572 2989 irascendum
1587 2934 1692 2990 existi-

64 3040 90 3080 m
109 3024 196 3094 quasi
212 3023 325 3078 occulte
340 3022 526 3078 suffodiendo
542 3022 642 3077 nititur
659 3023 801 3094 supplan·
819 3040 845 3104 c
861 3025 962 3077 maret.
971 3022 1093 3077 Peccata
1101 3022 1178 3076 enim
1187 3023 1273 3093 quasi
1283 3021 1494 3093 quaedamsunt
1506 3022 1693 3078 vulneraani·

64 3113 141 3169 tiens
155 3113 262 3168 etenim
279 3113 407 3167 hominis
417 3113 505 3167 eitius
516 3113 545 3166 in
561 3113 646 3168 laude
662 3113 710 3168 sui
725 3114 801 3168 deci-

65 3203 218 3273 quiaquod
228 3202 368 3257 libentius
376 3202 493 3272 accipit,
506 3202 656 3257 difficilius
667 3203 797 3273 repellit3

64 3307 114 3352 um
124 3291 478 3362 bonusuanonnunquum
494 3291 568 3346 foris
584 3290 695 3346 laudari
707 3291 797 3360 audit,

64 3379 136 3434 idam
159 3380 297 3435 modoad
321 3381 510 3450 semetipsam
533 3395 668 3449 reversa,
692 3379 798 3436 iterum

64 3468 221 3524 :ansiderat
231 3469 259 3522 id
268 3470 346 3539 quod
362 3470 479 3538 dicitur,
491 3471 583 3525 libere
596 3469 660 3542 jam
675 3473 703 3524 et
712 3469 798 3541 quasi

64 3557 125 3627 alpe
136 3559 165 3611 in
174 3558 340 3612 adulatione
354 3559 400 3614 sui
417 3559 555 3614 delectari
570 3574 604 3614 se
615 3575 706 3630 posse
720 3558 797 3613 arbi·

64 3686 67 3700 .
80 3647 211 3716 Cumque
227 3663 260 3701 se
272 3648 470 3702 tantummodo
486 3648 654 3703 testimonio
665 3648 797 3703 veritatis

64 3735 455 3805 aaumpraebereexistimat,
468 3737 796 3808 nouipsaeamveritas,

64 3823 158 3878 lutatio
187 3825 285 3894 potius
313 3825 446 3880 delectat.
465 3825 609 3881 litantem
621 3843 745 3896 prorsus
760 3827 797 3881 ab

64 3912 100 3969 tis
110 3912 181 3968 vitio
190 3914 334 3968 innocens
343 3930 412 3969 esse
423 3912 571 3983 videatur,
584 3913 688 3985 majori
700 3914 796 3969 adhuc

64 4003 118 4057 tute
135 4018 169 4056 se
190 4002 303 4072 palliat3
320 4006 348 4057 et
368 4007 525 4073 postquam
542 4004 570 4056 id
590 4002 669 4074 quod
686 4002 796 4058 dictum

72 4105 106 4145 se
118 4107 220 4145 verum
229 4107 298 4146 esse
306 4092 502 4159 consenserit,
519 4092 623 4147 neullo
634 4092 721 4146 modo
737 4092 794 4146 sibi

64 4193 92 4235 rc
108 4179 272 4250 existimet,
285 4181 381 4234 statim
393 4196 426 4234 se
436 4181 472 4234 ad
481 4181 796 4252 gratiarumactronem

64 4267 116 4322 rtit.
136 4269 206 4322 llaec
222 4273 320 4323 autam
336 4270 488 4324 confessio
502 4270 589 4324 morlo
599 4270 724 4324 mirabili
736 4286 795 4324 non

859 3127 987 3180 marum3
1000 3115 1029 3167 et
1038 3112 1193 3183 omnisqui
1205 3112 1279 3166 male
1290 3111 1360 3183 agit,
1372 3125 1432 3166 nou
1442 3111 1573 3181 quasiex
1584 3111 1692 3168 virtute

859 3216 964 3273 agens,
971 3202 1035 3271 sed,
1044 3201 1152 3272 quasia
1163 3200 1270 3256 virtute
1280 3199 1554 3278 deficiensetveluti
1565 3201 1691 3272 quadam

859 3289 1016 3360 phrenesis
1032 3289 1208 3361 aegritudine
1217 3289 1367 3361 laborans,
1384 3289 1430 3360 pie
1446 3288 1617 3345 tolerandus
1633 3293 1690 3346 est.

860 3379 1035 3452 Primaergo
1044 3379 1241 3434 consideratio
1257 3379 1362 3434 suadet
1377 3379 1464 3434 nobis
1477 3377 1690 3451 justitiamse·

859 3469 955 3525 cunda
976 3469 1189 3537 reverentiam,
1206 3469 1292 3525 tertia
1311 3468 1556 3524 misericordiam.
1583 3467 1691 3525 Contra

857 3559 1052 3614 reverentiam
1063 3561 1159 3615 autem
1171 3560 1199 3613 et
1208 3557 1405 3613 laudationem
1419 3573 1472 3628 per
1486 3558 1620 3613 eamdem
1629 3574 1690 3613 ma·

857 3647 953 3703 lorum
973 3662 1096 3702 suorum
1112 3646 1283 3703 memoriam
1298 3646 1354 3701 hoc
1369 3646 1457 3701 modo
1480 3662 1513 3701 se
1529 3646 1689 3704 defendere

858 3736 945 3792 debet
955 3735 1115 3791 humilitas
1123 3735 1245 3801 Quoties
1256 3735 1422 3790 adulatione
1433 3735 1614 3790 laudantium
1624 3737 1689 3792 sive

857 3825 1050 3881 reverentiam
1059 3823 1381 3895 exhibentiumpulsari
1393 3823 1524 3879 exterius
1535 3828 1621 3897 atque
1630 3828 1690 3880 ten·

855 3914 910 3968 tari
926 3929 959 3969 se
976 3915 1118 3983 senserit,
1136 3930 1195 3969 uon
1211 3913 1338 3968 attendat
1354 3928 1450 3983 neque
1467 3914 1577 3985 cogitet
1590 3917 1689 3969 utrum

855 4018 959 4057 verum
970 4003 1010 4058 sit
1020 4004 1098 4075 quod
1108 4004 1144 4059 de
1163 4003 1326 4071 sedicitur,
1337 4005 1387 4058 aut
1402 4003 1523 4075 dignum
1540 4002 1688 4075 quodsibi

855 4090 1027 4160 exhibetur,
1039 4092 1094 4146 sed
1108 4093 1206 4146 statim
1217 4107 1254 4146 ne
1269 4092 1391 4162 decepta
1405 4107 1489 4147 mens
1500 4107 1555 4162 per
1570 4091 1688 4148 inanem

854 4180 978 4251 gloriam
992 4179 1109 4236 laudem
1122 4196 1180 4251 qua
1195 4180 1269 4235 foris
1280 4181 1416 4251 pulsatur
1431 4181 1507 4235 intro
1525 4179 1684 4251 suscipiat,

855 4284 893 4322 cx
903 4269 968 4340 ipso
980 4285 1035 4324 suo
1046 4269 1116 4323 vitio
1127 4269 1154 4323 ei
1164 4284 1313 4340 opponere
1325 4272 1407 4324 curet
1417 4269 1495 4323 unde
1503 4270 1603 4340 potius
1614 4284 1684 4324 cru·

64 4356 219 4427 uilitatem,
237 4358 291 4412 scd
306 4359 341 4412 ad
357 4359 492 4413 elationis
506 4359 795 4430 augmentumprofi·
811 4350 840 4414 D
855 4357 967 4427 bascat,
979 4358 1082 4413 dicens
1094 4373 1160 4412 cum
1175 4358 1333 4413 Psalmista
1354 4374 1360 4413 :
1377 4358 1568 4412 Avertantur
1583 4357 1685 4412 statim

64 4445 165 4501 oniam
174 4449 252 4501 tanto
264 4446 326 4517 jam
338 4447 503 4502 fiducialius
515 4448 590 4517 aprud
602 4447 796 4517 semetipsum

66 4537 127 4604 tua,
144 4539 253 4604 quanto
271 4535 458 4590 manifestius
473 4537 582 4591 bonum
598 4552 685 4590 suum
704 4552 795 4593 nona

64 4638 97 4677 ia
111 4623 172 4677 ileo
188 4640 256 4678 esse
272 4625 437 4678 confitetur.
452 4624 593 4679 Pharisaei
608 4641 734 4695 prorsus
750 4642 797 4680 su·

75 4710 201 4766 dicenhs
215 4729 220 4767 :
232 4713 324 4775 Draus,
337 4718 514 4784 qrutrasaqo
529 4713 586 4767 tibi
595 4714 795 4786 quianonsurn

64 4801 157 4855 ueteri
172 4801 332 4866 lierniuurn,
346 4808 497 4871 raptores
515 4802 637 4872 injusti,
654 4802 793 4867 adulteri,

64 4887 148 4941 etiam
163 4889 211 4941 hh·
223 4891 408 4960 publicanus.
425 4891 530 4962 alipene
545 4891 593 4945 bis
607 4892 638 4947 iu
649 4890 795 4960 Sabbata,

64 4991 95 5031 as
121 4977 158 5031 do
181 4979 307 5033 orunium
339 4997 402 5051 quae
426 4981 566 5050 possideo
594 4980 675 5050 (Luc.
701 4980 794 5049 xviri).

64 5063 94 5119 le
124 5067 271 5136 quomedo
295 5068 378 5122 virus
402 5068 577 5138 pestilentiae
602 5069 739 5139 paulatim
762 5084 795 5123 se

64 5152 108 5217 lit.
130 5154 260 5209 Primum
281 5155 420 5212 fortassis
440 5158 558 5229 aliquod
583 5173 671 5213 unum
686 5157 796 5213 bouum

64 5241 102 5299 ris
127 5243 274 5298 laudatum
295 5245 405 5314 fuerat,
429 5246 483 5300 aad
505 5246 679 5301 <luminans
701 5262 738 5300 ex
759 5262 795 5301 ee

64 5346 79 5385 c
90 5333 249 5399 extollitur,
263 5335 401 5388 continuo
413 5339 643 5404 caeteraquoque
655 5334 683 5388 in
691 5350 794 5389 memo

64 5421 189 5489 reniuut,
200 5428 229 5475 ut
239 5422 365 5492 amplius
378 5423 415 5476 ail
431 5424 585 5479 elationem
601 5423 793 5477 accendatur.

64 5512 98 5563 >at
108 5510 243 5566 etmliosc
257 5515 362 5566 cuncta
375 5512 452 5567 bona
462 5529 515 5567 sua
530 5512 692 5582 praeterita,
707 5515 794 5585 atque

64 5615 99 5655 tm
111 5602 208 5655 cannia
223 5617 404 5656 coacervans
414 5602 492 5670 dum,
503 5605 589 5673 quusi
599 5603 793 5673 perpraetcri-

856 4445 1069 4500 erubescentes
1089 4446 1138 4518 qui
1157 4445 1259 4501 dicunt
1277 4447 1352 4500 uiilu'
1363 4462 1370 4502 ε
1390 4447 1485 4517 Euge,
1507 4444 1686 4516 euqe(PaaI.

855 4533 1686 4609 nxrv).Quisquisenimlaudatusdeveritateoousulturus

854 4623 1141 4693 conscientiamadit,
1152 4623 1545 4695 exeoipsojamconsentire
1554 4621 1689 4678 inadula-

854 4711 1168 4783 tionemconvincitur,
1179 4714 1248 4784 quia
1264 4713 1454 4768 occasionem
1464 4711 1686 4783 approbationis

854 4801 921 4872 ejus
937 4817 996 4858 uon
1018 4804 1174 4873 quereret,
1192 4801 1249 4855 nisi
1270 4817 1334 4856 cam
1354 4817 1371 4854 a
1391 4800 1536 4871 principio
1558 4800 1686 4855 retinere

854 4906 942 4960 quam
956 4890 1088 4962 abjicere
1104 4889 1268 4945 maluisset.
1286 4888 1321 4943 Et
1337 4889 1403 4944 ideo
1424 4890 1455 4944 iit
1475 4904 1687 4961 nonnunquam

854 4984 885 5033 ut
900 4977 987 5034 talem
1000 4978 1082 5053 justo
1096 4978 1209 5050 judicio
1230 4977 1325 5047 Deus,
1342 4977 1411 5050 quia
1425 4979 1597 5035 intentionis
1617 4977 1686 5051 ejus

854 5068 1026 5138 pravitatem
1048 5066 1234 5137 considerat,
1259 5067 1412 5124 veritatem
1433 5068 1604 5124 discernere
1627 5084 1687 5124 non

853 5156 1010 5226 permittat,
1027 5159 1055 5211 ct
1073 5155 1275 5212 testimonium
1289 5157 1560 5230 conscientiarium
1578 5157 1621 5213 illi
1636 5173 1686 5214 re-

853 5244 998 5316 spondeat
1010 5261 1070 5300 non
1084 5244 1157 5299 adid
1165 5246 1242 5317 quod
1254 5262 1389 5319 quaerere
1398 5262 1431 5301 se
1440 5246 1534 5317 fluxit,
1546 5245 1687 5317 sedquod

854 5334 986 5389 invenire
1000 5332 1199 5389 desiderabat.
1208 5333 1381 5390 Sicllolaam
1397 5351 1464 5390 cum
1479 5351 1495 5387 a
1510 5334 1598 5389 Bnlac
1613 5348 1685 5404 rege

854 5423 1047 5479 Moabitarum
1058 5423 1095 5477 ad
1110 5422 1343 5479 maledicendum
1352 5423 1422 5479 illlis
1432 5422 1522 5479 lsrael
1533 5423 1687 5492 proposita

853 5511 989 5569 mercede
999 5512 1189 5583 invitaretur,
1200 5512 1462 5585 uDominoquaerit
1471 5528 1509 5567 au
1517 5513 1560 5566 ire
1568 5509 1685 5583 debeat,

853 5604 882 5656 et
892 5601 980 5661 eundi
990 5602 1138 5665 licentiam
1147 5603 1267 5681 accipit,
1278 5604 1325 5659 cui
1335 5606 1432 5658 tamen
1445 5604 1515 5675 post
1530 5600 1594 5665 bec
1605 5601 1686 5665 cunti
