3796 6022
83 297 143 358 557
408 332 410 337 ,
685 293 990 363 Misenensium.
1015 337 1052 346 -
1075 294 1154 364 ms.
1180 300 1204 362 1.
1751 302 1810 365 558

84 493 209 549 verbum
220 493 525 549 DeiVerbumautam
536 495 705 567 Deiabipso
717 497 919 570 cstcujusest,
934 480 964 542 Α
977 496 1110 567 profecto
1135 500 1181 551 est
1202 497 1345 570 iniquitas
1372 497 1432 551 riri
1447 513 1530 569 qaam
1546 496 1740 553 benefaciens
1754 514 1812 552 mn·

84 580 255 649 Prudentia,
268 581 353 651 quasi
369 580 475 635 mulier
489 597 590 637 curam
601 579 707 639 domus
723 601 828 657 agens,
842 585 918 640 circa
978 585 1045 656 lior,
1063 587 1131 657 quia
1147 585 1174 639 si
1190 589 1292 640 natura
1307 585 1383 640 bona
1399 588 1445 639 est
1459 587 1489 640 in
1504 585 1809 658 conditione,justitia

83 684 200 740 eaquae
217 668 393 723 carnissunt
403 671 569 743 stringitur.
582 671 729 742 Sapientia
740 691 821 744 vcro,
834 674 920 745 quasi
976 675 1081 729 melior
1095 676 1141 729 cst
1156 675 1185 728 in
1194 674 1395 728 retributione.

84 759 132 812 vir
147 757 176 811 in
191 758 353 830 longinqua
368 759 558 829 sagacitatem
575 776 659 815 suam
675 761 849 831 extendens,
868 778 921 832 per
1025 763 1087 818 Tm.
1103 756 1204 817 allalX'.
1225 763 1269 817 lle
1284 762 1346 817 Fili
1360 763 1417 818 Dei
1429 765 1624 836 generatione
1637 769 1761 821 aeterna.

85 846 307 916 amplitudinem
318 846 481 917 spiritualis
492 849 745 919 contemplationis
767 855 919 923 evagatur.
1005 850 1611 916 QuandoPatercoaeternumsibiVerbum
1619 854 1731 925 genuit,
1741 856 1811 909 tunc

86 935 163 989 Hinc
179 935 318 1005 estquod
334 935 440 990 mulier
454 935 503 989 illa
528 936 687 992 fornicaria
711 954 777 1009 quae
799 943 921 1010 propter
975 939 1063 1007 dixit,
1081 938 1109 993 F
1108 939 1179 993 ilius
1193 955 1275 994 triens
1292 956 1325 994 es
1340 939 1570 1010 tu(Psal.11).1n
1580 941 1673 996 verbo
1683 940 1771 1009 dixit,
1783 946 1812 998 et

84 1024 251 1077 absentiam
265 1022 432 1093 discipline
448 1024 585 1097 simulet
600 1026 788 1082 continentiae
800 1027 922 1082 mades·
974 1028 1003 1082 F
1000 1026 1071 1082 ilias
1079 1044 1162 1082 meus
1178 1044 1211 1082 es
1227 1032 1265 1094 tu,
1276 1027 1387 1099 genuit.
1399 1027 1472 1092 Quia
1483 1045 1553 1084 vero
1565 1030 1718 1102 generatio
1725 1032 1809 1085 tran-

82 1113 155 1167 tiam
170 1115 387 1182 postposuerat,
405 1114 502 1167 virum
518 1128 605 1168 suum
620 1129 746 1186 peregre
756 1115 921 1186 profectum
975 1116 1077 1171 siteria
1088 1132 1147 1171 nen
1158 1118 1214 1186 est,
1222 1116 1423 1170 diciturlrodie
1429 1136 1438 1182 ,·
1448 1118 1549 1189 etquis
1555 1118 1695 1188 perfecta,
1707 1119 1807 1191 genai.

82 1203 202 1271 asserit,
219 1201 396 1272 domumque
407 1217 441 1256 ac
453 1202 549 1257 cubile
564 1204 745 1258 amatoribus
755 1203 819 1258 suis
834 1205 921 1274 pictis
975 1204 1043 1258 ideo
1055 1205 1132 1259 enim
1141 1219 1195 1274 per
1203 1204 1385 1275 praeteritum
1396 1204 1513 1259 dicitur.
1524 1222 1560 1261 ne
1571 1209 1690 1277 putetur
1704 1205 1810 1278 imper

81 1290 231 1362 tapetibus
256 1290 285 1345 in
310 1289 508 1345 blandimenta
535 1292 695 1361 voluptatis
716 1307 749 1346 se
775 1294 921 1348 stravisse
974 1292 1180 1364 fecta3etideo
1190 1293 1343 1364 perbodie
1358 1293 1437 1365 quod
1452 1297 1499 1348 est
1512 1310 1660 1365 praesens,
1675 1310 1712 1350 ne
1726 1298 1808 1350 tran-

82 1381 211 1433 testatur
224 1379 329 1449 (Pror.
346 1380 408 1448 vu),
424 1380 493 1450 quia
508 1379 648 1434 nimirum
658 1381 813 1451 prudentia
825 1382 921 1436 inter·
974 1386 1066 1437 sacta.

83 1467 165 1521 renis
180 1470 209 1521 et
224 1467 403 1520 transitoriis
429 1483 545 1537 pressa,
572 1484 639 1523 cum
663 1484 716 1538 per
731 1471 921 1539 praesentiam
1001 1471 1063 1524 Trr.
1079 1470 1166 1526 CLX.
1183 1471 1227 1525 lle
1243 1471 1342 1525 tribus
1357 1487 1420 1544 quse
1435 1476 1503 1526 sant
1518 1470 1550 1525 in
1564 1486 1702 1526 sermone
1716 1471 1782 1529 Dei.

82 1556 237 1626 sapientiae
253 1555 418 1626 superioris
430 1571 490 1610 nen
506 1558 631 1628 regitur,
648 1557 807 1613 desideriis
822 1560 921 1614 camis
1010 1559 1078 1613 Tria
1094 1562 1163 1613 sunt
1179 1560 1208 1612 in
1223 1573 1361 1614 sermone
1377 1559 1449 1614 Dei:
1467 1559 1628 1630 Elementa,
1645 1559 1768 1615 exordia
1783 1563 1811 1615 et

83 1660 149 1699 suae
163 1644 249 1716 quasi
266 1645 444 1716 quibusdam
462 1647 643 1701 amatoribus
658 1662 712 1717 per
726 1646 921 1703 illecebrosas
976 1648 1199 1718 completiones
1219 1648 1250 1701 ln
1266 1648 1420 1703 elementis
1432 1651 1589 1719 expressio
1604 1649 1689 1704 vocis
1703 1650 1758 1704 sed
1768 1649 1812 1703 in·

83 1735 203 1803 species
219 1749 320 1788 rerum
334 1734 496 1788 visibilium
512 1731 689 1790 adillicitam
697 1736 920 1792 delectationem
976 1737 1137 1809 telligentia
1148 1752 1206 1791 non
1216 1739 1263 1791 est
1274 1751 1280 1791 :
1293 1737 1608 1792 inexordiosermonis
1617 1736 1812 1810 intelligentia

85 1821 360 1877 famulatur.F01tis
375 1827 471 1876 autem
483 1822 532 1877 illa
542 1825 658 1896 mulier,
675 1841 762 1897 quam
772 1825 920 1897 Sapientia
935 1800 962 1862 Β
978 1829 1034 1896 est,
1047 1826 1100 1880 sed
1109 1824 1239 1895 perfecta
1250 1839 1310 1879 non
1321 1828 1381 1895 est3
1401 1825 1432 1879 in
1443 1826 1638 1895 completione
1649 1825 1810 1896 sermonis,

85 1912 279 1981 commendat,
297 1911 365 1983 quia
375 1911 450 1967 benc
466 1912 678 1968 domumsuam
688 1915 845 1986 disposuit,
859 1915 921 1971 lau·
976 1913 1495 1986 perfectaintelligentiaest.Figurae
1505 1913 1622 1968 Veteris
1631 1914 1812 1969 Testamenti

85 1999 152 2054 data
163 2004 209 2054 est
219 2017 235 2054 a
245 2001 307 2055 viro
319 2016 384 2070 suo,
398 2001 524 2055 fructum
536 2004 702 2073 capiensex
712 2005 854 2074 operibus
864 2022 921 2060 ma·
976 2006 1120 2061 elementa
1134 2002 1253 2057 fuerunt
1267 2002 1415 2057 sermonis
1432 2003 1493 2056 [tei.
1506 2002 1658 2073 Praecepta
1669 2002 1812 2075 Deculogi

84 2105 177 2143 nuum
192 2104 313 2144 suarum
328 2089 433 2159 (Pror.
451 2091 544 2163 xxxi).
562 2092 634 2146 Haec
649 2097 695 2147 ast
710 2109 783 2165 ergo
800 2094 921 2149 benefa-
975 2093 1131 2148 exordium
1146 2090 1264 2145 fuerunt
1279 2092 1427 2145 sermonis
1442 2090 1505 2145 Dei.
1517 2090 1668 2160 Praecepta
1676 2091 1746 2147 nevi
1756 2091 1812 2147 Te·

84 2178 169 2233 ciens
192 2179 307 2249 mulier,
324 2195 391 2250 quae
406 2183 505 2234 tamen
520 2181 665 2252 iniquitati
681 2175 737 2235 iriri
758 2183 924 2253 comparari
977 2181 1114 2237 stamenti
1129 2180 1285 2250 completio
1301 2183 1371 2235 sunt
1389 2179 1537 2234 sermonis
1560 2179 1623 2235 Dei.
1648 2177 1812 2236 Prohibitic

83 2282 146 2322 aon
161 2270 259 2337 potest
273 2271 304 2321 ut
318 2267 350 2321 in
364 2268 420 2323 hec
436 2269 593 2324 manifeste
604 2271 824 2326 demonstretur
834 2287 925 2343 quan·
977 2271 1108 2342 porcinae
1119 2270 1217 2323 carnis
1228 2268 1405 2324 elementum
1416 2268 1625 2323 fuitsermonis
1636 2268 1699 2323 Dei.
1708 2268 1812 2325 Prohi-

83 2360 147 2411 tum
170 2357 258 2411 distet
282 2356 318 2410 ab
343 2357 479 2427 nequitate
502 2359 581 2413 illius
603 2359 806 2430 malefaciens,
827 2361 854 2415 si
869 2376 923 2415 nea
979 2360 1051 2415 bitio
1065 2358 1201 2413 moecbiae
1217 2358 1357 2428 earnalis,
1374 2357 1812 2429 exordium3probibitiospiri·
1860 2424 1863 2429 .

85 2446 282 2501 benefaciens
296 2446 441 2517 iniquitati
458 2448 525 2519 ejus
548 2451 645 2519 petest
668 2450 827 2523 coaequari.
848 2449 927 2505 Con·
981 2449 1068 2504 tualis
1080 2447 1224 2513 moecbiae,
1238 2446 1440 2515 completio.ln
1453 2446 1551 2500 Veteri
1562 2446 1750 2502 Testamenta
1760 2446 1814 2501 ita·

89 2535 220 2592 siderate
237 2535 323 2592 mode
338 2537 456 2608 quando
472 2537 577 2592 mulier
592 2538 749 2609 benefacit,
766 2543 795 2594 et
818 2540 848 2594 in
871 2556 929 2611 qao
982 2555 1047 2594 rum
1060 2536 1178 2608 quando
1189 2536 1373 2590 dictumest:
1388 2534 1514 2589 Carnem
1525 2550 1589 2589 cum
1600 2535 1746 2606 sanguine
1756 2549 1813 2591 non

83 2625 246 2680 benefacit.
263 2625 387 2691 Quando
404 2625 474 2681 facit
488 2626 567 2699 quod
581 2627 680 2682 facere
697 2628 793 2699 debet,
811 2629 934 2684 benefa-
982 2627 1145 2684 comedetis
1155 2626 1234 2695 (Gen
1245 2630 1296 2694 rx),
1309 2624 1486 2680 elementum
1496 2623 1565 2694 fuit,
1577 2623 1814 2694 qnandodictum

85 2716 136 2770 cit.
155 2714 231 2780 Quid
248 2714 345 2770 facere
363 2715 470 2769 debet?
486 2715 645 2770 Prudentia
656 2716 773 2788 dicitur,
785 2718 854 2790 qnia
866 2735 932 2789 pro·
982 2720 1051 2772 est:
1068 2717 1136 2772 Non
1151 2714 1270 2769 occides
1284 2714 1392 2784 (Exod.
1415 2715 1477 2783 an),
1501 2706 1671 2782 exordium,
1696 2713 1813 2785 quando
1878 2751 1886 2761 -

84 2804 188 2858 ridere
212 2805 300 2859 debet
323 2820 357 2859 aa
382 2805 498 2859 scilicet
519 2820 586 2876 quas
609 2809 780 2861 necessaria
806 2813 875 2862 sunt
902 2812 930 2863 et
982 2806 1091 2862 dictum
1106 2808 1152 2859 est
1165 2820 1171 2859 :
1184 2803 1294 2876 Siquis
1303 2803 1448 2858 irascitur
1458 2803 1551 2857 fratri
1566 2817 1619 2857 suo
1633 2803 1700 2856 sine
1714 2792 1812 2873 eausa,

85 2892 240 2947 commoda
256 2894 354 2948 carnis
371 2909 445 2965 sum,
461 2895 601 2965 quoniam
615 2895 672 2965 ipsi
697 2897 856 2952 commissa
882 2902 928 2952 est
981 2891 1387 2965 reaseritjudicioidlattlr.
1404 2891 1444 2963 v),
1466 2892 1632 2961 completio.
1660 2891 1693 2945 ln
1715 2891 1815 2946 Veteri

85 2997 158 3037 cura
173 2980 264 3037 illius.
287 2982 339 3035 Vir
352 2986 449 3036 autem
465 2985 583 3054 quando
599 2983 757 3056 benefacit,
781 2990 809 3040 et
823 2987 854 3041 in
868 3002 926 3058 quo
982 2985 1170 3040 Testamenta
1185 2997 1245 3037 vox
1260 2979 1324 3051 fuit,
1341 2981 1371 3035 in
1395 2980 1479 3036 Novo
1503 2980 1680 3050 intellectus,
1704 2979 1735 3034 in
1754 2981 1815 3035 vita

83 3070 252 3126 benefacit?
267 3069 389 3136 Quando
401 3074 545 3143 sapientia
557 3090 679 3128 sursum
687 3074 822 3145 intendit,
834 3090 926 3146 appe·
983 3077 1102 3142 aeterna,
1118 3087 1178 3126 res.
1192 3070 1225 3124 ln
1238 3071 1336 3125 Veteri
1344 3070 1533 3124 Testamenta
1545 3069 1592 3122 via
1600 3066 1665 3138 fuit,
1677 3067 1707 3121 in
1716 3068 1812 3138 Novo,

83 3165 164 3231 tens,
176 3163 205 3216 et
220 3161 395 3216 desiderans
412 3176 447 3215 ea
463 3161 560 3218 solum
575 3179 641 3234 quae
656 3163 840 3234 beneplacita
856 3169 925 3219 sunt
983 3163 1103 3233 veritas,
1120 3161 1150 3215 in
1165 3159 1339 3229 eternitate,
1353 3160 1423 3213 vita.
1442 3158 1526 3213 Unde
1541 3157 1648 3211 dicitur
1660 3171 1666 3211 :
1676 3156 1814 3229 Egosum

85 3250 159 3321 Dee,
175 3254 243 3304 tunc
259 3251 304 3304 vir
312 3250 470 3305 benefacit.
485 3251 536 3306 Vir
546 3268 619 3324 ergo
635 3253 792 3325 benefacit,
806 3255 924 3325 quando
986 3254 1042 3318 ria,
1063 3251 1177 3306 veritas
1192 3255 1221 3304 et
1241 3250 1300 3303 rita
1315 3249 1410 3319 (dean.
1427 3250 1498 3318 xiv).
1522 3247 1603 3301 idam
1625 3245 1703 3301 enim
1724 3248 1753 3300 et
1772 3245 1814 3300 ibi

84 3340 230 3409 sapientia
246 3339 282 3393 ad
301 3341 441 3410 superius
458 3356 545 3396 suum
559 3357 659 3399 amore
675 3347 703 3397 ct
718 3343 867 3399 desiderio
882 3344 926 3398 in·
981 3343 1028 3397 via
1045 3341 1107 3411 fuit,
1124 3342 1152 3394 et
1164 3339 1213 3393 hic
1229 3338 1339 3392 veritas
1354 3340 1410 3405 est,
1431 3340 1458 3390 et
1474 3336 1533 3390 illic
1548 3337 1608 3389 vita
1622 3336 1687 3391 erit.

83 3427 187 3483 tendit.
204 3428 308 3483 Mulier
323 3434 418 3484 autem
442 3431 601 3502 benefacit,
625 3432 742 3503 quando
766 3433 922 3504 prudentia
980 3433 1043 3486 Tm.
1059 3429 1159 3485 CLXI.
1181 3429 1226 3483 lle
1241 3427 1352 3498 duplici
1370 3426 1436 3481 cibo
1451 3432 1480 3480 et
1492 3431 1562 3497 pota
1578 3424 1812 3496 scripturarum.

83 3515 285 3572 inferiorisuo
299 3519 457 3574 infirmanti
469 3536 614 3575 curamac
626 3521 856 3577 sollicitudinem
868 3524 925 3577 im·
1016 3521 1049 3574 ln
1072 3519 1233 3573 refectione
1256 3517 1314 3571 duo
1337 3518 1407 3570 sunt
1433 3530 1439 3570 :
1460 3518 1548 3585 potus
1563 3516 1592 3569 ct
1607 3514 1703 3569 cibus.
1722 3515 1814 3570 Pctus

84 3606 197 3677 pendit.
212 3606 334 3662 Vidistis
351 3608 499 3663 bominem
515 3610 851 3667 commodacarnissuae
862 3616 923 3666 stu·
979 3610 1065 3665 facile
1080 3607 1207 3664 sumitur
1221 3606 1299 3661 sicut
1314 3609 1370 3660 est.
1387 3603 1479 3658 Cibus
1488 3603 1565 3660 sumi
1578 3619 1637 3658 noa
1645 3606 1744 3675 potest
1753 3604 1813 3660 nisi

84 3695 172 3750 diosa
184 3696 334 3751 aecallide
345 3699 575 3770 perquirentem,
588 3700 786 3770 etproipsius
799 3701 926 3756 delecta·
978 3715 1045 3755 cum
1060 3698 1162 3753 labore
1177 3696 1305 3768 quodam
1320 3694 1500 3749 masticetur.
1519 3694 1559 3748 Ea
1574 3709 1642 3767 quae
1658 3693 1688 3748 in
1708 3693 1812 3765 Scrip-

86 3784 169 3839 tione
180 3786 354 3857 complenda
364 3787 462 3841 studio
473 3791 561 3859 atque
576 3788 737 3844 intentione
747 3790 868 3845 assidua
879 3791 926 3845 in·
979 3789 1055 3846 turis
1073 3787 1262 3842 inveniuntur
1285 3785 1382 3838 facilia
1404 3783 1441 3838 ad
1464 3783 1697 3855 intelligendum,
1723 3786 1812 3855 potua

85 3865 243 3928 sistentem
256 3890 261 3928 :
272 3874 320 3929 bic
331 3875 437 3930 mulier
447 3881 509 3930 erat
519 3877 721 3933 benefaciens.
731 3878 926 3936 Vidistisrur-
980 3882 1063 3949 sunt,
1079 3892 1146 3949 quae
1162 3875 1293 3930 difficilia
1304 3878 1333 3928 et
1351 3873 1489 3943 obscura,
1508 3872 1603 3927 cibus.
1625 3871 1696 3939 Quae
1713 3871 1812 3926 facilia

85 3964 143 4017 aus
154 3962 301 4018 bominem
312 3967 404 4037 gustu
412 3965 520 4020 interni
536 3967 654 4037 saporis
664 3967 844 4039 roboratum,
859 3985 925 4023 car·
980 3973 1048 4024 sunt
1063 3968 1100 4022 ad
1115 3963 1338 4037 intelligendum
1353 3966 1382 4017 et
1397 3963 1500 4017 suavia
1514 3962 1552 4016 ad
1565 3961 1812 4044 faciendum,·lac

84 4067 155 4108 nem
166 4069 250 4107 suam
261 4053 443 4126 affligentem
459 4060 486 4110 et
509 4071 563 4127 pro
588 4057 695 4111 intuitu
718 4072 858 4128 supernae
877 4074 926 4113 re·
979 4062 1058 4128 sunt,
1076 4057 1106 4111 id
1122 4059 1167 4110 est
1182 4058 1269 4126 petus
1286 4052 1394 4108 dulcis,
1410 4051 1482 4117 Quae
1500 4051 1597 4108 facilia
1621 4055 1691 4107 sunt
1714 4051 1751 4106 ad
1764 4051 1812 4107 in-

84 4143 302 4199 muneratieais
313 4144 479 4199 nensolum
490 4146 651 4217 superflua,
661 4145 715 4200 sed
727 4147 813 4201 etiam
825 4162 927 4202 neces
980 4146 1172 4219 telligendum
1185 4147 1214 4199 et
1228 4144 1331 4217 gravia
1345 4142 1382 4196 ad
1397 4140 1575 4212 faciendum,
1591 4142 1692 4196 vinum
1703 4140 1812 4196 suntid

84 4231 167 4287 saria
182 4232 405 4289 subtrahentem
423 4250 429 4289 ι
448 4234 496 4290 hic
512 4240 576 4290 crat
590 4235 635 4289 vir
649 4235 750 4307 inique
765 4252 870 4310 agens.
892 4237 924 4291 Si
980 4241 1026 4292 est
1048 4239 1136 4306 potus
1158 4238 1307 4288 austerus.
1323 4230 1395 4296 Quae
1409 4230 1541 4286 difficilia
1558 4230 1677 4285 suntad
1702 4229 1810 4285 intelli·

84 4320 166 4376 enim
182 4323 307 4394 aequitas
322 4325 378 4394 est,
395 4325 554 4378 cumcarni
565 4324 796 4396 quodsuumest
806 4326 923 4397 tribuis,
979 4326 1110 4398 gendum
1124 4328 1152 4378 et
1166 4324 1268 4394 gravia
1284 4325 1354 4376 sunt
1378 4322 1415 4375 ad
1440 4321 1616 4390 faciendum,
1643 4323 1713 4374 sunt
1726 4319 1811 4390 panis

84 4426 147 4466 non
162 4409 307 4465 immerito
322 4412 463 4483 iniquitas
478 4418 610 4485 vocatur,
627 4413 922 4486 quandoquoddebi·
979 4414 1102 4470 doloris.
1118 4413 1189 4477 Quae
1201 4412 1333 4465 difficilia
1348 4413 1419 4466 sunt
1434 4411 1471 4464 ad
1480 4408 1705 4480 intelligendum
1714 4411 1743 4462 et
1751 4407 1813 4462 dul-

84 4502 148 4554 tum
169 4502 216 4553 est
238 4499 281 4553 illi
306 4517 365 4556 non
389 4501 546 4572 impendis.
569 4502 627 4558 Sed
643 4508 741 4558 tamen
755 4503 861 4560 melior
876 4508 922 4558 cst
980 4497 1812 4571 ciaadfaciendum,panisexsuitationisQuataorigitur

83 4587 231 4660 iniquitas
245 4590 305 4643 viri
315 4590 809 4665 quambenedrciensmulier:quia
819 4593 923 4648 melior
979 4598 1049 4649 aunt
1064 4608 1131 4664 quae
1146 4592 1299 4646 reficiunt:
1310 4595 1397 4660 potus
1417 4589 1513 4643 dulcis
1533 4592 1562 4642 et
1580 4591 1669 4657 potua
1679 4601 1810 4656 amarus,

84 4679 134 4732 est
148 4676 211 4748 qui,
222 4693 276 4749 per
291 4679 412 4734 coeleste
428 4680 610 4736 desiderium
624 4698 782 4753 accensus,
805 4697 923 4737 caraem
978 4688 1007 4737 et
1021 4683 1107 4737 cibus
1123 4695 1241 4735 amarus
1256 4682 1285 4733 et
1299 4680 1385 4733 cibus
1402 4678 1509 4732 duleis.
1523 4677 1594 4730 item
1604 4678 1731 4746 quatuor
1741 4678 1811 4729 eunt

84 4781 173 4820 suam
188 4770 360 4823 necessaria
375 4769 462 4823 etiam
478 4770 680 4826 subtrahendo
700 4770 815 4844 affligit,
836 4787 924 4843 quam
977 4788 1088 4845 genera
1102 4771 1329 4825 reficiendorum
1343 4767 1427 4837 :Alii,
1444 4767 1494 4838 qui
1510 4765 1575 4820 solo
1586 4764 1662 4819 lacte
1672 4765 1810 4820 nutriun-

84 4854 148 4926 qui,
175 4870 229 4924 per
250 4858 398 4911 carnalem
422 4856 560 4914 affectum
583 4859 745 4931 resolutus,
766 4860 923 4917 desideriis
976 4866 1039 4931 tur,
1055 4862 1115 4931 alii,
1130 4860 1240 4932 quibus
1255 4859 1340 4914 cibus
1356 4857 1503 4927 frangitur
1513 4859 1542 4909 at
1550 4855 1809 4926 masticatur3alii,

84 4944 184 5016 ipsius
194 4961 248 5017 per
259 4947 356 5001 emnia
370 4962 436 5019 quae
448 4949 601 5004 commoda
612 4953 682 5003 sunt
692 4949 734 5003 illi
748 4949 922 5005 satisfacere
976 4952 1087 5024 quibus
1102 4966 1158 5005 nec
1175 4948 1345 5003 masticatur
1359 4960 1414 5000 nec
1429 4945 1586 5017 frangitur.
1611 4944 1667 5010 Qui
1684 4945 1715 4999 in
1729 4961 1809 5016 prae-

85 5035 247 5115 contendit.
265 5036 371 5091 Mulier
385 5037 541 5108 malefacit,
553 5039 681 5109 quande,
694 5038 922 5109 perimpruden·
976 5042 1071 5112 ceptis
1087 5040 1139 5094 Dei
1155 5055 1189 5094 ea
1211 5040 1322 5092 tantum
1344 5051 1410 5108 quoe
1432 5035 1530 5089 facilia
1552 5038 1623 5089 sunt
1645 5035 1682 5089 ad
1698 5035 1810 5091 intelli-

84 5123 157 5181 tiam
172 5125 220 5179 vel
230 5126 440 5198 perpigritiam
451 5127 551 5200 ligata,
564 5143 776 5185 carnemsuam
785 5129 920 5202 negligit,
975 5131 1106 5203 gendum
1120 5129 1246 5184 libenter
1259 5126 1391 5197 audiunt,
1408 5127 1437 5182 et
1451 5141 1518 5196 quae
1533 5125 1611 5181 levia
1626 5125 1747 5182 suntad
1767 5124 1810 5180 fa·

84 5214 134 5268 vel
149 5229 203 5285 per
218 5214 563 5273 sollicitudinemranam
573 5218 714 5273 distracta
724 5218 761 5273 ad
772 5219 922 5288 superflua
975 5221 1113 5276 ciendum
1123 5218 1295 5274 obedienter
1302 5219 1406 5289 agunt,
1418 5216 1533 5288 iiquasi
1545 5216 1620 5273 lacte
1629 5215 1808 5271 nutriuntur.

84 5304 249 5376 querenda
259 5302 919 5379 seetiandit.Quandoergobenefaeitmulier,
975 5310 1033 5367 Alii
1049 5317 1146 5365 autem
1160 5308 1199 5362 ad
1212 5307 1341 5387 solidum
1357 5306 1456 5360 cibum
1472 5305 1588 5360 babilas
1603 5307 1683 5374 suat,
1700 5304 1768 5376 quia
1778 5303 1809 5358 in

84 5392 183 5450 virtus
197 5408 259 5449 non
273 5396 336 5465 est;
346 5394 401 5451 sed
410 5394 528 5467 quando
539 5395 696 5467 malefacit,
708 5397 803 5467 culpa.
816 5394 922 5469 Iniqui·
973 5401 1133 5473 preceptis
1147 5399 1201 5453 Dei
1214 5401 1243 5453 et
1257 5396 1344 5452 fortia
1359 5411 1448 5469 agere
1464 5398 1493 5451 et
1504 5397 1632 5451 obscura
1642 5393 1808 5465 intelligere

86 5487 134 5539 tas
148 5486 246 5541 autem
260 5483 317 5540 riri
332 5484 514 5547 desiderium
527 5489 574 5542 est
585 5484 726 5557 justitiae,
738 5485 855 5543 bonitas
870 5502 921 5543 au·
974 5493 1112 5565 pessunt,
1128 5489 1156 5546 si
1168 5491 1268 5546 tamen
1282 5488 1411 5546 obscura
1424 5501 1479 5560 per
1489 5485 1707 5558 expositionem
1715 5481 1808 5539 fracta

86 5575 148 5631 tem
161 5574 312 5649 perceptio
327 5575 442 5651 gloriae.
458 5575 491 5634 Si
504 5591 577 5652 ergo
602 5577 648 5634 vir
670 5577 792 5653 iniquus
816 5581 863 5637 est
883 5579 922 5636 ad
975 5589 1156 5668 aperiantur,
1173 5593 1202 5648 et
1216 5591 1289 5650 dara
1304 5600 1358 5659 per
1371 5583 1608 5644 exhortationem
1624 5580 1653 5635 et
1669 5574 1809 5634 consola·

82 5667 244 5757 Μῶφι
259 5677 366 5740 mum?
379 5685 478 5741 ΜΘΗ]
494 5678 573 5739 ΜΝ
587 5681 625 5738 &d
646 5683 791 5752 ”fimi
814 5678 922 5739 ¹¹²⁶li⁰f
975 5698 1086 5762 boneta
1100 5697 1255 5757 masticata
1262 5689 1837 5766 ematttmtursmaapmssmmms
