3796 6022
133 302 214 372 1019
591 299 813 366 APPENDIX
826 299 885 362 Al)
900 296 1092 365 HUGONIS
1107 298 1252 364 OPERA
1266 300 1456 366 ltlYSTlCA
1791 303 1870 371 1020

135 507 208 565 libet
216 507 367 578 toleretur,
380 521 454 562 neve
465 503 704 577 imperfectorum
713 501 901 558 imbecillitas
918 501 969 557 illo
984 482 1015 544 Α
1031 503 1866 577 tasantepcrcos(l{atth.vut.Doliumquoqueadolando

137 598 225 654 modo
240 599 453 669 praegravetur.
1030 596 1109 647 recte
1125 594 1386 648 vocatonholium
1403 611 1475 667 ergo
1491 596 1632 666 quaelibet
1652 594 1752 650 fidelis
1767 595 1865 649 anima

176 687 286 742 Suntet
299 686 348 741 alii
358 685 543 757 pergratiam
554 685 605 740 Dei
617 685 800 757 irreligione
813 685 971 739 velutron-
1033 697 1163 752 congrue
1178 682 1354 753 nominatur,
1365 700 1431 755 quae
1440 685 1632 739 tentationum
1641 688 1669 738 et
1680 685 1868 754 persecutio-

142 776 342 831 einiautasini
353 774 493 830 oneriferi
507 778 536 828 et
546 774 698 844 laboriosi,
711 775 761 846 qui
776 775 812 829 ab
828 774 894 828 aliis
911 773 972 828 cla·
1032 787 1102 825 num
1113 771 1311 826 dolationibus
1326 773 1362 826 od
1378 773 1588 828 continendum
1603 775 1707 845 gratiae
1732 773 1866 829 coelestis

143 865 213 920 mati
226 863 274 919 vel
284 864 371 918 etiam
381 862 973 934 voluntarieprostratidosuisnegligen-
1033 843 1308 932 liquoremparfflur
1324 865 1352 916 et
1366 865 1490 932 aptatur.
1508 863 1566 917 Sed
1582 866 1610 918 ct
1624 879 1749 918 asseres
1765 865 1814 917 aut
1829 867 1868 916 ta-

143 953 194 1008 tiis
204 955 309 1024 sponte
320 954 435 1007 veniam
446 953 605 1022 postulant,
618 957 646 1008 et
657 952 849 1007 humiliterae
860 952 975 1022 patien-
1033 949 1111 1003 bulaa
1127 949 1195 1019 illae,
1208 951 1239 1004 in
1254 951 1363 1021 quibus
1380 952 1490 1006 dolium
1506 953 1696 1021 construitur,
1713 952 1792 1007 bene
1808 953 1869 1005 vir-

145 1045 191 1098 ter
200 1058 252 1098 eas
267 1042 432 1097 emendant.
450 1042 523 1097 Sunt
537 1045 565 1097 et
581 1042 630 1095 alii
644 1042 674 1095 in
689 1042 776 1095 domo
791 1042 843 1095 Dei
860 1042 975 1096 coelesti
1034 1041 1111 1093 tutes
1127 1040 1215 1094 nobis
1231 1040 1314 1094 datas
1329 1056 1383 1110 per
1397 1045 1530 1095 naturam
1550 1042 1696 1113 figurant3
1722 1045 1752 1095 et
1768 1041 1868 1095 circuli

146 1131 240 1203 gratia
255 1131 346 1201 ditati,
363 1131 414 1202 qui
429 1131 515 1185 etiam
530 1130 642 1202 injuste
658 1129 772 1184 clamati
794 1130 927 1185 laetanter
942 1146 975 1184 se
1035 1128 1227 1198 superadditi,
1241 1130 1349 1200 quibus
1360 1130 1467 1185 tabulae
1477 1131 1734 1202 constringuntur,
1744 1130 1868 1184 virtutes

145 1219 508 1291 prosternunt,etinjurias
517 1219 662 1290 taeitepro
669 1218 787 1273 Christo
796 1219 974 1290 suscipiunt.
1035 1216 1123 1270 nobis
1139 1218 1222 1271 datas
1234 1233 1287 1288 per
1302 1219 1426 1290 gratiam
1441 1223 1507 1289 apte
1522 1220 1704 1291 significant.
1720 1219 1867 1285 Quemad-

145 1309 217 1363 Tam
227 1312 323 1364 autem
334 1309 436 1378 culpas
450 1311 555 1378 sponte
571 1308 807 1376 emendantibus,
824 1323 912 1379 quam
928 1308 975 1360 in·
1035 1306 1153 1360 modum
1165 1307 1242 1360 enim
1258 1308 1316 1362 illie
1326 1308 1444 1374 tabulae,
1455 1310 1513 1364 nisi
1524 1309 1644 1363 circulis
1656 1310 1866 1381 constringun-

141 1395 239 1469 jurias
254 1397 399 1466 patienter
417 1397 651 1467 suscipientibus
667 1412 726 1451 vox
745 1397 794 1451 illa
810 1397 977 1451 Psalmistae
1035 1397 1092 1462 tur,
1109 1396 1212 1449 vinum
1227 1413 1287 1451 nen
1310 1399 1470 1467 continent,
1491 1398 1536 1452 sic
1561 1398 1686 1453 virtutes
1706 1400 1865 1468 naturales,

148 1485 294 1553 convenit,
311 1485 361 1538 ubi
381 1485 465 1539 dicit:
483 1485 549 1556 qu
565 1492 660 1540 autem
675 1485 707 1538 in
721 1484 839 1556 ilaqella
851 1491 978 1556 paratus
1036 1484 1095 1537 nisi
1110 1485 1269 1540 virtutibus
1281 1501 1348 1557 quae
1359 1502 1413 1556 per
1425 1487 1551 1558 gratiam
1561 1487 1649 1541 nobis
1661 1488 1865 1557 superaddun-

148 1572 242 1648 (Psai.
267 1573 392 1644 xxxvii),
417 1577 445 1628 ct
469 1572 553 1628 alibi:
575 1574 613 1628 Ut
622 1576 787 1647 jumentum
802 1574 900 1629 iactus
914 1590 977 1628 sum
1035 1576 1083 1627 tur
1093 1573 1280 1644 adjuvantur,
1294 1575 1427 1630 caelestia
1437 1576 1512 1630 dona
1523 1578 1674 1631 continere
1689 1592 1752 1630 non
1763 1577 1863 1631 valent.

147 1661 223 1733 apud
240 1667 278 1732 te,
289 1668 318 1716 et
330 1669 620 1733 eqesempcrtccum.
633 1664 767 1718 Tenuisti
776 1680 891 1719 manum
902 1664 977 1718 dex-
1036 1661 1100 1717 Duo
1116 1662 1202 1716 ctiam
1211 1662 1294 1717 tundi
1303 1665 1432 1718 anterior
1443 1668 1472 1720 ct
1481 1666 1629 1735 posterior
1644 1667 1864 1722 sensualitatem

149 1754 243 1804 teram
251 1757 392 1821 meamet
403 1751 434 1805 in
445 1751 592 1807 voluntate
604 1757 652 1806 tua
661 1753 815 1807 deduxisti
825 1770 870 1808 me
881 1753 975 1822 (Psal.
1036 1754 1064 1805 et
1078 1752 1303 1806 rationalitatem
1324 1753 1491 1825 designant.
1512 1755 1650 1809 Anterior
1675 1756 1796 1826 quippe,
1820 1756 1863 1825 qui

146 1839 248 1909 nxxn).
260 1838 321 1894 Seli
331 1842 428 1896 tamen
439 1841 613 1912 apudDeum
623 1841 747 1914 gloriam
763 1843 977 1913 acquiruntqui
1036 1855 1144 1894 versus
1159 1840 1257 1895 lumen
1273 1846 1319 1896 cst
1329 1845 1357 1896 et
1368 1846 1455 1912 patet,
1465 1844 1706 1913 sensualitatem,
1722 1846 1864 1914 posterior

145 1926 626 2001 injustessagellatiinjuriastacite
639 1931 814 2002 suscipiunt.
828 1931 976 1986 UndePe-
1035 1944 1118 1997 vcro,
1134 1929 1185 1999 qui
1200 1945 1308 1984 versus
1324 1932 1465 2000 parietem
1481 1948 1550 1988 csse
1567 1933 1643 1987 solct
1655 1936 1684 1987 ct
1699 1934 1781 2002 latet,
1797 1933 1861 1987 abs-

144 2017 210 2071 trus
221 2030 227 2071 :
240 2016 311 2072 Haec
327 2024 382 2088 est,
398 2018 502 2090 inquit,
519 2021 628 2091 qratia,
646 2021 674 2075 si
680 2025 806 2092 proptor
822 2021 977 2076 conscien-
1036 2018 1181 2072 conditam
1196 2022 1224 2072 ct
1238 2019 1374 2074 latentem
1389 2022 1539 2093 significat
1549 2023 1787 2077 rationalitatem.
1797 2023 1862 2076 Por-

147 2105 217 2159 tiam
227 2095 283 2160 Dei
291 2108 492 2181 sustinetquis
500 2110 653 2180 tristitiae,
657 2107 978 2182 patiensinjuste.Qum
1004 2094 1009 2104 ’
1036 2122 1069 2160 ro
1085 2108 1223 2176 superior
1242 2113 1388 2179 apiertura,
1404 2126 1457 2180 per
1473 2126 1561 2180 quam
1575 2111 1677 2164 vinum
1693 2111 1862 2178 infunditur,

143 2192 221 2249 enim
232 2196 330 2265 qratia
340 2202 395 2266 est,
408 2197 436 2252 si
443 2203 611 2269 peccantes,
630 2204 660 2254 et
678 2199 855 2271 colaphizati
865 2197 976 2253 suticr-
1037 2198 1741 2271 convenienterintelligiturmentisintelligentia
1751 2217 1758 2270 ;
1770 2201 1864 2254 vinum

143 2283 206 2339 tis?
220 2284 308 2339 sedsi
320 2284 546 2342 benefacientes
556 2289 710 2359 patienter
725 2288 892 2357 sustinctis,
910 2287 973 2342 harc
1036 2285 1115 2357 quod
1130 2287 1309 2357 extrahitur,
1326 2288 1429 2360 gratia.
1447 2289 1579 2361 Denique
1594 2289 1763 2359 duciculus,
1780 2290 1809 2344 id
1824 2293 1866 2343 cst

145 2376 192 2427 est
206 2373 304 2444 qratia
316 2375 391 2446 apud
401 2375 502 2443 Deum,
513 2376 547 2431 In
558 2378 698 2434 hocenim
708 2377 803 2432 vocati
812 2378 896 2445 estis,
909 2376 975 2448 quia
1036 2375 1180 2446 foramen,
1195 2392 1249 2446 per
1272 2378 1350 2448 quod
1366 2378 1467 2431 vinum
1482 2378 1617 2432 educitur
1631 2382 1663 2432 ut
1679 2379 1865 2449 dispensetur

145 2465 175 2515 et
187 2460 328 2517 Christus
339 2480 448 2535 passus
460 2470 507 2520 est
520 2483 576 2537 pro
591 2467 687 2536 nobis,
704 2465 788 2521 vobis
802 2466 976 2537 relinquens
1034 2467 1063 2519 et
1077 2466 1259 2535 propinetur,
1277 2468 1323 2520 est
1338 2465 1505 2536 eloquentia
1520 2469 1567 2522 vel
1578 2468 1709 2537 operatio
1725 2468 1813 2523 bona.
1824 2468 1866 2521 Si·

145 2549 317 2621 exemplum,
329 2554 529 2626 utseqnamini
541 2555 666 2626 vestiqia
674 2556 747 2626 ejus
758 2554 814 2620 Qui
816 2559 974 2625 peceatum
1034 2559 1083 2607 cut
1096 2558 1193 2608 autem
1208 2558 1278 2609 sunt
1292 2556 1428 2626 quaedam
1440 2555 1517 2610 dolia
1528 2557 1706 2612 continentia
1715 2557 1784 2611 vina
1796 2558 1864 2610 dura

144 2637 290 2710 confecit,
300 2641 552 2698 necinvcntnscst
564 2642 648 2698 dolus
658 2643 689 2696 ia
698 2643 830 2714 orcejus.
844 2642 973 2707 Quicum
1033 2646 1062 2698 et
1075 2646 1204 2714 austera,
1216 2645 1352 2715 quaedam
1361 2661 1432 2699 vero
1444 2644 1540 2699 dulcia
1552 2648 1580 2699 et
1595 2646 1707 2711 suavia,
1723 2647 1769 2700 sic
1781 2662 1862 2717 qure-

141 2725 382 2795 maledieeretur,
407 2747 464 2785 non
483 2730 694 2796 maledicebat,
719 2747 782 2785 cum
804 2736 972 2802 pateretur,
1032 2731 1099 2786 dam
1113 2732 1217 2787 fideles
1234 2736 1262 2787 ct
1276 2737 1388 2788 sanctae
1402 2735 1507 2788 animae
1519 2737 1588 2789 sunt
1603 2734 1737 2790 inverbo
1753 2735 1863 2790 attacta

139 2832 196 2873 aen
216 2818 457 2873 comminabatur.
479 2819 626 2875 T1·adcbat
643 2826 738 2875 autem
763 2836 797 2875 sc
819 2820 974 2892 judicanti
1032 2823 1201 2878 severiores
1216 2827 1245 2879 et
1260 2824 1413 2894 tortioreS,
1440 2824 1575 2894 quaeilam
1597 2840 1668 2880 vcro
1688 2825 1823 2880 mitiores
1838 2828 1863 2879 ct

140 2905 724 2980 injustethctai).Primiergo,quandiu
735 2909 896 2980 incorrepti
911 2925 974 2980 per·
1031 2912 1232 2967 remissiores

140 2994 259 3061 sistunt,
272 2996 435 3065 pendentia
446 3012 534 3051 cruce
542 2997 919 3081 latronisblasphemantis3
928 3015 974 3054 se-

140 3083 238 3151 eundi,
256 3083 326 3138 dum
341 3085 539 3156 corriguntur,
556 3087 587 3141 in
603 3103 691 3143 cruce
716 3088 839 3142 latronis
856 3088 972 3143 veniam
991 3103 1018 3167 0
1032 3142 1065 3181 ee

137 3171 316 3242 postulantis
330 3189 336 3242 ;
348 3174 435 3244 tertii,
447 3176 498 3246 qui
511 3178 632 3246 propter
643 3177 735 3232 Deum
747 3180 860 3232 tantum
875 3179 970 3233 susti-

138 3264 219 3330 nent,
235 3262 264 3316 in
280 3277 368 3317 cruce
384 3261 494 3319 Christi
504 3265 837 3336 innocenterpatientis.
850 3267 967 3337 Primis,

138 3349 966 3427 sinolintcorrigi,proptercuperhiamimputaturculpa:

138 3437 970 3516 secundispropter-humilitatemdaturindulgentia;ter

137 3525 187 3580 tiis
197 3528 318 3596 propter
327 3527 525 3584 innocentiam
537 3533 772 3605 augctnrgratia.
782 3532 909 3605 Igiturin
921 3550 969 3588 ca·

137 3613 241 3685 pitulo,
251 3615 432 3688 charissimi,
445 3623 621 3676 conventum
637 3621 791 3692 iaciamus,
810 3625 842 3676 ut
865 3623 967 3692 culpas

137 3705 267 3776 nostras,
285 3707 470 3779 corrigamus
481 3710 539 3765 imo
548 3709 687 3781 iniuriam
698 3711 969 3782 accipiamusvite·

137 3807 205 3848 mus
222 3797 436 3869 conventicula,
449 3797 592 3855 iaciamus
609 3804 795 3856 conventum.
813 3801 968 3856 Faciamus

137 3886 314 3939 conventum
323 3888 354 3940 ut
363 3886 655 3944 simusunanimesin
664 3890 731 3960 ilde,
741 3890 892 3958 charitate,
902 3907 969 3962 ope·

138 3971 261 4040 ratione,
271 3976 352 4028 recte
359 3975 517 4047 credendo,
528 3979 646 4032 sincere
653 3978 813 4051 diligendo,
821 3982 922 4034 sancte
929 3981 969 4034 vi-

136 4058 244 4112 vendo.
252 4059 405 4116 Faciamus
418 4066 594 4119 conventum
602 4065 632 4120 in
641 4065 809 4137 refectorio,
819 4068 908 4122 simul
920 4084 968 4122 co-

137 4144 293 4216 medendo,
309 4147 339 4202 in
357 4149 459 4204 laboro
473 4167 540 4223 quae
556 4152 592 4207 ad
608 4155 705 4224 ipsum
719 4155 865 4225 pertinent
879 4156 968 4211 simul

136 4235 863 4311 exercend0,inclaustrosimulsedendo,inchoro
879 4245 967 4300 simul

137 4323 280 4395 canendo,
288 4323 318 4379 in
329 4325 595 4385 dormitoriosimul
604 4331 795 4403 quiescendo,
804 4333 834 4386 in
841 4333 967 4403 capitulo

1067 3037 1143 3093 Sanc
1159 3043 1285 3111 quatuor
1301 3041 1380 3110 sunt,
1399 3056 1466 3112 qnae
1484 3039 1653 3110 specialiter
1667 3040 1698 3093 in
1715 3040 1785 3095 vino
1800 3040 1860 3094 dis-

1067 3126 1113 3181 rni
1136 3131 1277 3198 possunt,
1294 3129 1431 3183 videlicet
1446 3145 1549 3200 sapor,
1571 3129 1658 3200 odor,
1675 3129 1860 3200 pulchritudo

1030 3216 1095 3270 sive
1111 3217 1201 3288 color,
1219 3221 1247 3272 et
1270 3218 1365 3290 vigor.
1382 3219 1528 3289 Spiritalis
1549 3218 1647 3289 itaque
1661 3219 1736 3287 vini,
1753 3220 1789 3273 de
1804 3234 1857 3290 qne

1028 3304 1186 3377 loquimur,
1204 3323 1294 3376 sapor
1309 3308 1471 3378 percipitur
1487 3311 1514 3362 ct
1529 3308 1726 3380 cognoscitur
1745 3310 1775 3363 in
1792 3308 1858 3363 dcc-

1027 3395 1861 3467 trina,odorinlama,pulchritudoindecoraboniexem·

1026 3484 1077 3554 pli,
1089 3485 1174 3558 vigor
1184 3486 1213 3539 in
1224 3487 1324 3559 rigore
1336 3488 1408 3541 recti
1418 3486 1533 3558 judicii.
1556 3487 1601 3541 hd
1617 3502 1759 3557 saporem
1775 3487 1857 3558 perti·

1027 3576 1076 3628 net
1087 3575 1164 3644 quod
1177 3575 1423 3631 psalmistadicit:
1437 3577 1526 3642 Quam
1535 3577 1631 3632 dulcia
1643 3576 1857 3632 faucibusmeis

1027 3662 1139 3735 eloquia
1153 3665 1416 3736 tuasupcrmelori
1424 3664 1603 3735 arco.'(Psal.
1614 3667 1728 3737 cxviii).
1739 3665 1854 3720 Adedo-

1026 3767 1099 3822 rem,
1111 3753 1190 3825 quod
1208 3753 1315 3808 Paulus
1327 3756 1380 3809 ait:
1400 3755 1517 3811 Christi
1525 3757 1619 3810 bonus
1629 3756 1703 3811 odor
1713 3771 1813 3810 sumus
1826 3755 1854 3807 ia

1027 3841 1853 3916 omniloco(lICor.n).bdpulchritudinemspectatquod

1026 3931 1104 3986 idem
1115 3931 1183 3986 alibi
1200 3932 1284 3987 dicit:
1297 3933 1366 3988 Nor
1374 3934 1542 4004 precessit,
1555 3934 1622 3989 dies
1637 3942 1735 3991 etitem
1751 3949 1850 4006 appro-

1021 4021 1195 4093 pinquavit,·
1211 4022 1287 4077 sicut
1303 4025 1334 4077 in
1356 4023 1405 4078 die
1423 4025 1548 4079 honeste
1567 4024 1849 4095 ambulemusfflcm.

1025 4109 1099 4180 xur).
1116 4110 1162 4164 Ad
1176 4111 1327 4183 vigorem,
1352 4111 1430 4182 quod
1454 4112 1609 4167 Psalmista
1634 4114 1714 4168 canit
1738 4115 1848 4168 dicens:

1025 4197 1098 4252 Feci
1110 4198 1256 4270 judicium
1272 4200 1471 4272 ctjustitiam,
1489 4217 1546 4256 non
1563 4201 1667 4257 tradas
1680 4218 1728 4258 mc
1747 4201 1850 4257 calum·

1026 4287 1180 4342 hiantibus
1193 4305 1239 4343 me
1250 4288 1345 4356 (Psal.
1357 4291 1468 4361 cxvur).
1482 4291 1589 4345 Vinum
1605 4294 1703 4346 autem
1719 4306 1850 4347 nonnun-

134 4414 254 4468 nosms
264 4414 365 4485 cmpas
383 4417 570 4491 corrigendo,
582 4419 738 4475 Faciamus
750 4425 927 4476 conventum
937 4422 965 4476 ,n
980 4413 1010 4476 D
1025 4391 1113 4446 quam
1128 4380 1237 4449 quanto
1252 4380 1298 4432 est
1313 4377 1433 4448 lortius,
1459 4382 1538 4434 tanto
1552 4380 1681 4434 accessit
1697 4380 1814 4434 facilius
1828 4381 1852 4432 et

133 4502 966 4582 tempore,utsupernobeatorumconventuijuugimera·

128 4591 254 4647 amurin
264 4594 436 4651 aeternitate.
452 4595 536 4662 Quod
551 4597 639 4653 nobis
653 4602 796 4669 praestare
812 4598 963 4671 dignetur,

134 4681 191 4735 ete.

429 4757 557 4815 SERMO
577 4759 667 4814 XLV.

132 4821 964 4903 DecellavinariaperallcqeriamacceptaproEcclesie.

170 4913 390 4972 Introduxitme
398 4918 603 4974 rcxineellam
614 4920 768 4989 vinariam,
777 4919 966 4975 ordinavitin

131 5004 363 5061 mecharitatem
378 5005 476 5076 (Cant.
494 5008 535 5078 u).
548 5007 628 5064 Cella
643 5009 766 5079 vinaria,
781 5007 964 5077 charissimi,

132 5093 220 5150 nobis
230 5097 331 5149 sancta
338 5095 472 5151 Ecclesia
484 5097 893 5170 est,singulaefidelesanimee
905 5097 966 5150 sin·

129 5182 200 5256 gula
208 5182 295 5238 dolia.
308 5182 387 5239 Cella
398 5200 414 5238 a
426 5185 549 5241 celando
560 5186 618 5240 dici
630 5186 758 5241 videtur.
770 5186 802 5239 ln
812 5201 845 5240 ea
856 5186 965 5256 quippe

130 5272 592 5344 celanturquaelibetnecessaria
609 5275 673 5331 sive
683 5274 766 5330 utilia
777 5274 813 5328 ab
826 5274 920 5329 oculis
937 5277 965 5329 et

129 5363 251 5416 atraetu
266 5360 430 5417 alienorum
447 5363 510 5417 sive
522 5361 630 5417 iurum.
643 5362 750 5418 Sancta
760 5363 964 5435 igiturEcclc-

130 5449 175 5505 sia
194 5451 273 5504 recte
289 5450 363 5505 cella
377 5453 510 5518 vocatur,
527 5450 595 5521 quia
616 5450 646 5504 in
663 5451 728 5520 ipsa
748 5455 777 5506 et
790 5467 844 5522 per
868 5452 964 5522 ipsam

130 5536 261 5592 divinum
282 5554 421 5593 arcanum
437 5540 465 5592 et
481 5537 601 5592 coeleste
621 5543 838 5597 sacramentum
853 5541 889 5596 ab
906 5541 964 5595 im-

131 5625 240 5680 munda
250 5626 435 5683 multitudine
446 5623 565 5698 celatur,
576 5626 654 5682 sicut
669 5629 815 5700 scriptum
826 5632 886 5684 est:
904 5629 966 5686 No·

125 5711 968 5791 lr'lesanctamdarccanibus,etnclitesparqeremeqari·

1025 4468 1141 4522 melius.
1152 4466 1200 4521 Sic
1210 4470 1238 4521 ct
1247 4467 1304 4521 viri
1315 4468 1408 4522 sancti
1419 4471 1527 4540 quanto
1536 4469 1644 4523 suntin
1654 4469 1785 4524 bonitate
1795 4468 1852 4523 ior·

1025 4556 1127 4626 tiores,
1137 4558 1215 4611 tanto
1227 4556 1299 4611 flunt
1314 4561 1414 4611 contra
1426 4557 1631 4629 delinquentes
1642 4559 1850 4614 mordaciores.

1024 4648 1139 4702 Bonum
1154 4648 1252 4719 itaque
1268 4651 1314 4702 est
1338 4647 1448 4717 vinum,
1466 4647 1519 4701 sed
1540 4647 1639 4701 carius
1665 4650 1710 4703 est
1730 4651 1850 4714 acetum,

1024 4736 1093 4808 quia
1107 4736 1185 4792 bona
1200 4740 1246 4792 est
1260 4736 1367 4791 lenitas
1381 4736 1628 4805 mansuetudinis,
1638 4736 1692 4792 sed
1708 4735 1853 4791 salubrior

1024 4831 1069 4881 est
1083 4825 1240 4897 ahquoties
1255 4826 1343 4897 vigor
1364 4825 1542 4881 severitatis,
1565 4824 1641 4879 Hinc
1663 4840 1718 4895 per
1737 4827 1852 4896 sapien-

1022 4916 1092 4971 tiam
1103 4916 1222 4970 dicitur:
1236 4914 1291 4979 Qui
1297 4920 1424 4985 erqrinnt
1434 4913 1747 4982 laudabuntnrtPrcv.
1760 4913 1850 4984 xxiv).

1023 5005 1060 5060 Et
1073 5005 1162 5059 alibi:
1186 5002 1282 5058 Verba
1297 5002 1475 5074 sapientium
1486 5003 1563 5057 sicut
1587 5003 1702 5058 stimuli
1717 5008 1748 5059 et
1769 5003 1849 5076 quasi

1023 5094 1102 5149 clavi
1116 5094 1147 5146 in
1162 5093 1251 5147 altum
1268 5090 1360 5147 defixi
1380 5091 1474 5163 (Eccl.
1497 5092 1561 5161 xri).
1584 5091 1659 5146 llinc
1675 5096 1722 5146 ost
1738 5107 1851 5166 quoque

1022 5183 1101 5254 quod
1117 5182 1258 5253 propheta
1273 5183 1429 5252 postquam
1447 5195 1514 5235 eum
1537 5180 1659 5250 spiritus
1684 5180 1738 5235 Dei
1763 5182 1793 5235 in
1815 5181 1851 5234 al·

1021 5274 1083 5326 tum
1096 5271 1214 5340 levavit,
1232 5273 1346 5324 amatus
1366 5270 1434 5340 (sic)
1450 5270 1638 5341 indagatione
1661 5270 1786 5340 spiritus
1808 5269 1852 5324 sui

1021 5360 1102 5432 abiit,
1114 5361 1182 5432 quia
1194 5359 1310 5431 quando
1322 5359 1449 5430 quisque
1463 5374 1516 5428 per
1536 5358 1672 5428 spiritum
1688 5358 1744 5414 Dei
1762 5358 1852 5413 subli-

1021 5451 1099 5504 mius
1111 5449 1260 5518 attollitur,
1283 5451 1363 5502 tanto
1381 5448 1508 5518 amplius
1526 5451 1628 5501 contra
1649 5447 1851 5519 delinquentes

1022 5538 1201 5610 indignatur.
1220 5537 1296 5590 Hinc
1311 5539 1357 5592 est
1372 5536 1499 5607 denique
1515 5536 1594 5607 quod
1619 5537 1649 5590 in
1664 5536 1851 5592 tabernaculo

1024 5627 1141 5682 Domini
1172 5625 1267 5681 luisse
1301 5626 1510 5681 describuntur
1543 5625 1715 5680 accctabula
1748 5623 1851 5697 (Exod.

1025 5716 1139 5788 xxxiv),
1149 5715 1346 5788 quiapropter
1356 5714 1745 5788 delinquentes,increpatio
1761 5713 1852 5771 modis
