3796 6022
495 253 551 319 DE
566 255 745 320 albicus
765 257 1105 321 ECCLESIASTICIS
1601 269 1665 334 ,398

79 453 129 524 qui
145 469 205 507 aea
218 459 280 508 erat
296 470 349 525 per
374 455 579 527 cognationem
596 460 769 512 nasceretur
785 437 815 499 Α
830 457 960 527 priorem
975 457 1071 513 redire
1080 462 1214 530 cogetur,
1235 461 1311 514 sicat
1322 461 1372 531 qui
1384 461 1664 535 frigiditatemaatu·

66 541 184 596 ritatem.
201 542 286 597 Unde
295 543 345 613 qui
354 559 391 597 ex
407 544 520 598 eisdem
531 543 769 615 majoribuspro-
830 545 920 600 ralem
937 547 966 600 in
982 562 1072 601 causa
1086 548 1205 602 divortii
1220 548 1367 620 allegavit.
1386 549 1436 605 llle
1451 553 1529 606 euim
1545 553 1571 607 si
1586 553 1664 610 facto

66 632 769 704 atpostsoptimumgradum,possuntconiugio
828 633 1001 689 divortioad
1024 635 1080 689 alia
1103 638 1170 689 vota
1200 637 1360 706 nausiavit,
1382 638 1521 694 reddetur
1549 642 1663 712 copulae

69 719 161 790 ,qaia
176 735 213 772 ex
228 723 298 774 tuac
314 720 412 775 deficit
427 737 510 775 amor
526 721 724 791 cognationis,
742 725 770 775 et
827 723 928 791 priori.
955 720 1073 787 Quare?
1098 723 1166 793 quia
1191 739 1244 793 per
1268 741 1343 794 opus
1368 741 1500 797 sequens
1514 727 1665 799 judicatur

66 821 241 863 ersoaorum
253 813 391 864 cesseate
401 814 429 863 et
438 809 664 880 propinquitatis
680 809 767 863 fama.
826 826 893 865 eum
908 811 939 864 ia
953 826 1043 865 causa
1058 810 1176 864 divortii
1197 813 1348 866 mentitum
1365 813 1470 882 fuisse,
1489 815 1613 872 dicendo
1629 835 1663 874 se

65 914 69 946 ι
83 898 181 951 maren
197 912 251 951 sex
265 900 376 951 tantum
391 898 503 969 gradus
518 899 609 968 ponit,
620 897 688 968 quia
698 914 770 969 gra·
826 899 999 952 naturaliter
1014 898 1156 969 frigidum
1167 915 1256 968 esse;
1277 905 1306 954 et
1329 901 1504 974 Ecclesiam,
1521 909 1663 975 quantum

65 1000 154 1053 mum,
185 985 300 1040 scilicet
324 986 399 1040 duos
429 987 546 1055 fratreS,
568 1002 627 1042 aoa
643 987 768 1058 gradum
826 987 1009 1042 adveritatis
1037 986 1246 1058 cognitionem,
1278 987 1372 1043 fuisse
1402 990 1563 1062 deceptam.
1594 993 1662 1050 Noa

65 1088 134 1140 ,sec
149 1079 295 1130 truncum.
825 1076 903 1130 enim
919 1077 948 1130 ia
963 1091 999 1130 eo
1028 1079 1091 1130 erat
1119 1076 1344 1146 impossibilitas
1369 1077 1502 1133 reddenti
1531 1080 1661 1138 debitum

85 1160 156 1217 Car.
172 1162 284 1216 XXIX.
302 1162 449 1218 [lebonis
465 1163 605 1235 conjugii.
825 1179 862 1218 ex
878 1163 1038 1236 frigiditate
1064 1164 1255 1234 proveniens.
1273 1164 1311 1218 Ut
1336 1166 1414 1219 enim
1429 1167 1509 1221 aiunt
1532 1169 1659 1240 physici,

65 1253 121 1305 unt
135 1251 211 1303 bana
237 1250 393 1323 conjugii:
412 1250 510 1322 Fides,
536 1255 764 1319 sacramentum,
824 1250 906 1305 calor
924 1252 1066 1306 naturalis
1082 1252 1175 1305 semel
1190 1253 1322 1306 amissus
1351 1269 1501 1326 nunquam
1525 1258 1610 1312 redit.
1628 1261 1660 1314 ln

65 1337 92 1392 ln
106 1337 163 1392 ilde
178 1338 225 1391 hic
240 1339 416 1409 intelligitur
433 1339 508 1395 tides
532 1340 587 1393 tori
603 1355 609 1408 ;
627 1340 656 1393 iu
671 1339 764 1410 prole,
824 1355 859 1394 eo
874 1343 971 1395 autem
987 1340 1112 1394 divortio
1128 1340 1207 1412 quod
1236 1344 1356 1411 propter
1378 1343 1554 1398 maleflcium
1569 1346 1660 1416 impe·

65 1426 122 1480 olis
133 1428 296 1496 susceptio,
309 1431 338 1481 et
348 1427 491 1499 religiosa
506 1427 641 1483 educatio
654 1444 660 1496 ;
674 1429 702 1482 in
719 1444 765 1481 sa·
823 1430 930 1484 tratum
946 1433 1001 1498 est,
1017 1444 1159 1499 peropus
1173 1445 1308 1505 sequens
1324 1430 1458 1503 conjugii
1476 1431 1591 1486 falsitas
1607 1434 1659 1488 de-

65 1529 91 1584 o,
122 1518 153 1568 ut
183 1514 374 1584 quimaritali
399 1517 503 1586 copula
524 1516 619 1587 juncti
634 1520 712 1586 suat,
729 1518 766 1570 ad
823 1518 967 1587 prehendi
982 1533 1041 1573 aon
1063 1520 1170 1588 potest.
1196 1518 1296 1573 Potest
1310 1520 1389 1574 enim
1405 1519 1468 1574 fleri
1482 1536 1535 1591 per
1551 1521 1660 1577 malefi-

68 1618 114 1658 em
129 1603 238 1657 Christi
267 1605 403 1674 copulam
427 1605 569 1674 aspirent,
596 1609 624 1660 et
648 1605 697 1676 qui
714 1621 766 1675 per
824 1605 1050 1661 ciumutalicui
1071 1606 1223 1661 auferatur
1246 1607 1432 1677 possibilitas
1456 1611 1659 1681 cognoscendi

65 1692 376 1761 acopalamsuatuaa
392 1708 471 1763 caro,
484 1693 664 1749 adhaerendo
680 1693 763 1748 Chri·
824 1695 911 1749 istam
919 1695 1135 1750 manenteiaeo
1145 1695 1657 1768 possibilitatecogaosceadialiam.

65 1780 231 1834 charitatem
247 1781 307 1834 siut
320 1782 541 1852 unusspiritus.
554 1783 607 1837 Est
617 1784 695 1837 enim
708 1800 764 1838 ma·
779 1802 806 1864 Β
825 1784 952 1854 ideoque
968 1783 1104 1838 Ecclesia
1114 1784 1193 1855 quod
1209 1784 1245 1839 de
1257 1785 1348 1854 priori
1373 1786 1514 1859 conjugio
1529 1789 1659 1843 rationa-

65 1869 150 1940 ipula,
164 1868 385 1939 conjunctionis
395 1869 506 1925 Christi
522 1874 550 1926 et
561 1871 706 1926 Ecclesiae
717 1888 764 1926 sa·
820 1872 919 1926 biliter
930 1871 1038 1927 factum
1053 1875 1109 1940 est,
1126 1888 1185 1926 aaa
1194 1873 1354 1927 aescendit.
1365 1873 1472 1930 Dicunt
1482 1879 1579 1931 minen
1594 1877 1659 1949 qui-

65 1972 121 2024 um,
134 1957 198 2010 sive
209 1956 371 2028 cujuslibet
381 1959 478 2012 fidelis
490 1963 518 2014 et
529 1960 643 2015 devotae
659 1961 765 2016 animai
820 1960 886 2014 dam
903 1960 932 2014 in
947 1960 1073 2015 divortio
1090 1961 1231 2015 naturalis
1247 1960 1420 2032 frigiditatis
1443 1967 1471 2017 et
1486 1965 1516 2019 ia
1531 1966 1659 2021 divortio

65 2045 142 2101 risto.
821 2048 957 2103 maleficii
972 2048 1105 2102 eamdem
1119 2049 1254 2120 regulam
1266 2065 1335 2104 esse
1344 2052 1511 2121 tenendam,
1521 2052 1659 2108 videlicet

65 2151 107 2189 aa.
123 2134 222 2188 XXX.
237 2135 313 2200 Quid
325 2135 416 2190 faciat
428 2138 657 2192 arati-imoaium.
821 2140 850 2192 ut
866 2137 915 2209 qui
931 2139 1034 2207 postea
1049 2136 1166 2191 vivente
1182 2139 1312 2208 compari
1326 2139 1362 2191 ad
1378 2138 1434 2192 alia
1450 2143 1517 2194 vota
1533 2143 1658 2196 transie-

65 2222 146 2295 gium
161 2228 258 2278 autem
281 2225 350 2278 facit
373 2241 542 2280 consensus
567 2226 765 2297 legitimarum
820 2226 867 2294 rit,
883 2226 919 2279 ad
934 2225 1064 2295 priorem
1075 2227 1220 2296 cognatur
1231 2225 1327 2281 redire
1339 2227 1485 2296 copulam,
1496 2228 1657 2284 decretum·

64 2328 125 2367 rum
137 2312 172 2366 de
189 2313 312 2367 maritali
325 2313 430 2383 copula
441 2329 495 2383 per
504 2314 595 2368 verba
607 2315 765 2383 praesentis
820 2330 877 2384 que
886 2313 1019 2384 praedicti
1033 2314 1193 2368 Remorum
1204 2313 1422 2385 archiepiscopi
1434 2315 1585 2370 Hiacmari
1596 2332 1658 2372 aon

64 2415 266 2471 sexpressus.
284 2401 368 2455 Unde
377 2407 445 2472 post
456 2400 630 2473 hujusmodi
641 2418 768 2457 consen·
821 2402 976 2473 recipiunt.
994 2401 1025 2456 ln
1041 2405 1163 2474 utraque
1179 2405 1276 2457 tamea
1293 2418 1393 2473 causa,
1417 2407 1475 2458 tam
1487 2403 1658 2477 frigiditatis

63 2492 110 2545 atri
126 2491 273 2545 divertere
288 2491 434 2560 licet,sive
459 2490 494 2544 ad
512 2491 635 2544 alterius
661 2491 768 2562 conju·
821 2506 909 2562 quam
926 2491 1073 2559 maleilcii,
1090 2506 1148 2545 aon
1159 2491 1273 2560 passim
1282 2492 1493 2546 admittendum
1504 2496 1549 2547 est
1561 2493 1659 2548 divor·

64 2580 223 2648 inscuado,
234 2580 298 2633 sive
315 2579 632 2648 claustrumiatraado,
645 2581 709 2634 sive
721 2597 769 2634 vo·
821 2579 902 2643 tium,
920 2578 973 2633 sed
989 2579 1091 2634 ordine
1115 2579 1258 2633 canonico
1281 2579 1448 2635 laciendum
1477 2584 1507 2634 ut
1523 2581 1552 2635 in
1568 2597 1658 2636 causa

64 2668 188 2723 lineatim
206 2668 351 2737 faciendo,
365 2669 424 2722 nisi
435 2684 472 2722 ex
483 2684 634 2723 consensu
645 2669 767 2724 alterius
822 2667 992 2738 frigiditatis
1007 2667 1150 2721 naturalis
1160 2670 1218 2723 tam
1234 2684 1281 2721 vir
1305 2684 1391 2739 quam
1415 2669 1520 2723 mulier
1535 2672 1658 2740 septima

64 2757 260 2811 continentiae
268 2762 336 2811 voto
344 2773 413 2812 sese
422 2759 628 2830 astringentis.
637 2757 682 2811 ud
693 2758 767 2812 alias
822 2755 1055 2827 propinquorum
1066 2771 1154 2810 maau
1163 2756 1243 2827 juret
1254 2757 1333 2827 quod
1345 2773 1443 2812 senon
1455 2763 1659 2830 coguoverunt

66 2845 147 2900 asire
164 2846 282 2916 nuptias
306 2847 425 2900 omnino
451 2847 585 2901 illicitum
604 2850 659 2901 est.
685 2846 769 2912 Quod
823 2845 981 2900 carnaliter
995 2860 1051 2899 aec
1063 2859 1247 2916 cognoscere
1262 2849 1428 2916 potuerunt.
1446 2847 1477 2901 Si
1488 2851 1584 2902 autem
1599 2863 1659 2902 ma·

64 2934 139 3004 iacti,
156 2950 224 2988 cum
236 2934 299 3005 jam
315 2935 351 2989 ad
367 2935 514 2990 carnalem
531 2935 666 3006 copulam
681 2951 769 2991 acce·
823 2933 952 2989 leticiam
968 2934 998 2988 in
1012 2949 1103 2988 causa
1133 2934 1251 2988 divortii
1275 2932 1364 2989 fuerit
1390 2935 1558 3008 allegatam,
1574 2937 1659 3007 prius

75 3026 167 3092 esset,
180 3039 309 3093 sponsas
321 3039 392 3077 suas
404 3028 432 3078 et
448 3028 543 3080 torum
553 3024 712 3096 nuptialem
725 3025 769 3080 fu·
785 3053 811 3116 c
824 3022 1001 3078 admonendi
1016 3026 1085 3077 sunt
1100 3025 1131 3077 ut
1147 3022 1331 3077 orationibus
1343 3027 1371 3078 et
1382 3023 1580 3095 eleemosynis
1591 3025 1660 3080 iasi-

64 3113 601 3184 guntur,hocpostdespousatioaem,
610 3113 766 3185 inquaest,
799 3178 811 3191 ἰ
825 3115 912 3181 stam,
925 3114 955 3166 et
963 3110 1176 3166 benefaciendo
1187 3110 1287 3182 gracia
1299 3111 1508 3180 Deipraeeunte
1524 3112 1659 3168 maleficii

65 3200 206 3271 afuturo,
237 3200 347 3257 factum
372 3217 441 3256 esse
466 3202 689 3274 intelligendam
711 3204 767 3273 est,
824 3200 905 3254 vires
920 3202 1073 3255 evacuent.
1089 3198 1173 3264 Quod
1189 3200 1215 3253 si
1231 3199 1276 3253 sic
1291 3199 1410 3254 liberari
1427 3216 1486 3254 aaa
1500 3201 1658 3271 potuerint,

66 3291 264 3361 tpraedictum
279 3306 470 3359 consensum,
483 3291 532 3362 qui
549 3291 624 3345 forte
650 3295 719 3345 tunc
734 3291 770 3346 de
825 3288 949 3358 septima
964 3303 1053 3343 manu
1068 3287 1300 3359 propinquorum
1317 3284 1404 3343 fldem
1428 3288 1525 3344 facere
1541 3290 1658 3359 debeat,

64 3378 151 3434 adine
166 3395 226 3433 aoa
242 3379 340 3449 flebat,
357 3384 406 3433 aut
421 3396 480 3434 noa
494 3383 702 3450 praecesserat.
720 3380 772 3434 Le·
824 3379 902 3449 quad
919 3376 1062 3431 maleficio
1079 3376 1255 3446 impediente
1270 3393 1325 3432 aec
1341 3393 1374 3432 se
1386 3381 1590 3450 cognoverunt
1601 3394 1663 3433 car·

70 3471 168 3523 autem
190 3484 327 3538 personae
357 3470 426 3522 suat
455 3468 491 3522 ad
525 3469 770 3538 contrahendum,
825 3467 884 3521 nali
900 3466 1004 3536 copula
1021 3482 1076 3520 nec
1092 3481 1276 3538 cognoscere
1291 3469 1459 3538 potuerunt,
1477 3471 1505 3522 et
1520 3467 1564 3522 sic
1579 3472 1662 3539 pote·

89 3560 226 3612 neutrum
255 3557 373 3627 anpedit
402 3558 485 3626 ordo,
516 3560 566 3612 aut
594 3561 694 3612 votum
723 3561 773 3611 aut
825 3555 1087 3626 runtseperari.ln
1101 3553 1382 3626 hujusmodiaatem
1394 3557 1529 3612 divortiis
1540 3574 1599 3612 aon
1615 3561 1661 3613 est

68 3688 75 3715 ,
90 3651 140 3700 aut
156 3646 382 3716 impossibilitas
397 3646 540 3700 reddendi
565 3646 706 3715 debitum,
723 3649 772 3701 aut
826 3644 1207 3716 faciendumjurameatum
1217 3645 1297 3716 quod
1307 3645 1338 3699 tlt
1353 3645 1383 3699 in
1398 3646 1524 3701 divortio
1535 3661 1662 3701 consan-

64 3751 83 3805 ι,
96 3739 146 3790 aut
161 3735 300 3802 affinitas,
326 3737 376 3788 aut
403 3735 568 3804 spiritualis
584 3734 770 3805 proximitas.
826 3733 989 3807 guinitatis,
1006 3733 1085 3805 quod
1095 3733 1438 3804 scilieetcaraalicopula
1449 3749 1508 3789 noa
1523 3734 1662 3790 sintsese

63 3819 150 3895 ipedit
165 3823 338 3896 conjugium
350 3823 517 3877 faciendum
528 3827 557 3878 et
572 3824 682 3878 dirimit
697 3840 770 3879 cou-
826 3823 969 3893 deinceps
983 3822 1141 3894 cognituri.
1159 3822 1260 3877 Potest
1280 3822 1358 3876 enim
1380 3822 1487 3894 aliquis
1510 3823 1547 3877 ab
1563 3823 1662 3894 aliqua

64 3914 152 3984 ,quia
168 3912 471 3967 votumcoutiaeatiae
494 3912 590 3966 sacris
617 3913 773 3968 ordinibus
827 3926 918 3966 causa
933 3910 1068 3965 maleficii
1098 3911 1241 3981 separari,
1270 3914 1299 3965 et
1323 3911 1435 3965 reddita
1460 3911 1519 3967 sibi
1535 3911 1662 3968 coeundi

63 4015 169 4070 texum,
185 4006 216 4055 ut
231 4001 299 4056 licet
309 4001 409 4056 verbis
426 4017 484 4056 aon
501 4001 559 4070 fiat,
582 4001 774 4056 nihilominus
827 4016 894 4055 cum
922 4014 956 4053 ea
985 3999 1193 4069 possibilitate,
1224 4001 1360 4054 cessante
1388 3999 1532 4056 maleficio
1566 4001 1663 4056 eidem

63 4089 155 4161 nipsa
171 4091 361 4160 susceptione
373 4090 482 4144 factum
494 4090 686 4162 intelligatur.
698 4090 775 4145 Sub·
826 4088 921 4144 reddi.
938 4087 1040 4159 Usque
1055 4087 1092 4142 ad
1116 4103 1203 4159 quem
1227 4088 1449 4159 propagationis
1469 4090 1595 4161 gradum
1610 4106 1662 4145 oo-

63 4182 111 4234 tus
127 4178 215 4233 etiam
229 4179 305 4234 inter
320 4195 425 4234 sacros
444 4179 565 4235 ordiaes
578 4182 773 4251 computatur,
828 4177 927 4250 gnatia
938 4176 1112 4249 eonjugium
1126 4176 1265 4247 impediat
1290 4191 1327 4231 ae
1347 4177 1444 4247 possit
1458 4178 1532 4248 lteri,
1554 4179 1601 4234 vel
1618 4179 1664 4233 fa*

63 4284 91 4322 ia
105 4268 193 4322 flebat
208 4267 379 4339 antiquitus.
407 4268 512 4322 Votum
538 4283 656 4338 quoque
672 4268 773 4321 verbis
828 4270 906 4321 ctum
922 4265 1047 4320 dirimat.
1064 4265 1100 4320 Et
1114 4266 1227 4337 quare?
1248 4264 1393 4336 Superius
1409 4266 1518 4321 dictum
1535 4271 1591 4323 est.

63 4372 115 4412 rum
131 4357 252 4427 impedit
267 4355 440 4427 conjugium
456 4356 503 4410 vel
520 4355 639 4425 dirimii,
657 4372 716 4410 non
727 4359 771 4410 tn-
786 4354 813 4415 D
917 4353 986 4409 Car.
1004 4353 1117 4408 XXXI.
1136 4355 1204 4420 erce
1219 4354 1382 4425 impediant
1398 4356 1573 4428 conjugium.

63 4449 159 4501 antam
175 4445 365 4516 adjudicium
382 4444 537 4513 Ecclesiae,
553 4444 613 4499 nisi
627 4444 772 4515 fucritpu·
863 4443 1000 4498 affinitas
1009 4442 1096 4497 etiam
1108 4443 1324 4497 matrimonium
1335 4443 1665 4515 contrahendumimpe-

73 4532 141 4606 quia
158 4534 292 4588 Ecclesia
308 4535 344 4588 de
361 4533 486 4589 occultis
498 4532 689 4604 nonjudicat.
699 4532 772 4587 Cou-
827 4532 878 4602 dit,
896 4534 924 4586 et
939 4531 1049 4586 dirimit
1064 4535 1256 4585 contractum.
1287 4530 1361 4585 Sunt
1386 4534 1482 4586 autem
1511 4531 1663 4586 affinitatis

64 4622 142 4678 idem
158 4623 278 4692 impedit
293 4623 398 4693 quiesi
413 4623 489 4677 liber
498 4622 615 4677 duxerit
623 4621 769 4691 ancillam,
826 4622 882 4675 tria
896 4635 1016 4691 genera.
1033 4620 1163 4673 Primum
1178 4635 1274 4691 genus
1290 4635 1344 4689 per
1357 4621 1468 4689 primas
1480 4620 1664 4674 contrahitur

63 4712 246 4784 cigaorasse
258 4712 436 4781 probaverit,
450 4711 646 4781 separabitur.
657 4711 687 4765 Si
698 4727 770 4765 vero
827 4710 955 4781 nuptias,
973 4709 1001 4763 id
1012 4712 1057 4762 est
1072 4724 1125 4779 per
1136 4709 1252 4779 nuptias
1263 4723 1338 4779 quas
1353 4709 1441 4763 aullae
1457 4709 1533 4763 inter
1541 4709 1662 4764 eosdem

63 4800 132 4856 ·boc
141 4801 321 4870 fecerit,non
333 4801 530 4870 separabitur.
542 4799 770 4870 Impossibilitas
827 4799 999 4853 affluitatem
1012 4801 1204 4868 procreantes
1220 4797 1401 4867 praecedunt.
1418 4796 1502 4863 Quod
1512 4802 1611 4853 autem
1625 4798 1662 4853 de

63 4890 241 4958 lidebitum,
271 4890 358 4944 modo
383 4905 420 4944 ex
450 4890 609 4962 frigiditate
634 4890 769 4959 naturali,
828 4887 949 4958 nuptiis,
961 4884 1143 4941 honestioris
1153 4885 1380 4957 gratiaexempli
1391 4886 1468 4956 dico,
1481 4886 1516 4941 de
1532 4886 1663 4959 qualibet

63 4996 76 5034 ι
90 4978 235 5034 maleficio
252 4979 406 5050 contingit.
426 4979 456 5033 la
473 4979 634 5051 frigiditate
646 4978 769 5032 naturali
828 4976 939 5032 carnali
953 4975 1058 5045 copula
1073 4977 1119 5029 est
1135 4973 1368 5045 intelligendum.
1382 4975 1417 5029 Et
1432 4975 1497 5030 haee
1512 4977 1600 5048 primi
1614 4991 1663 5049 ge·

63 5067 155 5124 radiae
171 5067 313 5122 canonico
330 5068 456 5122 dissolvi
467 5067 694 5122 matrimonium.
711 5066 770 5121 Sed
827 5066 908 5121 aeris
919 5063 1048 5118 aftlaitas
1053 5063 1175 5135 paribus
1181 5063 1324 5135 passibus
1333 5080 1400 5120 cum
1411 5067 1586 5138 cognatione
1598 5081 1663 5137 pro·

63 5157 117 5213 ¹ad
131 5157 205 5211 alias
221 5157 338 5227 nuptias
353 5173 413 5213 aon
423 5157 570 5212 transibit.
588 5156 618 5211 Si
630 5156 771 5228 frigidita·
827 5154 912 5222 cedit,
935 5153 1158 5208 etadeumdem
1174 5154 1293 5209 modum
1316 5171 1412 5227 usque
1437 5155 1474 5209 ad
1503 5156 1661 5225 septimum

62 5247 184 5320 igaverit
208 5247 238 5301 ia
267 5247 405 5316 divortio,
436 5251 464 5301 et
478 5247 514 5301 ad
537 5246 770 5301 alteriustorum
825 5242 1155 5314 protenditurgrudum.
1172 5243 1204 5295 la
1220 5242 1276 5297 hec
1304 5246 1401 5297 autem
1429 5241 1660 5314 differ·uatquod

63 5336 96 5407 it,
112 5336 252 5392 reddetur
265 5337 379 5407 copulae
396 5336 497 5406 priori.
515 5336 546 5390 Si
561 5338 658 5390 autem
677 5335 768 5388 male·
826 5331 1065 5404 cognatiototum
1075 5331 1241 5401 percurrit,
1257 5330 1385 5386 affinitas
1397 5335 1660 5402 autempersoaam

62 5424 235 5498 allegaverit
259 5431 287 5481 et
316 5426 394 5480 facto
419 5425 546 5481 divortio
576 5424 686 5477 adalia
702 5426 768 5478 vota
825 5421 1195 5493 perquamipsaestaoa
1219 5420 1345 5475 excedit.
1371 5420 1459 5474 Verbi
1476 5419 1659 5493 graoiazTu

62 5515 95 5588 it,
109 5514 194 5588 juxta
209 5516 361 5573 decretum
376 5514 526 5571 Hiacmari
543 5514 704 5569 Remorum
718 5528 768 5567 ar·
825 5510 945 5567 viuculo
969 5509 1235 5584 consanguinitatis
1274 5508 1450 5580 impediente
1486 5523 1544 5563 aaa
1572 5508 1658 5580 potes

62 5607 118 5684 api
131 5608 294 5666 remanebit
316 5608 346 5665 in
376 5605 507 5664 secunda
528 5604 644 5678 copula,
661 5617 716 5660 aee
731 5602 768 5661 ad
826 5601 935 5661 ducere
950 5601 980 5660 ia
996 5599 1156 5677 conjugem
1171 5613 1305 5657 sororem
1320 5602 1409 5670 tuam,
1426 5613 1480 5656 aec
1495 5597 1574 5655 illius
1587 5601 1657 5658 tuas
