3796 6022
123 295 184 366 223

507 300 728 368 APPENDIX
737 303 796 367 AD
811 304 1003 370 HUGONIS
1023 305 1168 371 OPERA
1181 306 1449 376 DOGMATICA.

1792 316 1853 378 224

125 513 207 569 sicco
223 515 422 568 servaverant.
435 514 471 565 At
485 510 527 565 iiii
538 527 597 565 non
608 512 783 567 invenerunt
794 512 892 585 ignem
904 515 957 568 sed
972 488 1002 550 Α
1017 516 1079 584 Dei,
1097 522 1126 570 et
1141 517 1291 587 proprium
1300 532 1474 588 germanum
1487 517 1791 590 captivaver·af,J'ussu
1810 535 1855 573 re·

125 620 369 676 aquamcrassam
378 621 464 676 qnam
469 605 562 675 jussit
570 606 855 678 Nehemiasaspergi
867 623 958 678 super

124 693 205 767 ligna
225 699 253 749 et
269 696 450 761 holocausta,
467 701 495 751 et
510 714 657 752 accensus
673 703 718 752 est
734 700 813 771 ignis
828 716 865 754 ex
881 717 956 771 aqua

124 785 183 855 illa,
209 790 238 843 el
267 788 362 840 mirati
392 791 460 841 sunt
490 805 593 844 omnes
622 789 855 843 Tabernaculum
885 806 956 844 vero

124 875 255 937 ioederis,
280 879 308 929 et
324 893 401 943 arca,
419 881 446 931 et
470 879 560 932 altare
577 879 700 946 incensi,
720 896 787 951 quae
812 881 956 935 ieremias

123 964 264 1046 propheta
290 965 320 1019 in
343 970 441 1020 monte
465 968 584 1021 Abarim
606 969 775 1036 abscondit,
798 970 827 1022 in
853 971 956 1024 eodem

123 1056 222 1109 monte
237 1059 306 1108 saint
322 1057 457 1126 usquein
475 1061 653 1126 presentem
665 1058 752 1112 diem.
763 1058 856 1114 Porro
871 1060 955 1125 lesu,

123 1145 416 1199 successitloachim
431 1149 458 1200 ct¹
474 1146 607 1200 lonchim
620 1147 763 1218 Heliasib,
780 1152 808 1202 et
824 1150 956 1204 licliasib

123 1231 226 1302 ludas,
254 1238 281 1289 et
304 1235 387 1289 tudae
409 1235 549 1301 loannes,
574 1239 602 1290 et
620 1236 725 1291 loanni
751 1238 873 1307 daddus,
904 1240 957 1293 de-

123 1322 211 1393 nique
231 1324 315 1377 laddi
332 1325 513 1393 temporibus
531 1325 698 1380 Alexander
712 1328 839 1399 Magnus
855 1344 957 1400 regem

123 1427 289 1483 aggressus
311 1417 356 1467 est
376 1413 533 1468 Persarum
551 1431 733 1486 expugnare,
749 1418 956 1488 mandavitque

123 1500 217 1554 daddo
240 1504 272 1555 ul
293 1502 472 1572 fidelitatem,
496 1521 582 1574 quam
604 1505 690 1559 Dario
713 1508 778 1578 regi
797 1506 957 1561 Persarum

122 1589 308 1660 promiserat,
327 1595 355 1645 et
370 1608 404 1646 eo
420 1608 516 1661 usque
534 1598 715 1662 servaverat,
736 1595 793 1665 ipsi
814 1596 956 1666 deinceps

123 1679 305 1733 observaret.
318 1681 736 1751 Responditladdussellario
745 1684 957 1755 fidemjurasse

123 1770 151 1821 ef
162 1770 239 1839 quod
257 1770 312 1823 hoc
325 1770 388 1840 ipse
404 1775 516 1841 pateret
531 1773 624 1826 donec
642 1773 688 1827 ille
703 1773 825 1840 viveret,
844 1791 957 1844 nequa-

123 1872 210 1926 quam
222 1859 320 1913 facere
331 1861 520 1930 posse.Undc
528 1862 620 1915 iratus
629 1863 958 1918 Alexandercommina-

122 1949 170 2002 tus
181 1950 312 2018 estquod
322 1950 425 2004 urbem
435 1951 958 2007 Jerusalemsubverteret.Extim11it

122 2035 958 2112 itaqueladduS,etc0nvocalocieroetpopulointimavit

123 2127 167 2180 eis
182 2143 254 2182 rem.
272 2128 406 2182 Oblatum
422 2132 467 2183 esi
478 2131 667 2198 sacrificium,
681 2134 709 2186 et
717 2147 822 2201 preces
835 2132 910 2187 fusae
922 2134 958 2189 ad

122 2214 288 2271 Dominum.
306 2217 420 2281 Quibus
437 2220 565 2287 peractis
580 2221 713 2289 pontifex
728 2237 832 2276 omnes
848 2222 958 2276 dimisit

122 2310 151 2360 et
166 2305 230 2375 ipse
246 2305 329 2360 solus
339 2307 489 2374 remansit,
501 2309 659 2379 statimque
674 2326 782 2380 sopore
794 2312 957 2380 depressus

121 2394 957 2467 viditvisionem,dictumqueestipsi:NetimcasAIexan-

122 2482 217 2551 druia,
230 2483 285 2536 sed
294 2483 432 2538 indueris
443 2491 526 2539 veste
535 2501 630 2549 sacra,
645 2491 674 2540 ct
683 2488 858 2541 sacerdotes
868 2488 956 2543 indu·

121 2571 381 2635 enturstolissnis
396 2578 495 2627 etcum
510 2575 768 2640 veneritexihitis
781 2578 958 2649 etsuscipie·

120 2660 236 2715 liscum
248 2660 444 2724 cunrhoaorc,·
462 2663 540 2716 nibil
552 2663 630 2718 eninr
644 2664 728 2720 vobis
738 2665 808 2720 mali
824 2665 957 2722 facturus

122 2756 168 2805 est
183 2749 367 2805 Alexander.
381 2751 493 2807 Interea
514 2752 640 2824 Magnus
657 2754 825 2810 Alexander
838 2757 956 2827 magnis

121 2834 451 2911 viribuslerosolpman
460 2842 646 2911 prober-abal.
657 2843 788 2915 Cumque
798 2846 955 2915 appropin-

120 2933 224 3000 quaret
240 2929 358 2998 civitati,
376 2930 467 2984 exivit
482 2931 615 3001 pontifex
630 2949 696 2986 cum
714 2934 790 2987 omni
803 2935 912 3004 populo
927 2937 956 2989 ei

121 3018 211 3073 clero.
223 3019 368 3073 Putahant
382 3020 584 3089 Alexandrini,
600 3022 677 3092 qnod
690 3038 743 3077 eos
754 3023 851 3077 statim
863 3024 954 3078 inter-

119 3107 230 3177 ficeret,
244 3112 271 3164 et
283 3110 386 3164 urbem
397 3109 516 3164 deleret.
530 3110 587 3165 Sed
597 3127 663 3165 eum
672 3111 953 3168 vidissetsummum
974 3110 1000 3177 c

118 3198 286 3268 pontificem
303 3200 450 3268 salutavit,
467 3201 622 3271 miratique
633 3204 701 3255 sunt
714 3216 817 3255 omnes
828 3202 954 3257 Alexan·

119 3286 164 3341 dri
182 3288 290 3341 milites
313 3288 513 3344 vehementer.
531 3288 661 3360 Cumque
678 3307 780 3361 regem
795 3291 830 3344 de
852 3291 907 3345 hnc
922 3308 953 3347 re

118 3375 304 3446 interrogare
327 3376 503 3445 dubitarent,
521 3394 609 3444 unua,
628 3380 677 3450 qui
693 3380 734 3433 iili
750 3383 812 3434 erat
836 3382 953 3435 caeteris

118 3463 246 3518 familior
259 3464 452 3537 interrogavit
467 3483 543 3534 eum,
561 3468 677 3522 dicens:
690 3469 787 3533 Quare
798 3485 856 3523 rex
865 3469 953 3524 istum

116 3568 180 3623 prae
195 3552 331 3608 erunibus
344 3553 502 3608 salutasti?
514 3556 677 3626 Respondit
689 3573 758 3611 rex:
774 3558 844 3612 Cum
856 3574 953 3613 essem

117 3641 212 3696 adduc
227 3642 353 3696 interra
369 3659 433 3697 mea
451 3643 513 3698 vidi
528 3645 617 3698 istum
634 3645 789 3700 insomnis
804 3647 951 3701 dicentem

116 3730 192 3785 milri
207 3731 282 3803 quod
292 3748 416 3803 repham
425 3748 542 3803 possem
554 3734 691 3788 obtinere
703 3733 877 3801 Persarum,
886 3736 953 3791 ideo

116 3836 180 3874 cum
197 3837 261 3874 eum
267 3837 332 3892 praa
343 3821 479 3876 omnibus
489 3821 627 3876 salutavi.
639 3822 778 3877 Summus
795 3823 873 3895 itaqu
884 3840 954 3894 pon·

115 3908 189 3964 tifex
204 3926 272 3964 eum
286 3926 391 3980 pompa
407 3911 488 3979 cieri,
506 3914 534 3965 ct
551 3911 716 3982 frequentia
732 3912 833 3982 populi
850 3928 952 3984 regem

115 3997 151 4051 ad
168 3999 307 4068 templum
323 3999 453 4068 deduxit,
472 4001 659 4072 oblatumque
675 4005 722 4055 est
736 4017 789 4071 pro
805 4016 840 4056 eo
856 4003 951 4056 sacri-

115 4084 225 4140 ficium.
243 4087 374 4156 Denique
386 4088 529 4142 recedens
545 4089 714 4144 Alexander
722 4089 857 4160 promisit
872 4091 950 4161 quod

114 4154 213 4212 locum
223 4157 305 4211 ilium
316 4159 457 4228 deinceps
469 4160 617 4231 diligeret,
630 4161 788 4216 honoraret
800 4165 828 4215 et
837 4161 949 4216 exalta-

113 4248 168 4300 ret.
190 4245 282 4301 Porro
298 4247 392 4302 daddo
409 4248 557 4303 successit
573 4249 673 4317 Onias,
691 4253 718 4304 el
732 4250 814 4304 Oniae
836 4249 949 4320 Simon,

112 4333 214 4406 iustus
230 4338 258 4389 et
273 4336 384 4391 Simoni
396 4336 480 4407 justo
493 4337 725 4393 Eleazaruslste
736 4337 817 4392 misit
833 4342 950 4409 septua-

1016 605 1063 676 gis
1080 606 1217 659 Antiochi
1233 606 1376 675 expulsus
1392 607 1422 661 in
1435 607 1629 661 amanitidem
1643 611 1690 662 est
1698 610 1852 679 regionem

1015 697 1043 748 et
1057 694 1209 749 Menelaus
1223 696 1341 765 quidam
1358 681 1479 751 detribu
1489 697 1851 768 Benjaminsacardotiuin

1014 785 1148 839 obtinuit.
1167 785 1251 840 Unde
1266 785 1357 856 hujus
1382 786 1507 841 Menelai
1532 787 1659 841 factione
1675 787 1765 841 tinias
1782 787 1849 857 pius

1013 873 1144 943 pontifex
1161 874 1354 944 interemptus
1369 879 1415 929 est
1429 891 1482 945 per
1492 876 1651 946 quemdam
1662 876 1743 946 regis
1756 875 1849 930 sulle-

1013 966 1091 1016 ctum
1122 963 1335 1031 Andronicum,
1359 968 1388 1017 et
1412 981 1471 1019 non
1496 965 1586 1018 multo
1611 967 1678 1034 post
1697 965 1848 1019 Menelaus

1012 1055 1146 1106 mortuus
1154 1056 1209 1120 est,
1222 1054 1389 1108 sacerdotio
1401 1055 1580 1108 succedente
1590 1053 1678 1108 fratre
1689 1055 1757 1125 ejus
1767 1055 1850 1124 Lysi-

1013 1142 1127 1196 macho.
1145 1142 1203 1196 Sed
1219 1159 1286 1197 cum
1302 1160 1356 1197 nec
1372 1144 1417 1197 sic
1439 1144 1524 1197 malis
1540 1143 1707 1212 desisteret,
1729 1145 1847 1198 tandem

1013 1230 1146 1303 dejectus
1164 1233 1199 1286 de
1214 1234 1287 1287 turri
1296 1234 1509 1305 quinquaginta
1521 1233 1688 1289 cubitorum
1699 1233 1848 1287 infelicem

1012 1321 1160 1374 exhalavit
1180 1323 1316 1378 animam.
1335 1322 1533 1392 Lysimachus
1549 1337 1666 1393 quoque
1680 1321 1742 1393 jam
1758 1323 1848 1376 multo

1012 1410 1111 1480 templi
1127 1426 1199 1465 atrro
1216 1415 1368 1481 exportato
1383 1411 1499 1480 plebeio
1512 1428 1661 1466 concursu
1672 1427 1761 1465 secus
1774 1428 1848 1465 cera·

1013 1499 1848 1570 riumlapidatusintcriit.PosthaecAntiochusrexSprim

1013 1588 1847 1659 ascendenslerosolpmamintr-avitiasanctuariumcum

1014 1678 1164 1748 superbia,
1186 1682 1214 1732 et
1229 1679 1294 1732 tulit
1317 1679 1407 1732 altare
1425 1695 1547 1734 aureum
1570 1682 1598 1733 et
1622 1679 1846 1744 candelabrum,

1014 1784 1146 1822 mensam
1166 1768 1389 1838 propositionis,
1407 1772 1435 1823 et
1448 1769 1557 1838 velum,
1575 1773 1603 1823 et
1627 1773 1732 1824 caetera
1748 1769 1850 1838 templi

1015 1861 1185 1911 ornamenta
1192 1861 1230 1911 'et
1246 1858 1326 1911 abiit.
1336 1858 1458 1912 Domum
1475 1875 1545 1913 vero
1557 1860 1696 1929 praecepit
1708 1859 1848 1912 omnibus

1015 1947 1100 2017 regni
1112 1947 1157 2001 sui
1170 1948 1320 2018 gentibus,
1339 1950 1369 2002 ul
1380 1951 1461 2002 esset
1475 1964 1552 2001 unus
1563 1948 1699 2017 populus,
1713 1948 1847 2017 etprohi·

1014 2036 1078 2090 buit
1097 2036 1249 2106 intemplo
1266 2037 1382 2090 Domini
1398 2037 1462 2092 lieri
1482 2036 1664 2105 holocausta,
1681 2042 1709 2091 et
1725 2037 1846 2091 ludaos

1015 2126 1095 2180 escis
1110 2126 1294 2196 coinquinari
1312 2126 1480 2180 immundis.

1015 2213 1084 2269 Car.
1108 2216 1172 2269 Xll.
1190 2215 1323 2269 Historia
1343 2215 1380 2269 ab
1403 2216 1477 2270 duda
1498 2216 1668 2271 Maclrabaeo
1697 2233 1788 2288 usque
1809 2217 1846 2271 ad

1349 2287 1512 2342 Christum.

1052 2377 1083 2429 ln
1096 2376 1153 2430 illis
1163 2376 1268 2431 dicbus
1277 2377 1368 2431 ludas
1380 2376 1569 2431 bfachabenus
1578 2381 1746 2431 secesserat
1759 2377 1787 2431 in
1798 2377 1846 2431 de·

1015 2469 1137 2534 sertum,
1154 2469 1182 2520 et
1198 2466 1237 2518 ibi
1254 2466 1419 2520 interseras
1431 2466 1521 2520 vitam
1532 2466 1796 2537 cumsuisagebat,
1810 2483 1846 2525 ne

1014 2555 1162 2624 particeps
1178 2559 1260 2609 esset
1271 2555 1529 2626 coinquinationis.
1540 2555 1598 2608 Sed
1614 2557 1750 2625 quamvis
1762 2555 1845 2626 pauci

1014 2648 1126 2713 essent,
1147 2642 1198 2715 qui
1221 2660 1287 2697 cum
1307 2659 1341 2698 eo
1362 2648 1454 2713 erant,
1479 2645 1518 2697 ita
1538 2647 1634 2697 tamon
1651 2645 1743 2699 duces
1763 2645 1846 2715 regis

1014 2733 1152 2787 Antiochi
1172 2733 1259 2788 hellis
1285 2734 1496 2801 contriverunt,
1514 2737 1545 2787 ut
1568 2736 1595 2787 et
1611 2734 1750 2804 templum
1768 2733 1845 2805 quod

1014 2826 1076 2877 erat
1092 2823 1287 2894 ierosolymis
1303 2826 1522 2892 recuperarent,
1540 2826 1567 2877 et
1582 2824 1676 2895 legeS,
1694 2840 1761 2894 quae
1772 2823 1845 2877 abo-

985 2949 987 2952 .
1013 2911 1109 2966 lcndce
1124 2915 1215 2980 erant,
1232 2926 1334 2966 eorum
1350 2912 1429 2977 felici
1446 2912 1605 2981 pertinacia
1620 2913 1846 2966 restituerentur

1014 3001 1129 3056 Mortuo
1149 3001 1274 3071 denique
1291 3002 1437 3055 Antiocho
1456 3001 1591 3073 regnavit
1611 3002 1787 3068 Demetrius,
1810 3001 1846 3054 ad

1014 3106 1101 3161 quem
1120 3091 1248 3145 accessit
1267 3089 1517 3144 sceleratissimus
1535 3089 1698 3159 Alchimus,
1716 3093 1743 3145 et
1760 3091 1847 3160 caepit

1013 3196 1115 3252 regem
1136 3180 1317 3234 inflammare
1334 3179 1480 3234 adversus
1496 3179 1621 3246 ludam,
1638 3179 1754 3233 diceimt
1769 3179 1846 3233 enirn

1014 3269 1077 3339 regi
1087 3285 1092 3323 :
1102 3269 1195 3324 dirsfas
1210 3274 1238 3322 et
1255 3269 1304 3340 qui
1318 3286 1382 3323 cuin
1403 3284 1437 3324 co
1457 3273 1525 3322 sunt
1540 3267 1618 3322 bella
1632 3269 1774 3330 nutriunt,
1793 3285 1847 3321 ner

1008 3358 1165 3429 patiuntur
1173 3373 1296 3429 repmnn
1307 3373 1375 3411 esse
1384 3358 1521 3429 quietum.
1535 3357 1618 3410 Unde
1630 3373 1683 3428 cpe
1692 3357 1848 3412 fraudatus

1008 3454 1166 3518 parentum
1174 3445 1459 3517 plnriafdiconutcm
1470 3446 1764 3499 sarrianosarrrrlatiol
1779 3447 1848 3498 vrri

1011 3536 1084 3589 adte
1088 3536 1215 3607 primunr
1223 3536 1339 3607 quidem
1347 3536 1527 3589 utilitatibus
1534 3535 1710 3606 repisfidem
1719 3552 1770 3589 scr
1777 3553 1847 3589 rans

1010 3625 1140 3679 secundo
1151 3625 1240 3678 etiam
1256 3623 1373 3678 civibus
1389 3624 1587 3678 consulturus.
1604 3624 1686 3677 Tunc
1702 3623 1781 3676 misit
1793 3640 1844 3678 rex

1010 3713 1225 3783 lerosolymam
1241 3712 1429 3781 Nicanorem,
1447 3716 1477 3766 ut
1488 3715 1516 3767 et
1532 3712 1638 3766 ludam
1654 3713 1846 3781 comprehen-

1010 3801 1102 3869 deret,
1112 3804 1140 3856 et
1152 3801 1318 3855 Alchinium
1327 3817 1474 3856 summurn
1487 3800 1671 3855 sacerdotem
1682 3800 1845 3855 constitue-

1008 3893 1062 3945 ret.
1079 3890 1233 3944 Alchimus
1254 3893 1360 3959 aufem,
1373 3889 1480 3945 belluae
1495 3889 1624 3943 animum
1640 3905 1759 3961 gerone,
1777 3906 1844 3943 cum

1009 3978 1142 4033 venisset
1157 3979 1382 4049 lerosolymam,
1396 3978 1490 4050 jussit
1500 3979 1613 4034 destrui
1624 3995 1726 4032 muros
1737 3979 1843 4033 domus

1009 4072 1121 4123 sanctae
1137 4068 1298 4123 interioris.
1312 4068 1368 4122 Sed
1385 4068 1490 4123 horum
1506 4068 1662 4122 criminum
1674 4084 1777 4138 poenas
1787 4069 1844 4121 mi-

1008 4173 1059 4211 ser
1073 4156 1222 4212 diuvitare
1238 4173 1297 4211 non
1313 4158 1415 4227 potnit.
1432 4156 1534 4212 Subito
1551 4157 1629 4211 enim
1645 4157 1782 4211 obtusum
1798 4162 1845 4211 est

1008 4261 1042 4300 os
1059 4245 1137 4316 ejus,
1149 4248 1177 4299 et
1186 4245 1266 4316 loqui
1284 4262 1341 4300 non
1358 4245 1459 4316 potuit.
1471 4245 1528 4300 Sed
1540 4245 1705 4300 dissolutus
1714 4245 1844 4315 paralysi

1009 4333 1220 4388 miserabiliter
1235 4334 1389 4404 expiravit.
1402 4333 1509 4406 Sicque
1525 4334 1732 4389 deficientibus
1749 4348 1846 4387 sacer-

113 4424 196 4497 ginta
212 4424 388 4495 interpretes
400 4425 558 4481 Ptolemaeo
571 4426 835 4498 Philadelpho,qui
846 4443 951 4483 secun·
965 4430 991 4493 D
1007 4422 1125 4477 dotibus
1146 4422 1181 4476 de
1201 4438 1311 4493 genere
1327 4423 1426 4477 Aaron
1443 4426 1471 4476 ei
1496 4422 1570 4477 luda
1595 4422 1766 4477 Machabaeo
1789 4438 1843 4492 pro

114 4513 171 4568 dus
181 4516 249 4584 post
261 4514 459 4570 Alexandrum
471 4516 606 4588 regnavit
616 4517 643 4570 in
656 4515 798 4587 AEgppto.
810 4515 949 4572 Eleazaro

115 4604 264 4658 successit
279 4605 446 4673 Manassae,
456 4608 484 4659 et
495 4606 642 4660 Manassae
658 4605 757 4673 OniaS,
771 4608 798 4659 ef
809 4604 890 4660 Oniae
901 4605 948 4659 Si-

113 4708 193 4763 mon,
205 4696 233 4747 et
248 4692 360 4748 Simoni
372 4694 461 4748 Onias
472 4694 531 4764 (cui
543 4694 634 4749 frater
645 4694 804 4764 lesuslqui
821 4697 848 4748 et
857 4694 947 4749 lason

114 4781 228 4850 eripere
245 4784 441 4838 sacerdotium
459 4784 593 4854 cupiens,
614 4784 702 4854 coepit
724 4782 855 4837 iudaicae
871 4784 948 4855 legis

111 4867 180 4940 jura
196 4885 253 4923 aon
269 4870 299 4923 in
311 4873 426 4926 occulto
437 4872 559 4941 violare,
576 4873 626 4927 sed
639 4873 735 4943 palam
746 4872 884 4927 omnibns
895 4873 947 4926 de·

113 4960 239 5025 struere,
263 4959 347 5028 quasi
368 4960 565 5015 sacerdotium
590 4962 667 5032 quod
690 4959 845 5015 affectabat
864 4961 949 5014 aliter

113 5061 201 5117 quam
218 5047 331 5100 scelere
342 5049 484 5118 consequi
497 5065 555 5102 non
570 5050 689 5104 valeret.
701 5051 802 5103 Au'sus
814 5053 860 5103 cst
870 5049 947 5103 enim

113 5135 169 5190 sub
179 5135 244 5204 ipsa
253 5136 351 5205 templi
368 5152 435 5190 arce
448 5138 634 5206 gpinnasium
644 5141 828 5205 construere,
839 5141 866 5191 et
878 5139 948 5208 opti·

112 5239 178 5278 mos
200 5239 335 5295 quosque
357 5225 544 5295 Epheborum
569 5225 598 5279 in
613 5226 805 5295 lupanaribus
821 5242 945 5296 ponere,

112 5313 945 5384 eosquequierantlercsolpmis,Antiochenosscribere

111 5401 169 5457 Sed
186 5403 243 5457 hoc
259 5401 350 5472 impii,
365 5405 393 5457 el
409 5419 466 5456 non
482 5403 648 5457 sacerdotis
666 5404 786 5457 insonis
802 5404 948 5458 nefarium

112 5493 141 5546 et
161 5491 323 5547 inauditum
340 5491 440 5546 scelus
456 5490 527 5546 ultio
547 5491 646 5545 divina
663 5495 822 5546 consecuta
845 5492 948 5548 estha

111 5578 196 5652 leges
211 5581 318 5652 quippe
327 5580 443 5635 divinas
459 5579 546 5650 impie
555 5596 645 5653 agere
657 5597 715 5634 non
727 5579 803 5634 cedit
814 5581 946 5651 impune:

111 5668 189 5734 unda
204 5670 437 5752 posttriennium
452 5669 517 5748 ipse
533 5669 635 5739 lason,
649 5668 774 5752 quijura
785 5668 948 5725 violaverat

1006 4512 1108 4583 patriae
1120 4511 1412 4582 legibusdeeertante
1429 4528 1462 4564 so
1483 4516 1508 4564 ic
1519 4510 1624 4564 bellica
1634 4511 1842 4582 jamdefuncto

996 4600 1151 4654 'lonathas
1162 4599 1253 4653 irater
1263 4599 1330 4671 ejus
1339 4601 1463 4669 adeptas
1475 4599 1844 4671 estprincipatumludreo·

1006 4705 1082 4759 rum,
1106 4689 1253 4759 simulque
1269 4688 1477 4742 sacerdotium.
1496 4688 1588 4743 Porro
1610 4691 1694 4759 gesta
1712 4688 1795 4742 luda}
1816 4694 1843 4742 et

1007 4778 1129 4832 fratrum
1145 4777 1213 4848 ejus
1228 4777 1394 4848 quiamulta
1405 4781 1474 4831 sunt
1485 4777 1592 4845 valde„
1604 4780 1632 4831 et
1642 4777 1766 4831 inlibris
1780 4777 1842 4831 Ma-

1006 4867 1195 4921 chabaeorum
1207 4867 1317 4936 scripta
1330 4866 1526 4934 (continentur,
1538 4865 1617 4920 nolui
1627 4865 1767 4936 praesenti
1777 4867 1844 4919 bre-

1004 4955 1085 5009 vitati
1110 4955 1254 5009 inserere.
1283 4955 1418 5009 lonathae
1441 4970 1512 5009 vero
1537 4955 1637 5009 Simon
1662 4954 1752 5009 frater
1776 4957 1844 5026 ejus

1005 5043 1844 5113 successitPostSimonemautempervenitsacerdotiuin

1003 5134 1195 5188 adloannenr
1213 5133 1303 5187 filium
1315 5132 1393 5204 ejuS,
1404 5134 1454 5204 qui
1469 5133 1627 5187 adversum
1645 5133 1845 5187 liircanosdi-

1004 5223 1118 5277 micnns
1129 5222 1250 5276 Hircani
1260 5239 1366 5277 nomen
1379 5222 1501 5292 accepit.
1515 5221 1621 5275 loanni
1635 5221 1765 5275 liircano
1777 5238 1845 5275 suc·

1004 5312 1097 5366 cessit
1108 5311 1308 5366 Aristobolusr.
1320 5311 1508 5365 Aristobolus
1518 5314 1614 5364 autem
1628 5309 1725 5364 tacius
1736 5314 1845 5364 estrex
1866 5313 1872 5320 “

1004 5407 1031 5456 et
1052 5401 1205 5468 sacerdos,
1223 5405 1251 5456 ef
1270 5400 1440 5454 Aristobolo
1458 5399 1607 5454 successit
1624 5415 1677 5453 rex
1692 5399 1802 5469 pariter
1818 5405 1845 5453 et

1004 5488 1845 5560 sacerdosAlexander.Alexanderveromoriensreliquit

1004 5579 1181 5650 superstites
1204 5579 1281 5633 filios
1297 5579 1383 5646 duce,
1401 5577 1604 5631 Aristobolum
1621 5579 1650 5631 et
1669 5577 1842 5632 Hircanum.

1004 5666 1465 5742 Deddonacadolescerentpueri
1476 5666 1672 5724 Alexandrum
1684 5665 1844 5740 conjugem
