3796 6022
45 255 95 325 129

423 256 478 326 DE
501 260 662 327 BESTHS
685 262 738 326 ET
758 256 869 327 ALIIS
892 260 1029 330 REBUS
1052 262 1180 328 LIBER
1201 266 1393 332 TERTIUS.

1701 269 1761 333 130

41 460 258 532 appellaturque
274 478 290 514 a
306 462 423 516 nomine
440 462 581 518 similium
595 463 765 517 animalium
781 479 872 534 super
892 445 921 507 Α
972 463 1069 518 Fibrae
1084 470 1152 519 suut
1169 465 1282 536 jecoris
1304 466 1514 536 extremitates,
1538 467 1615 522 sicut
1629 471 1769 522 extremae

43 553 143 602 terram
157 548 334 605 virentium.
351 551 425 604 Nam
439 551 505 604 inde
519 551 647 605 musculi
663 569 680 605 a
696 552 821 605 murium
838 552 878 605 si-

45 637 215 692 militudine.
232 638 314 693 Sicut
329 655 345 692 a
362 640 470 693 lacerta
490 639 602 694 lacerti.
624 640 694 694 lude
711 640 797 694 etiam
812 639 879 710 tori,

46 726 117 796 quod
135 726 198 780 illic
217 727 333 781 viscere
350 731 423 782 torta
440 727 605 782 videantur.

75 812 132 868 For
148 814 284 869 a-Grarra
295 815 458 870 derivatum
470 816 665 886 appellatione
677 816 755 887 quod
767 815 808 869 illi
821 832 882 869 cnr·

47 903 107 955 dian
120 899 234 973 assatae
245 905 355 971 dicunt,
372 905 450 957 sicut
464 921 479 957 a
495 907 585 959 coret
601 920 654 959 uro
670 904 778 958 dicitur
795 904 882 970 uobis

48 1007 120 1060 rura,
131 991 266 1045 incorde
281 993 358 1047 enim
372 993 469 1047 omnis
479 992 646 1047 sollicitudo
661 993 728 1046 vitae
745 997 774 1046 et
790 993 884 1047 seien-

50 1080 89 1132 liae
101 1094 177 1133 cura
186 1082 244 1133 est.
257 1079 341 1144 Quod
350 1080 416 1135 ideo
428 1081 558 1151 pulmoni
569 1082 698 1134 ricinum
709 1084 764 1149 est,
776 1083 805 1134 ut
817 1097 883 1134 eum

48 1168 84 1220 ira
92 1158 282 1236 accenditur,
293 1169 442 1238 pulmonis
451 1169 573 1223 humore
583 1172 771 1239 temperetur.
786 1168 883 1239 Hujus

47 1257 105 1309 duae
121 1257 245 1310 arteriae
262 1260 345 1326 suut,
366 1257 476 1327 quibus
498 1256 619 1310 sinistra
643 1257 709 1326 plus
726 1256 883 1327 sanguinis

48 1344 142 1413 babet,
161 1344 269 1399 dextra
284 1345 350 1414 plus
362 1345 497 1415 spiritus.
511 1344 595 1399 Unde
606 1349 634 1398 et
649 1363 678 1398 ιιι
695 1345 798 1399 dextro
815 1345 884 1398 bra-

49 1432 109 1486 rbio
124 1434 250 1503 pulsum
265 1434 458 1503 despicimus

80 1521 252 1575 Praeaoauia
268 1526 336 1575 sunt
352 1522 416 1575 loca
433 1522 497 1575 codi
515 1523 626 1591 vicina,
647 1521 756 1592 quibus
773 1537 884 1576 sensus

51 1609 222 1680 percipitur,
239 1612 268 1665 et
282 1611 357 1664 dicta
373 1614 442 1664 sunt
456 1611 630 1680 praecordia,
643 1625 678 1664 eo
693 1611 772 1680 qnod
788 1611 829 1664 ibi
848 1611 886 1664 sit

53 1697 228 1768 principium
245 1699 345 1753 cordis
357 1701 385 1752 et
396 1699 595 1770 cogitationis,
606 1701 654 1752 aut
663 1698 741 1768 quod
753 1715 804 1752 cor
815 1715 888 1769 prae-

936 556 1035 623 partes
1053 552 1189 607 loliorum
1205 553 1365 623 mnitibus,
1379 555 1443 609 sive
1458 556 1542 626 quasi
1559 555 1670 628 linguse
1686 571 1771 610 venae

937 641 1110 695 eminentes.
1129 642 1228 696 Dirlas
1243 644 1340 696 anto'm
1360 644 1461 697 volunt
1481 645 1583 713 libras,
1601 645 1680 715 quod
1696 643 1772 715 apud

938 730 1066 800 gentiles
1081 731 1112 784 iu
1127 731 1283 784 sacriticiis
1303 731 1339 783 ad
1355 730 1458 785 Pbmbi
1478 748 1545 785 aras
1561 733 1597 785 ab
1613 731 1715 786 ariolis
1732 731 1773 786 te·

937 818 1087 881 rebantur,
1105 818 1214 888 quibus
1231 818 1337 871 oblatis
1351 823 1437 889 atque
1453 821 1610 873 succensis
1625 835 1772 890 respousa

938 906 1115 975 acciperent.

973 992 1063 1062 Splen
1080 995 1207 1048 dictusa
1228 992 1455 1063 supplemendo,
1475 1010 1510 1048 ex
1528 995 1673 1049 contraria
1688 998 1770 1065 parte

936 1079 1060 1150 jecoriS,
1083 1098 1120 1135 nc
1143 1098 1235 1134 varun
1261 1081 1416 1150 existeret,
1442 1098 1529 1152 quem
1550 1084 1668 1153 qnidam
1691 1084 1773 1138 risus

940 1185 1030 1223 causa
1042 1169 1148 1223 iactum
1161 1170 1346 1237 existimant3
1359 1185 1426 1223 nam
1438 1169 1539 1238 splene
1551 1171 1692 1238 ridemus,
1705 1170 1773 1226 selle

940 1256 1107 1326 irascimur,
1126 1259 1214 1312 rorate
1232 1259 1376 1327 sapimus,
1392 1257 1495 1328 jecore
1507 1274 1649 1328 amamus,
1666 1259 1774 1329 quibus

941 1348 1066 1416 quatuor
1080 1346 1234 1400 elementis
1250 1346 1466 1416 constantibus
1485 1347 1632 1417 integrum
1648 1353 1693 1400 est
1708 1347 1773 1402 ani-

941 1435 1009 1488 mal.
1697 1456 1720 1484 ν

978 1522 1029 1577 Fet
1045 1526 1090 1577 est
1110 1523 1300 1593 appellatum,
1323 1522 1401 1593 quod
1423 1522 1462 1576 sit
1482 1521 1631 1577 folliculus
1653 1525 1774 1594 gestans

945 1610 1107 1680 humorem,
1124 1612 1174 1682 qui
1189 1617 1311 1665 vocatur
1325 1611 1405 1665 bilis.

980 1698 1156 1753 Stomachus
1175 1698 1316 1773 [στόμαχος]
1331 1700 1433 1754 uisae
1448 1715 1482 1754 os
1498 1702 1629 1769 vocatur,
1646 1714 1680 1754 eo
1696 1698 1776 1770 quod

55 1787 194 1858 ringiunt,
211 1790 282 1841 sunt
296 1787 373 1841 enim
394 1788 539 1857 pelliculae
560 1787 672 1840 rircum
694 1804 755 1856 cor,
772 1787 801 1840 in
817 1787 883 1859 qui·
946 1787 1030 1859 quasi
1047 1788 1155 1841 ostium
1170 1790 1283 1842 ventris
1299 1789 1363 1859 ipse
1380 1788 1478 1843 cibum
1489 1788 1622 1858 accipiet,
1639 1794 1725 1860 atque
1740 1787 1777 1844 ad

55 1876 104 1929 bus
118 1874 312 1930 affectionum
327 1876 427 1929 sedes.

83 1963 196 2018 Pulsus
213 1967 336 2017 vocatus
351 1967 411 2033 est,
434 1964 512 2034 quod
527 1964 656 2034 palpitet,
675 1963 762 2035 cujus
777 1964 886 2020 indicio

56 2056 97 2104 ant
110 2052 313 2106 infirmitatem
327 2051 520 2123 intelligimus
536 2057 585 2106 aut
604 2053 769 2106 sanitatem.
788 2035 886 2123 Hujus

57 2140 160 2210 duplex
177 2144 225 2195 est
247 2144 359 2209 motus,
384 2144 433 2196 aut
457 2141 599 2210 simplex,
623 2144 672 2195 aut
691 2141 885 2211 compositus

56 2228 183 2299 Simplex
197 2233 254 2298 est,
271 2230 321 2300 qui
337 2244 375 2283 ex
391 2245 448 2284 uno
460 2230 536 2283 saltu
552 2233 676 2284 constat.
693 2229 882 2300 tlompositus

58 2320 105 2388 est,
122 2318 176 2389 qui
190 2333 229 2371 ex
243 2317 379 2388 pluribus
396 2319 523 2373 motibus
536 2318 709 2372 inordinatis
721 2322 749 2372 et
759 2318 887 2389 inaequa-

59 2405 131 2460 libus
148 2406 260 2461 existit.
279 2405 334 2472 Qui
346 2410 443 2461 motus
454 2410 533 2462 certa
545 2406 653 2461 babent
664 2407 768 2477 spatia,
786 2408 888 2477 dacty-

60 2495 141 2549 licum
156 2494 279 2565 pulsum
294 2498 400 2550 vocant
415 2495 545 2566 quandiu
560 2495 625 2550 siue
641 2494 711 2549 vitio
728 2494 792 2551 luit.

90 2584 181 2639 l'enae
197 2582 284 2639 diotae
296 2582 331 2638 eo
341 2583 420 2654 quod
431 2584 486 2638 viae
498 2586 567 2638 sunt
577 2583 705 2638 natantis
721 2584 887 2656 sanguinis,

60 2676 139 2743 atque
156 2672 213 2726 rivi
231 2688 381 2742 peremne
393 2688 502 2743 corpus
514 2672 612 2742 divisi,
625 2672 733 2744 quibus
749 2674 889 2728 universa

61 2762 187 2816 membra
200 2760 358 2832 irigantur.

91 2851 222 2922 Sanguis
237 2865 275 2904 ex
284 2851 386 2905 Graeca
399 2850 575 2922 etymologia
587 2858 694 2906 nomen
705 2849 797 2918 duxit,
811 2849 890 2921 quod

62 2942 222 3012 vegetetur,
244 2942 272 2993 et
295 2940 477 2992 sustentetur
501 2944 529 2992 et
551 2938 630 2994 vivat
644 2939 702 3000 σάος
718 2954 788 2993 snos
811 2938 889 2992 euim

945 1877 1084 1930 intestina
1101 1877 1284 1931 transmittat.

979 1965 1119 2018 Intestina
1145 1965 1296 2033 dicuntur,
1323 1981 1358 2019 eo
1382 1967 1460 2036 quod
1486 1965 1620 2037 corporis
1644 1965 1778 2021 interiori

944 2058 1025 2126 parte
1041 2052 1226 2120 cohibentur,
1238 2069 1304 2122 quaa
1315 2053 1427 2107 ido-irco
1439 2054 1538 2125 longis
1550 2054 1678 2109 nexibus
1689 2070 1777 2110 coor-

943 2143 1041 2197 dinata
1063 2126 1132 2194 sunt
1154 2141 1185 2193 ιιι
1211 2140 1389 2195 circulorum
1411 2142 1544 2211 modum,
1569 2146 1600 2196 ιιι
1620 2144 1776 2213 susceptas

942 2246 1030 2285 escas
1046 2228 1176 2299 paulatin
1197 2228 1344 2300 digerant,
1368 2232 1395 2282 et
1411 2230 1610 2300 superadditis
1626 2231 1701 2285 cibis
1717 2245 1776 2285 non

943 2318 1149 2389 impediantur.

977 2406 1130 2461 Omentum
1145 2407 1192 2459 est
1206 2406 1376 2460 membrana
1391 2423 1457 2478 quae
1480 2407 1608 2462 continet
1627 2406 1777 2462 intestino·

942 2512 1007 2552 rum
1022 2495 1164 2567 majorem
1180 2499 1312 2564 partem,
1328 2495 1406 2566 quod
1418 2495 1539 2565 epitolin
1550 2494 1646 2550 Graeci
1656 2497 1773 2551 vocant.

978 2584 1149 2654 Disseptum
1170 2583 1341 2638 intestinum
1362 2584 1441 2654 quod
1462 2583 1586 2638 dicernit
1600 2586 1733 2639 ventrem
1749 2585 1778 2640 et

943 2676 1050 2728 caetera
1065 2672 1204 2727 intestina
1219 2690 1234 2726 a
1249 2671 1398 2743 pulmone,
1417 2672 1463 2727 rel
1478 2688 1494 2726 a
1510 2673 1608 2728 corde.

980 2760 1098 2816 Caecum
1113 2762 1294 2831 intestinum,
1307 2761 1386 2833 quod
1401 2763 1440 2816 sit
1450 2761 1515 2816 sine
1527 2761 1670 2818 toramine
1681 2763 1709 2818 et
1720 2759 1781 2817 exi·

943 2856 985 2921 tu,
1003 2851 1081 2922 quod
1097 2850 1193 2905 Graeci
1210 2851 1411 2905 tisonenteron
1426 2854 1542 2905 vocant.

980 2939 1132 3011 Jejunium
1148 2943 1235 2993 tenue
1251 2938 1433 3009 intestinum,
1451 2941 1527 2994 unde
1543 2943 1570 2994 et
1583 2937 1721 3011 jejunum
1737 2936 1779 2995 di·

63 3044 160 3100 aospes
174 3027 292 3081 dicitnr.
308 3026 437 3098 Sanguis
458 3029 554 3081 autem
575 3029 620 3082 est
636 3028 704 3081 dum
720 3027 750 3080 in
766 3042 889 3097 corpore
907 3030 1032 3120 coitur.

62 3120 119 3188 est,
140 3115 258 3172 effatsus
280 3131 351 3169 vero
377 3131 474 3183 cruor,
499 3132 566 3169 nam
591 3133 680 3169 eruor
701 3119 832 3185 vocatur,
854 3131 889 3170 eo
984 3117 1093 3173 l’enter
1103 3120 1200 3170 autem
1211 3119 1239 3168 et
1249 3115 1334 3170 alvus
1345 3120 1372 3169 et
1384 3119 1486 3170 uterus
1499 3116 1573 3170 inter
1584 3132 1617 3170 se
1629 3114 1776 3175 differunt.

61 3205 132 3275 quod
148 3203 267 3259 effusus
284 3206 392 3272 currat,
410 3202 503 3258 veleb
517 3220 551 3258 eo
568 3204 647 3275 quod
663 3204 809 3259 currendo
826 3219 890 3258 cor·

61 3298 126 3349 ruat.
144 3293 205 3347 Alii
216 3308 353 3347 eruorem
363 3293 593 3362 interpretantur
603 3293 717 3347 saniem
728 3297 757 3347 et
773 3293 892 3364 sangui·

62 3398 120 3436 nem
135 3385 309 3450 corruptum
325 3382 375 3451 qui
401 3381 549 3435 emittitur.
569 3382 626 3435 Alii
650 3385 747 3435 antem
767 3382 891 3453 sangui-

62 3488 121 3525 nem
132 3474 253 3538 voc-ant,
265 3471 341 3539 quod
355 3470 394 3522 sit
405 3470 517 3524 suavis.
529 3471 659 3541 Sanguis
670 3474 767 3523 autem
778 3486 836 3524 non
847 3474 893 3523 est

64 3563 174 3631 integer
184 3558 245 3612 nisi
257 3557 466 3629 injnrenibus.
480 3558 554 3611 Nam
565 3559 665 3612 dicunt
673 3559 788 3629 physici
802 3556 894 3611 minui

64 3649 239 3720 sanguinem
254 3662 307 3717 per
322 3650 434 3714 aetates,
452 3647 528 3700 unde
540 3647 568 3699 in
580 3648 704 3701 senibus
715 3650 825 3701 tremor
836 3650 891 3700 est.

65 3736 182 3807 Proprie
198 3737 297 3789 eutem
312 3735 437 3806 sanguis
455 3736 560 3789 nnirme
580 3735 737 3806 possessio
756 3739 784 3790 et
804 3736 918 3789 sedes·

65 3829 113 3892 est,
126 3825 196 3878 ideo
208 3839 303 3896 genas
319 3823 459 3877 mulieres
471 3824 600 3878 lacerare
612 3824 709 3878 solent
723 3824 753 3876 in
769 3823 849 3878 luctu
864 3827 895 3878 nt

67 3915 200 3969 manibus
210 3913 379 3984 gratificent
392 3927 397 3966 :
415 3911 481 3965 inde
493 3916 521 3965 et
531 3929 668 3982 purpurae
685 3915 785 3966 vestes
801 3916 829 3967 et
840 3914 894 3966 tlo-

67 4018 109 4056 res
124 4002 269 4073 purpurei
285 4001 410 4055 mortuis
425 4001 603 4070 praebentur.

97 4092 200 4145 Pulmo
216 4106 255 4144 ex
276 4090 380 4144 Graeco
405 4089 493 4143 trehit
515 4089 706 4157 vocabulum,
727 4089 895 4160 pulmonem

65 4181 136 4233 euim
152 4178 294 4249 pleumon
310 4177 443 4250 [πλεῠμων]
459 4180 578 4254 vocant,
600 4195 634 4232 oo
650 4178 728 4248 qnod
740 4178 837 4232 cordis
849 4179 897 4231 tla-

64 4268 171 4322 bellum
187 4267 237 4335 sit,
255 4269 284 4320 in
300 4282 358 4337 quo
374 4282 509 4337 pneuma,
527 4267 555 4319 itt
572 4270 617 4320 est
632 4268 755 4336 spiritns
771 4269 825 4335 est,
843 4281 895 4335 por

949 3205 1057 3261 Venter
1072 3208 1118 3260 est
1137 3205 1188 3276 qui
1210 3209 1348 3274 acceptos
1373 3205 1456 3258 cibos
1478 3204 1598 3276 digerit,
1616 3208 1644 3258 et
1658 3206 1780 3275 apparet

947 3293 1145 3362 extrinsecus,
1163 3292 1312 3363 tenditque
1324 3308 1340 3345 a
1352 3296 1472 3362 pectore
1484 3308 1579 3364 usque
1594 3291 1629 3346 ad
1648 3293 1778 3364 inguem,

946 3387 974 3438 et
990 3383 1096 3437 dicitur
1111 3383 1223 3451 venter,
1241 3380 1319 3451 quod
1338 3395 1391 3450 per
1410 3385 1500 3436 totum
1517 3397 1626 3451 corpus
1643 3377 1779 3437 alimenta

948 3469 1094 3526 ministrat
1109 3473 1186 3525 vitae.

983 3561 1077 3614 Alvus
1093 3563 1139 3614 est
1154 3575 1220 3630 quae
1237 3558 1335 3613 cibum
1351 3558 1464 3629 recipit,
1480 3563 1507 3612 et
1523 3575 1575 3629 per
1591 3561 1779 3614 excrementa

947 3649 1067 3720 purgari
1085 3648 1169 3702 solet.
1187 3647 1230 3701 Ex
1246 3648 1309 3716 ipsa
1330 3648 1408 3700 enim
1426 3648 1532 3700 sordes
1550 3651 1715 3702 stercorum
1731 3647 1781 3702 do-

947 3739 1049 3792 naum.
1060 3736 1235 3791 Sallustius:
1251 3758 1261 3784 a
1276 3735 1424 3789 Sirnulnns
1436 3735 1492 3789 sibi
1503 3735 1602 3789 alvum
1613 3751 1752 3807 purgare.
1768 3755 1778 3786 ι

948 3827 983 3880 Et
997 3830 1120 3880 vocetur
1134 3825 1219 3878 alvus
1235 3825 1312 3894 quod
1331 3817 1476 3878 abluatur.

984 3915 1106 3968 Uterum
1122 3914 1194 3967 solae
1209 3911 1348 3966 mulieres
1360 3911 1477 3980 habent,
1491 3912 1520 3965 in
1536 3928 1594 3982 quo
1611 3912 1781 3981 concipiunt

947 4003 984 4057 ad
1012 4001 1234 4056 similitudinem
1259 3999 1415 4067 cauliculi3
1442 4004 1539 4054 tamma
1564 4004 1701 4055 auctores
1726 4017 1780 4071 pro

948 4092 1102 4161 utriusque
1127 4104 1219 4143 sexus
1244 4093 1346 4143 ventre
1372 4089 1545 4161 plerumque
1570 4095 1700 4159 ponunt,
1726 4107 1780 4144 nco

947 4184 1041 4252 poetae
1057 4178 1266 4245 tantummodo,
1288 4178 1341 4231 sed
1365 4180 1392 4230 ot
1412 4180 1522 4232 caeteri.
1542 4179 1670 4232 Vocatur
1684 4181 1780 4234 autem

948 4273 1060 4335 uterus,
1078 4267 1155 4338 qnod
1172 4265 1343 4336 duplensit,
1361 4270 1389 4320 et
1408 4267 1444 4319 ab
1469 4271 1592 4337 utraque
1613 4268 1642 4321 in
1659 4267 1733 4322 duas
1748 4282 1782 4323 se

65 4357 136 4426 quod
154 4361 184 4410 et
199 4356 328 4427 agitatur
338 4359 366 4409 et
377 4359 520 4424 movetur,
533 4356 610 4408 unale
626 4359 653 4409 et
669 4355 823 4425 pulmones
839 4357 1050 4438 vo·1)divitat
1066 4359 1175 4426 parteS,
1192 4370 1258 4424 quae
1270 4354 1299 4407 in
1315 4355 1465 4409 diversum
1482 4355 1596 4409 dilinsae
1612 4371 1646 4409 ao
1661 4357 1781 4409 rollexae

65 4446 115 4498 rati
129 4448 211 4498 sunt.
232 4444 306 4497 Nam
321 4444 423 4498 Graece
440 4461 564 4514 pneuma
579 4443 694 4515 [autopat]
711 4444 832 4512 spiritus
848 4443 893 4496 ali-

66 4534 145 4601 citur,
163 4533 214 4603 qui
232 4533 329 4586 flando
343 4535 372 4585 et
389 4533 526 4602 agitando
542 4548 640 4585 nerem
656 4532 758 4585 emittit
774 4536 802 4585 et
817 4534 893 4586 reci-

65 4624 111 4693 pit,
127 4639 145 4675 a
160 4637 221 4693 quo
238 4623 394 4675 morentur
407 4621 562 4690 pulmones
578 4625 606 4674 ot
620 4620 769 4690 palpitant,
782 4623 810 4673 et
824 4637 895 4691 ape-

66 4712 140 4766 riunt
154 4727 190 4764 se
205 4714 239 4763 ut
254 4710 354 4763 flatum
371 4709 494 4778 rapiant,
512 4712 538 4762 et
554 4708 703 4779 stringunt
720 4713 750 4762 ut
766 4709 894 4781 ejiciunt,

67 4807 108 4854 est
122 4801 204 4855 enim
219 4803 250 4853 ut
266 4814 410 4870 organum
425 4798 570 4868 corporis.

98 4889 190 4943 Jecur
205 4901 314 4941 nomen
326 4886 414 4940 habet
424 4901 461 4941 ex
473 4902 507 4941 eo
519 4887 597 4958 qnod
608 4886 737 4940 vicinum
753 4887 833 4940 cordi
851 4887 898 4940 hn-

69 4976 129 5031 beat
144 4976 264 5044 locum,
280 4974 349 5029 inde
364 4975 442 5030 euim
461 4976 578 5030 attrahit
600 4976 776 5047 sanguinem
799 4976 847 5047 qui
868 4977 898 5030 in

70 5065 223 5120 cerebrum
241 5063 392 5133 subvolat,
416 5068 444 5118 et
459 5064 526 5119 inde
541 5065 577 5118 ad
594 5064 696 5119 oeulos
713 5068 897 5136 caeterosque

71 5169 177 5208 census
186 5157 214 5207 et
224 5152 356 5206 membra
368 5150 548 5221 diffunditur,
561 5158 590 5208 et
600 5153 697 5207 calore
709 5169 763 5208 suo
775 5170 898 5208 succum

70 5243 101 5297 ad
115 5259 148 5298 se
164 5258 204 5297 ex
224 5241 291 5295 cibo
307 5244 432 5295 tractum
451 5244 537 5296 vertit
557 5244 587 5296 in
606 5243 793 5314 sanguinem,
811 5259 898 5315 quem

70 5332 101 5386 ad
116 5347 207 5388 usum
222 5329 366 5403 pascendi
386 5331 591 5403 nutriendique
612 5332 741 5404 siugulis
758 5333 898 5389 membris

70 5422 188 5494 praebet.
202 5421 346 5492 lnjeeore
355 5421 453 5475 autem
464 5420 745 5492 consistitvoluptas
756 5423 785 5477 et
795 5436 901 5478 eoncu-

71 5510 222 5584 piscentia,
236 5509 288 5568 ire
299 5513 328 5569 et
337 5525 466 5585 amores,
479 5511 644 5571 secundum
654 5527 706 5570 eoa
718 5510 768 5590 qui
780 5512 815 5570 de
826 5511 900 5588 phy·

72 5605 139 5666 sicis
157 5605 252 5667 rebus
268 5604 428 5686 disputant.

952 4445 1209 4515 circumplicantur
1219 4444 1248 4496 in
1260 4444 1377 4497 modum
1394 4460 1485 4497 cornu
1500 4443 1625 4512 arietini,
1642 4442 1688 4496 vel
1703 4445 1782 4513 quod

951 4535 1106 4604 impleatur
1121 4533 1191 4587 loetn
1202 4533 1336 4586 interius.
1354 4532 1428 4585 Hinc
1445 4535 1471 4585 ct
1487 4536 1559 4599 uter,
1577 4531 1655 4602 quod
1671 4530 1783 4602 aliquid

951 4624 1130 4677 intrinsecus
1146 4622 1243 4690 hebet,
1262 4625 1292 4675 ut
1307 4620 1436 4674 membra
1453 4622 1480 4672 et
1496 4620 1622 4674 viscera.

985 4711 1178 4783 Aqualioulus
1195 4710 1313 4781 proprie
1328 4709 1410 4781 porci
1431 4712 1489 4777 est,
1512 4708 1580 4762 binc
1597 4708 1633 4761 ad
1650 4710 1783 4764 ventrem

949 4800 1112 4855 translatio.

984 4889 1090 4942 llutrix
1106 4888 1212 4942 dicitur
1228 4886 1305 4956 quod
1323 4885 1399 4940 tetus
1420 4889 1447 4939 ot
1464 4886 1577 4940 embrio
1593 4886 1623 4939 in
1638 4902 1672 4940 ea
1689 4902 1781 4958 genc-

950 4980 1060 5032 rentur.
1077 4977 1184 5030 Semen
1199 4975 1276 5029 enim
1295 4977 1446 5044 receptum
1467 4974 1614 5043 confovet,
1631 4975 1782 5031 confotum

951 5070 1096 5136 corporat,
1114 5067 1301 5133 corporatum
1316 5063 1345 5117 in
1361 5063 1492 5117 membra
1508 5063 1673 5136 distinguit.

987 5155 1080 5209 Vulva
1095 5156 1198 5207 vocata
1214 5152 1299 5223 quasi
1321 5151 1421 5221 valva,
1445 5153 1473 5206 id
1494 5155 1539 5206 est
1549 5152 1643 5225 janua
1658 5153 1783 5225 ventris,

949 5244 997 5300 vel
1020 5243 1098 5315 quod
1123 5256 1224 5296 semen
1248 5241 1388 5312 recipiat,
1413 5242 1460 5296 vel
1484 5241 1563 5313 quod
1586 5257 1624 5296 ex
1647 5257 1682 5297 ea
1704 5241 1782 5299 letus

951 5333 1100 5406 procedat.

987 5420 1094 5477 Vesica
1110 5420 1196 5489 dicta,
1214 5419 1292 5492 quod
1309 5420 1335 5475 si
1346 5436 1399 5474 vas
1410 5436 1505 5492 aquae.
1518 5419 1586 5491 lpse
1596 5420 1675 5476 enim
1685 5419 1721 5475 de
1733 5435 1783 5476 re-

951 5511 1039 5569 nibus
1052 5511 1136 5567 urina
1147 5510 1270 5566 collecta
1281 5509 1452 5582 cempletur,
1464 5513 1493 5565 et
1504 5509 1627 5566 humore
1638 5505 1783 5565 distendi·

951 5603 1008 5676 tur,
1025 5599 1113 5680 cujus
1128 5615 1203 5661 usus
1218 5599 1249 5659 ia
1262 5588 1436 5660 actuaribaia
1453 5613 1512 5660 non
1527 5597 1662 5658 habetur.
