3816 6030
1896 206 1906 266 l

1831 319 1867 423 121Ι
1900 372 1905 379 .

168 322 249 389 1215
567 318 788 385 APPENDIX
807 317 865 384 AD
887 313 1079 382 HUGONIS
1100 313 1246 379 OPERA
1266 315 1467 407 Mtsauclt.

168 525 247 582 tanta
263 523 417 581 dulcedine
428 522 548 596 plenum
563 523 619 578 cst.
631 519 668 576 Et
679 519 730 593 qui
745 519 775 575 id
784 519 843 575 sibi
853 534 912 577 non
923 497 1046 574 auditA
1062 517 1161 574 carnis
1181 518 1382 589 corruptibilis
1400 519 1609 575 indumentum
1626 520 1732 574 morte
1758 517 1869 591 depone,
1907 500 1908 504 ¹

169 613 229 669 sibi
240 628 298 668 non
314 611 419 684 diligit.
437 611 546 666 Multos
562 611 640 666 enim
655 611 691 664 ad
706 625 740 665 so
757 608 913 678 convertit,
927 622 1003 679 quos
1062 622 1128 678 quae
1140 607 1280 663 etvivens
1297 609 1385 663 sciris
1402 609 1870 679 carniscorruptionemnonami
1907 604 1908 609 ’

169 716 229 757 non
244 698 333 757 trahit
346 703 469 771 postse,
482 701 573 771 etqui
586 716 689 756 omncs
703 699 740 753 ad
758 697 926 753 habendum
937 695 1005 751 dili·
1060 712 1105 752 se.
1119 696 1199 751 Nihil
1209 697 1339 767 trepides
1354 698 1402 752 vcl
1414 713 1614 769 expavescas,
1635 698 1754 752 evadis
1770 698 1869 767 exsiln
1887 736 1890 749 .

167 793 250 863 gunt,
263 805 322 845 non
333 805 440 844 omnes
452 789 618 861 diliguntod
627 787 822 859 sequendum.
834 785 945 841 Dilecta
956 801 1005 840 au·
1060 786 1096 839 de
1105 802 1237 840 aerumna
1248 786 1396 841 liberaris.
1410 787 1476 842 Non
1488 791 1576 842 erunt
1588 787 1673 842 ultra
1685 786 1814 842 doloret
1823 790 1870 859 grai

167 881 225 934 tem
245 882 368 934 vocetur
379 878 527 946 utveniat,
549 879 688 949 quoniam
699 878 748 949 qui
764 892 823 930 non
838 875 929 945 veuit,
945 890 1005 929 non
1059 875 1332 946 tus,quoniamhaec
1340 877 1437 946 priora
1447 876 1646 931 transierunt.
1656 876 1868 931 damcnimlicn

166 969 312 1041 pervenit.
337 967 373 1023 Et
387 968 454 1023 ideo
470 970 607 1022 narratur
626 970 658 1022 ut
679 966 787 1034 audiat,
813 965 953 1020 invitatur
975 965 1006 1018 ut
1062 964 1195 1032 transiit,
1208 964 1388 1019 irnberabiit
1396 971 1424 1020 et
1432 966 1571 1020 recessit.
1588 966 1755 1035 Deinceps
1767 980 1865 1035 ergoca-

167 1057 276 1127 veniat,
294 1059 322 1112 et
337 1056 461 1112 veniens
471 1056 624 1127 perveniat
635 1056 663 1110 et
673 1054 882 1125 apprehendat.
891 1053 1003 1119 Hiems,
1060 1069 1127 1123 pus,
1138 1054 1217 1124 quod
1227 1055 1432 1124 corrumpiter,
1441 1070 1499 1110 non
1507 1055 1697 1127 aggravabit
1705 1055 1866 1111 animemus

165 1142 512 1218 inquit,trausiit;imber
520 1142 886 1200 abiitetreoessit.llocde
894 1141 1000 1197 exsilio
1061 1144 1178 1197 terrena
1189 1141 1362 1198 inhabitatio
1376 1159 1499 1198 sonsum
1509 1144 1663 1215 deprimet
1670 1143 1771 1198 mulla
1780 1145 1865 1216 cogit*

168 1238 226 1290 est.
236 1232 845 1305 Depatriaauteszlorcsapparuoruutin
854 1237 1008 1286 terrenos·
1059 1234 1118 1286 tem
1129 1231 1209 1302 (Sap.
1222 1235 1274 1301 rx).
1288 1231 1359 1286 Hoec
1369 1235 1415 1287 est
1434 1234 1512 1287 anim
1523 1233 1636 1303 hiems,
1649 1234 1867 1305 quaetransita

167 1328 225 1394 tra,
237 1324 333 1380 vineae
348 1323 494 1378 dotantes
506 1323 626 1378 odorem
638 1321 797 1386 dederunt,
810 1336 867 1376 vox
878 1321 1006 1375 turturis
1057 1319 1110 1392 jus
1118 1323 1221 1391 torpor
1238 1321 1340 1392 gravis
1359 1320 1474 1393 etgelu,
1486 1322 1571 1376 triste
1582 1325 1695 1376 austra
1707 1322 1869 1394 spireutein
1894 1386 1898 1391 Ι

166 1412 267 1468 audita
277 1418 324 1467 est
333 1412 456 1466 interra
466 1417 578 1466 nostra.
595 1410 725 1466 Oanima
734 1410 853 1479 misera,
866 1425 933 1480 quae
944 1409 1002 1464 hoc
1059 1410 1195 1480 solvitur,
1207 1400 1341 1482 etcaligo
1352 1410 1521 1480 tenebrosa,
1532 1414 1599 1466 orto
1613 1411 1682 1466 sole
1696 1410 1872 1482 justified
1894 1440 1899 1471 ε

167 1500 280 1572 diligis,
293 1502 321 1555 ct
330 1500 386 1555 hoc
395 1497 775 1572 nondiligileuaecunque
786 1514 830 1568 es,
841 1498 951 1553 misera
960 1513 1004 1568 es,
1060 1499 1183 1570 sipatur.
1196 1499 1262 1554 lam
1279 1515 1352 1572 ergo
1364 1500 1460 1555 hiems
1471 1500 1601 1570 transiit,
1620 1501 1726 1556 imber
1736 1501 1807 1556 abiit
1822 1504 1872 1555 ctrr·
1895 1512 1901 1575 ξ

169 1605 236 1662 quae
252 1588 309 1643 hoc
320 1587 421 1661 diligis
433 1588 512 1660 quod
522 1591 581 1642 tam
592 1588 767 1660 fugiendum
782 1590 838 1658 est,
851 1587 930 1658 quod
940 1589 967 1641 et
978 1586 1004 1641 si
1061 1588 1163 1643 cessit.
1176 1589 1336 1659 Propterea
1348 1590 1436 1657 onim,
1449 1589 1517 1660 quia
1525 1589 1650 1644 transiit
1660 1590 1778 1660 biems,
1786 1591 1875 1645 ideoin
1897 1580 1903 1655 ἰ

168 1692 228 1733 non
239 1676 384 1749 fugiatur,
405 1678 504 1748 ipsum
518 1680 616 1732 tamen
631 1692 858 1748 permansurum
873 1677 1002 1731 nonest.
1059 1675 1115 1731 ber
1128 1676 1235 1731 abiitct
1248 1677 1384 1732 recessit.
1405 1678 1480 1731 Nam
1497 1682 1565 1749 post
1582 1679 1692 1733 carnis
1710 1679 1874 1751 ergastulun,
1897 1658 1903 1681 ¹

168 1765 199 1821 Si
214 1781 285 1821 vero
307 1766 363 1820 hoc
380 1782 439 1822 non
459 1765 559 1838 diligis
577 1767 654 1838 quod
669 1769 729 1820 tam
744 1764 926 1838 diligendum
941 1767 1002 1835 est,
1020 1765 1160 1868 13mundi
1179 1765 1282 1820 erudis
1293 1766 1441 1835 exsilium,
1454 1783 1508 1822 neo
1526 1767 1604 1821 mala
1614 1767 1814 1823 adversitatis
1828 1767 1877 1823 utta

166 1854 272 1910 vivens
286 1854 315 1909 in
329 1855 492 1927 temetipsa,
503 1857 617 1911 mortua
631 1871 675 1926 es,
688 1856 827 1927 quianon
837 1855 909 1908 vivit
921 1854 952 1908 in
962 1857 1000 1925 tc,
1058 1852 1122 1926 jam
1132 1854 1249 1925 metuis,
1262 1872 1329 1927 quae
1339 1855 1405 1928 lege
1421 1856 1609 1911 mortalitatis
1619 1856 1725 1911 soluta
1738 1857 1879 1911 carniaco
1900 1826 1905 1883 Ι

166 1943 233 1999 sinc
251 1947 354 2016 quotu
365 1946 466 2000 vivere
477 1961 536 2000 non
546 1945 641 2017 polee.
659 1945 738 2016 Ergo
755 1944 851 1999 lriems
867 1943 999 2012 transiit,
1061 1943 1196 2014 ruptione
1216 1960 1275 1999 uon
1293 1945 1415 1999 teneris.
1439 1944 1519 2017 Ergo
1539 1945 1640 2000 hiems
1656 1947 1796 2016 transiit,
1812 1946 1881 2000 inibe
1906 1949 1908 1968 ¹

166 2031 266 2088 imber
277 2032 353 2087 abiit
364 2039 392 2088 ct
402 2035 541 2089 recessit.
555 2033 662 2089 Floras
670 2033 910 2105 apparueruutin
919 2039 1001 2087 terra
1061 2032 1133 2087 abiit
1148 2034 1320 2089 etreccssit.
1340 2034 1405 2089 Nisi
1418 2034 1448 2089 in
1463 2037 1490 2089 te
1505 2033 1618 2089 luisset
1636 2036 1817 2105 mortalitas,
1831 2034 1882 2090 ull

166 2122 382 2184 nostravineae
391 2122 535 2178 tlorontes
545 2123 828 2179 oderemdederunt.
838 2122 1001 2177 Vorturtu-
1062 2125 1164 2176 contra
1175 2123 1356 2178 tevaluissct
1365 2124 1542 2190 adversitas,
1556 2127 1586 2178 et
1598 2124 1720 2180 idcirco
1730 2141 1797 2179 cum
1811 2128 1882 2178 morte

164 2209 321 2267 risendita
328 2212 410 2266 estin
420 2218 511 2267 terra.
521 2213 752 2283 Notasunt,quae
760 2212 938 2281 reseruntur,
947 2209 1001 2264 sed
1062 2211 1161 2265 carnis
1171 2212 1357 2266 mortalitatis
1370 2213 1591 2283 corruptionem
1602 2213 1709 2284 exuis,
1722 2217 1813 2268 totum
1821 2214 1883 2268 dein·

165 2302 364 2376 propterquod
380 2302 558 2373 referuntur,
573 2306 641 2357 nota
660 2319 718 2356 non
737 2298 815 2356 sunt.
834 2298 1001 2356 Rerumvi·
1062 2315 1133 2370 ceps
1157 2302 1308 2370 mundum,
1329 2304 1357 2356 et
1377 2302 1479 2356 mundi
1492 2301 1567 2356 maia
1583 2292 1785 2357 adversantia
1799 2318 1881 2357 secun

166 2391 431 2462 sibiliumspecies,
440 2407 515 2464 quas
526 2407 637 2447 sensus
648 2391 777 2447 hominis
786 2390 877 2459 novit,
890 2390 998 2460 etipsae
1062 2391 1238 2461 contemnis.
1251 2390 1287 2445 Et
1297 2390 1362 2446 ideo
1372 2391 1441 2461 quia
1454 2391 1550 2445 hiems
1560 2392 1704 2458 transiit,
1722 2392 1880 2447 imbcrrtiit

163 2478 307 2552 jucundae
322 2484 401 2551 suut,
414 2483 443 2536 et
457 2496 565 2536 suaves
578 2481 762 2547 hominibus3
779 2480 852 2549 ipsae
863 2479 899 2532 ad
915 2478 1000 2533 simi-
1061 2483 1090 2532 et
1100 2480 1239 2534 recessit.
1251 2478 1721 2551 (lamjemenimhiemstransiit,
1733 2480 1881 2536 imberabil

165 2568 320 2625 litudinem
337 2573 550 2641 proponuntur,
560 2572 592 2623 ut
602 2585 639 2624 ex
649 2569 694 2624 eis
706 2569 816 2640 cogitet
829 2568 917 2623 homo
933 2583 1000 2639 quae
1061 2569 1089 2621 et
1100 2568 1247 2639 recessit).

166 2671 227 2713 non
241 2658 333 2725 novit,
350 2658 505 2713 etomnia:
527 2673 594 2728 quae
605 2657 635 2712 in
655 2656 845 2713 similitudine
866 2659 997 2727 currunt,
1084 2654 1407 2730 Floresopparuercnt,
1418 2659 1618 2714 vinercautem
1625 2657 1881 2714 doreutcsodorca

165 2744 264 2800 biems
280 2745 411 2810 transiit,
428 2744 527 2801 imber
541 2745 625 2811 adiit,
645 2751 674 2800 et
689 2745 829 2801 recessit.
1060 2744 1252 2814 dederunt,et
1265 2762 1322 2802 vox
1333 2748 1462 2802 turturis
1475 2747 1576 2802 audita
1591 2753 1638 2802 est
1653 2749 1689 2801 in
1702 2755 1791 2804 terra
1802 2760 1882 2803 norm

185 2832 997 2906 En,anima,egequodvis3sirodiligis,sivenondiligis,
1058 2832 1884 2908 Quidvultdicere,Floresepparucruutinterrenostrd

165 2921 294 2978 muudus
308 2922 422 2992 transit,
442 2926 470 2978 et
486 2924 726 2993 concupiscentia
741 2923 818 2995 ejus.
831 2924 999 2978 Transeunt
1058 2921 1113 2988 Qui
1128 2926 1196 2978 sunt
1213 2924 1302 2979 dores
1322 2925 1381 2994 isti,
1394 2928 1499 2996 atquae
1510 2928 1580 2980 suut
1591 2926 1715 2981 vineae?
1736 2930 1766 2981 et
1777 2943 1833 2981 vox
1843 2930 1884 2980 tur

167 3011 265 3067 omnia
275 3012 551 3083 quaetemporaliter
562 3012 752 3085 diligis:anto
764 3016 792 3066 te
805 3013 910 3067 transit
919 3011 999 3084 quod
1058 3012 1144 3081 turis,
1157 3029 1224 3084 quae
1235 3015 1300 3069 est‘?
1310 3016 1338 3068 et
1348 3017 1426 3068 terra
1436 3013 1513 3085 ejus,
1526 3014 1577 3068 ubi
1589 3016 1660 3069 cst?
1680 3015 1729 3069 Ne
1742 3016 1817 3070 torte
1829 3029 1884 3068 con·

169 3099 281 3173 diligis,
294 3101 457 3156 novissime
478 3102 588 3158 transis
606 3117 723 3173 quoque
735 3104 766 3156 tu
783 3116 817 3155 ac
834 3101 999 3173 pertransis
1019 3128 1044 3194 0
1058 3101 1153 3172 tingat
1163 3102 1250 3157 nobis
1268 3103 1345 3157 sicut
1361 3103 1484 3172 ludreiS,
1503 3103 1552 3174 qui
1571 3102 1721 3158 dixerunt
1735 3120 1742 3160 ε
1755 3104 1884 3159 Hancne

168 3189 233 3261 ipsa
253 3205 319 3261 quae
336 3190 447 3263 diligis.
466 3190 526 3246 Cur
539 3206 612 3262 ergo
635 3190 774 3262 diligatur
790 3190 869 3261 quod
883 3189 998 3258 transit,
1058 3189 1410 3260 scimusundesitplcan.
1427 3193 1479 3259 rx).
1498 3191 1573 3245 Nam
1594 3192 1621 3246 si
1632 3192 1756 3247 scimus
1774 3190 1886 3247 undeet

168 3279 247 3351 quod
259 3278 442 3351 diligendum
451 3294 510 3334 non
520 3283 592 3346 erat,
604 3279 720 3334 etiamsi
728 3279 929 3334 transitorium
941 3293 1000 3332 non
1058 3279 1196 3333 novimus
1206 3281 1314 3334 terram
1326 3279 1403 3350 ejus,
1417 3284 1445 3335 et
1456 3280 1568 3334 scimus
1585 3280 1637 3352 qui
1655 3286 1730 3336 sunt
1744 3283 1832 3338 tlorcs
1848 3277 1884 3333 isti

169 3368 247 3422 erat?
261 3367 336 3421 Num
351 3384 417 3422 cum
429 3371 520 3423 steret
540 3369 650 3437 nocuit,
663 3383 729 3422 cum
746 3368 939 3439 pertransiret
952 3367 1002 3421 de·
1057 3371 1086 3423 et
1101 3384 1167 3439 quae
1179 3369 1361 3439 suutrincac,
1373 3372 1401 3424 et
1411 3368 1508 3440 qualis
1519 3370 1559 3424 sit
1570 3369 1665 3425 ordor
1678 3373 1833 3426 vinearum
1843 3369 1884 3423 do·

170 3456 256 3526 oepit.
268 3454 401 3510 lnaltero
412 3456 550 3525 crudele,
570 3457 600 3510 in
612 3456 706 3511 altcrc
723 3457 822 3511 fallax.
835 3457 911 3511 Audi
929 3471 1002 3527 ergo
1056 3457 1193 3511 rentium.
1204 3458 1360 3512 Postremo
1369 3460 1397 3512 et
1407 3460 1551 3512 turturem
1559 3457 1723 3529 novimus,
1747 3464 1778 3515 et
1800 3472 1883 3513 vocet

168 3542 269 3614 potius
290 3543 367 3598 unde
382 3544 525 3616 gaudeas,
541 3545 610 3615 quia
635 3545 731 3599 hiems
753 3545 879 3613 transiit,
906 3545 1002 3599 imber
1056 3544 1124 3616 ejus
1136 3545 1232 3616 qualis
1251 3547 1300 3600 sit.
1312 3546 1415 3603 Omnia
1428 3546 1552 3616 scimus,
1568 3548 1596 3602 si
1615 3549 1738 3604 scimus
1754 3549 1832 3604 unde
1844 3548 1880 3601 sit

166 3631 238 3688 abiit
248 3632 422 3688 etrecessit.
443 3631 573 3698 Quidcst
590 3630 701 3689 hiemet
716 3634 820 3690 Nonne
843 3635 903 3688 vita
918 3648 1000 3688 mor·
1056 3635 1092 3689 Et
1101 3634 1211 3689 utinam
1221 3650 1281 3690 non
1295 3635 1607 3691 auditusolosciamus
1619 3637 1703 3693 unde
1715 3639 1766 3708 sit,
1779 3653 1816 3693 no
1826 3638 1882 3692 torto

164 3720 233 3778 talis
243 3721 339 3777 hiems
350 3724 405 3791 est,
416 3722 1002 3795 quamcorruptionissuaetorporastrin·
1055 3722 1163 3777 tenram
1181 3725 1292 3778 tantum
1303 3724 1495 3794 audierimus,
1515 3727 1544 3780 et
1559 3740 1619 3780 non
1635 3727 1777 3782 sciamus
1792 3727 1883 3782 verite·

166 3810 221 3886 git,
236 3813 265 3866 et
284 3810 461 3883 ignorantiae
482 3810 587 3885 caligo·=
598 3810 770 3867 obnubilat?
791 3812 837 3866 Ad
852 3811 999 3884 agendum
1053 3814 1122 3867 tem.
1147 3812 1210 3867 Hoc
1231 3813 1307 3867 onim
1328 3829 1432 3883 parum
1449 3816 1497 3868 est
1515 3813 1624 3869 famam
1643 3817 1773 3872 audisse
1795 3817 1830 3871 de
1847 3814 1881 3869 ilr

165 3899 243 3956 enim
254 3899 365 3956 bonum
381 3899 467 3972 pigra
478 3902 533 3969 est,
554 3903 582 3955 at
597 3901 634 3955 ad
645 3900 868 3971 perpiciendum
886 3899 997 3956 nubila.
1055 3901 1119 3956 Hoc
1129 3901 1254 3971 perditio
1265 3903 1358 3972 potuit
1376 3906 1506 3972 etmors,
1518 3905 1547 3957 et
1564 3901 1601 3958 de
1613 3903 1675 3959 hoc
1687 3905 1756 3960 solo
1772 3905 1882 3977 glorian·

165 3987 202 4043 Et
212 3987 264 4043 ubi
274 3991 321 4044 est
331 3988 441 4044 imber?
448 3988 599 4061 Namgelu
611 3989 735 4045 interius
744 3990 893 4063 astringit,
904 3989 1001 4044 imber
1053 3993 1112 4045 tur.
1124 3989 1192 4045 Non
1202 3990 1279 4046 enim
1290 3990 1366 4046 ultra
1377 3993 1421 4046 eis
1439 3991 1621 4047 conceditur.
1640 3992 1728 4067 Ergo
1739 3993 1883 4065 oportetut

166 4076 356 4131 extrinsecus
365 4076 483 4132 irruens
494 4076 642 4132 dissolvit.
655 4078 736 4151 Ergo
745 4079 840 4134 imber
852 4080 936 4135 estin
950 4079 999 4149 iis,
1054 4095 1112 4134 non
1124 4079 1220 4134 solum
1231 4079 1317 4148 tama,
1331 4080 1573 4151 sedexperieutia
1584 4081 1620 4136 de
1630 4081 1686 4141 illo
1705 4099 1764 4138 nos
1783 4084 1881 4148 doceat,

167 4178 234 4236 quae
248 4166 357 4235 praeter
374 4163 536 4236 ingenitam
553 4167 777 4236 occupationem
792 4168 923 4238 quotidie
938 4183 1001 4222 mo·
1054 4171 1085 4224 ut
1096 4172 1262 4241 gustemus.
1275 4172 1303 4224 et
1313 4170 1467 4224 videamus
1478 4169 1739 4242 quoniamsuavis
1749 4177 1796 4227 est
1806 4170 1882 4227 lloni·

164 4251 241 4308 lesta
251 4253 403 4325 ingruunt,
417 4253 526 4324 quibus
547 4253 621 4309 toris
636 4255 694 4310 vita
708 4257 842 4311 mortalis
853 4257 997 4325 atteritur,
1054 4272 1122 4326 nus,
1133 4261 1161 4312 et
1172 4258 1271 4312 unctio
1289 4256 1356 4329 ejus
1367 4258 1476 4313 doceat
1486 4274 1542 4313 nos
1556 4258 1594 4314 de
1605 4261 1764 4316 omnibus.
1781 4261 1813 4316 Si
1827 4272 1881 4332 crgo

164 4357 232 4398 oum
242 4341 306 4397 dira
323 4343 405 4398 intus
417 4342 604 4398 mortalitatis
621 4346 802 4400 necessitate
817 4346 937 4401 astricta
952 4349 998 4401 te·
1055 4347 1155 4400 unctio
1171 4345 1238 4417 ejus
1259 4347 1289 4401 in
1304 4347 1392 4402 nobis
1408 4350 1464 4418 eet,
1482 4348 1596 4402 scimus
1613 4363 1687 4403 eum
1702 4351 1785 4405 unde
1800 4348 1881 4418 estet

164 4434 279 4487 nentur.
289 4430 393 4487 Hiems
409 4447 482 4504 ergo
493 4432 619 4500 transiit,
627 4432 722 4488 imber
737 4435 818 4504 abiit,
826 4435 997 4490 etrccassit.
1012 4447 1039 4510 Ι)
1056 4436 1169 4489 scimus
1186 4439 1294 4489 terram
1314 4435 1396 4507 eius,
1413 4439 1442 4491 et
1456 4452 1534 4491 nunc
1549 4437 1722 4508 poterimus
1739 4440 1880 4510 prudente

109 4575 113 4581 ,
165 4518 266 4576 Olelix
276 4520 326 4575 illa
336 4520 441 4588 anima,
452 4537 519 4592 qaae
528 4521 629 4576 audire
638 4521 740 4578 habet:
750 4523 847 4578 lricms
860 4524 1000 4578 transiit!

165 4608 242 4666 Nam
252 4608 348 4666 hiems
360 4623 479 4680 semper
488 4609 607 4681 quidem
618 4611 734 4681 transit,
751 4612 804 4666 sed
821 4628 879 4667 non
895 4628 999 4668 omnes

165 4697 250 4773 digni
273 4700 343 4753 sunt
366 4697 423 4754 boe
439 4697 551 4768 audire,
577 4700 636 4755 nisi
652 4700 761 4771 quibus
783 4701 890 4755 transit
901 4702 1002 4772 prius·

167 4789 408 4859 quamtranseat,
420 4786 450 4841 id
468 4789 541 4843 esta
557 4787 666 4859 quibus
678 4790 883 4859 contemnitur,
900 4790 1000 4860 prius-

167 4889 255 4947 quam
270 4879 436 4947 superetur.
455 4877 524 4932 lstis
548 4878 626 4933 enim
649 4878 745 4934 hiems
768 4879 870 4952 gravis
895 4883 955 4948 est,
972 4882 1002 4935 et

168 4964 259 5018 aestas
275 4964 304 5019 in
316 4964 475 5020 desiderio.
497 4965 631 5039 lstiergo
646 4971 798 5022 merentur
812 4968 870 5022 soli
886 4969 999 5039 audire,

167 5050 265 5137 trieres
276 5053 407 5122 transiit,
419 5054 490 5117 utin
508 5054 575 5127 ejus
584 5056 720 5124 transitu,
738 5057 940 5112 consolatione
956 5073 1002 5112 ae-

168 5141 263 5212 cepta,
286 5141 443 5212 gaudeant,
464 5144 532 5214 quia
552 5145 590 5200 in
607 5144 674 5216 ejus
697 5147 775 5200 statu
794 5145 878 5215 prius
898 5144 1000 5201 aillicti

168 5228 368 5300 suspirabant.
385 5229 408 5285 Ο
425 5231 496 5287 felix
513 5232 596 5302 hora,
620 5236 648 5288 et
671 5236 787 5303 tempus
803 5251 864 5304 prae
884 5235 999 5306 cunctis

166 5316 377 5374 desiderabilet
389 5321 507 5391 quaudo
515 5321 564 5375 illo
576 5337 710 5392 sponsus
722 5323 854 5378 coelestis
864 5323 1000 5378 dilectam

165 5421 251 5462 suam
260 5410 329 5479 post
344 5407 434 5482 longa
453 5408 602 5464 desideria
612 5411 648 5466 de
660 5412 761 5467 muudi
777 5427 897 5468 carcere
910 5427 999 5484 egre-

166 5495 295 5552 dientem
305 5496 412 5552 obvius
432 5497 550 5567 excipit,
564 5498 709 5554 etblenda
728 5500 846 5555 charam
864 5501 1000 5556 consola-

163 5583 243 5639 tione
254 5585 291 5639 ad
301 5600 335 5640 se
350 5585 463 5657 invitat,
474 5586 577 5641 dicens
588 5602 594 5641 :
607 5587 757 5660 Egredere
775 5605 842 5644 eum
856 5589 999 5663 iucundi-

164 5673 235 5746 tate,
255 5672 348 5729 electa
370 5673 448 5730 inter
470 5673 558 5747 filias,
581 5691 638 5733 nec
658 5675 713 5732 tibi
735 5677 842 5735 durum
864 5679 1001 5738 videatur

1057 4524 1233 4579 solutionem
1244 4524 1368 4580 reddere
1384 4525 1420 4580 de
1434 4525 1568 4593 tloribus,
1586 4528 1615 4580 et
1635 4526 1675 4581 de
1687 4528 1786 4584 odoro
1799 4530 1879 4585 vinea

1056 4628 1131 4682 rum,
1144 4613 1436 4669 etdevoceturturis.
1454 4614 1880 4683 damarimlriemstransiit,tt

1055 4701 1235 4757 imberabiit
1248 4706 1277 4757 et
1288 4703 1429 4757 recessit.
1442 4702 1549 4759 Flores
1560 4713 1786 4777 apparuerunt,
1800 4709 1881 4762 idue

1054 4791 1200 4847 dorentes
1208 4791 1490 4858 odoremdederunt,
1500 4799 1529 4847 et
1539 4797 1752 4865 voxtcrturis,
1760 4795 1880 4853 ruditati

1055 4883 1140 4936 terra
1150 4887 1261 4935 nostra.
1272 4882 1344 4936 Post
1353 4880 1520 4938 tristialaete
1531 4882 1713 4938 succedunt.
1722 4884 1787 4941 Ubi
1799 4882 1880 4942 tremi

1055 4968 1133 5041 quod
1145 4969 1246 5040 doluit,
1257 4970 1391 5026 succedit
1401 4971 1479 5042 quod
1490 4971 1624 5041 delectat,
1638 4972 1738 5029 llores
1754 4988 1881 5048 apparot»

1054 5059 1123 5113 runt
1139 5058 1170 5113 in
1191 5060 1269 5113 terra
1284 5061 1396 5114 nostra.
1422 5058 1530 5132 Magna
1548 5075 1640 5115 causa
1657 5063 1753 5119 nobis
1771 5062 1881 5119 immet

1054 5145 1136 5218 loqui
1151 5146 1187 5202 de
1204 5147 1329 5203 floribus
1344 5151 1372 5202 et
1386 5148 1422 5202 de
1442 5148 1550 5218 vincis,
1568 5150 1597 5203 et
1610 5136 1746 5207 de'voce
1762 5153 1878 5208 turturis

1054 5234 1129 5290 Nam
1144 5235 1180 5291 dc
1196 5235 1302 5305 hieme,
1328 5239 1356 5290 et
1372 5236 1528 5307 imbribus,
1554 5239 1583 5292 et
1606 5239 1880 5310 tempestatibus,cl

1055 5324 1152 5379 ventis
1169 5325 1260 5379 multa
1278 5325 1415 5380 novimus
1426 5329 1455 5381 et
1470 5325 1543 5381 sotis
1560 5326 1721 5384 evidenter
1737 5330 1828 5399 dicta,
1842 5340 1878 5384 net

1055 5428 1131 5484 opus
1143 5415 1199 5483 est,
1212 5416 1242 5468 ut
1257 5413 1344 5469 modo
1355 5414 1490 5469 dicantur
1506 5414 1601 5484 plura,
1611 5418 1760 5487 quoniam
1779 5421 1809 5474 in
1819 5432 1879 5490 pre·

1055 5501 1131 5556 senti
1146 5503 1220 5557 satis
1241 5502 1411 5558 dictasunt.
1429 5503 1537 5559 Tamen
1553 5503 1675 5560 iuterim
1697 5512 1841 5578 quantum
1852 5501 1878 5559 ad

1055 5594 1225 5647 contextum
1244 5593 1346 5647 attinet
1363 5592 1509 5662 lectionis,
1526 5592 1667 5648 videntur
1682 5594 1752 5652 haec
1767 5598 1840 5653 dicta
1852 5590 1878 5647 d

1055 5680 1878 5760 superiorareterri,utbocquoddicitdoroaapparuerant
