3796 6022
56 212 227 336 ³18-

665 274 721 340 DE
742 274 888 340 VERBO
909 274 1167 343 laetabare.

1726 282 1788 351 314

59 472 145 528 robis
164 474 260 544 (dean.
276 474 349 547 vm).
371 475 404 530 ln
422 476 572 548 principio
592 492 696 533 uerum
715 477 808 533 Deum
828 493 897 534 esse
912 460 941 522 Α
955 480 1091 550 quamvis
1105 480 1143 535 sit
1156 480 1186 536 in
1201 498 1245 552 oa,
1258 482 1326 554 quia
1340 482 1417 539 sieut
1430 487 1653 556 eaeteraepartes
1665 485 1791 543 animate

56 562 206 634 intellige3
218 564 248 619 in
258 581 294 620 oo
303 565 382 637 quod
393 565 464 620 dicit
473 567 522 639 qai
532 573 562 621 ει
573 566 675 639 qurror
688 567 781 637 vobis,
794 583 898 622 vorum

57 652 586 726 hominemagnosce.Dieitpropheta
599 672 604 711 :
618 656 691 710 Post
704 657 803 711 triecio
815 661 897 711 terra

59 742 144 795 risus
161 746 208 797 est
224 749 254 797 et
270 745 351 798 iuter
369 745 504 799 borsines
525 751 720 801 conversatas
743 750 789 800 est
815 746 898 800 borno

55 828 898 906 [Vulg.onrit.horrroltllaruclmu):quiscognoscetillum‘t

56 918 212 985 Quomodo
225 936 297 992 ergo
311 922 403 977 audes
415 936 525 995 negare
538 925 636 994 ipsum
647 940 716 979 esse
727 940 831 979 verum
841 924 897 979 ho-

57 1007 168 1062 minem
182 1008 230 1063 vel
246 1009 274 1064 id
284 1011 363 1082 quod
374 1015 420 1066 est
433 1012 542 1066 homo?
558 1029 624 1067 cum
635 1013 763 1084 Spiritus
775 1017 896 1068 sanctus

56 1097 525 1168 perprophetnmasseratverum
536 1101 897 1173 hominemsupertermm

56 1186 157 1241 visum
172 1192 201 1242 et
215 1187 290 1244 inter
306 1190 381 1244 alios
396 1191 531 1246 homines
548 1195 756 1247 conversatum
773 1209 778 1246 :
796 1190 898 1246 Humi-

56 1274 168 1330 liabam
184 1279 216 1332 r'n
224 1278 342 1351 jejunio
357 1296 483 1335 anrrrmm
498 1296 604 1346 meam,
623 1286 652 1335 ct
667 1282 762 1335 oratio
781 1297 844 1335 mea
866 1281 897 1335 ιἰι

54 1365 124 1420 sinu
137 1383 203 1421 mco
217 1376 412 1423 concertetur
422 1369 516 1441 (Psal.
533 1370 645 1442 xxxiv).
663 1369 817 1443 Cujus-est
831 1370 896 1425 brec

55 1456 136 1510 vox?
160 1455 296 1511 Hominis
316 1459 470 1529 assumpti,
495 1459 544 1531 qui
567 1463 631 1515 orat
653 1476 711 1515 non
726 1459 826 1530 alium,
843 1460 896 1514 sed

55 1543 115 1598 sibi
131 1546 329 1614 personaliter
344 1549 466 1618 unitum,
484 1554 515 1605 ut
529 1550 599 1604 dicit
614 1551 775 1621 expositor.

91 1631 216 1689 Constat
232 1634 322 1707 igitar
336 1639 415 1708 quod
429 1654 557 1710 persona
573 1655 632 1695 non
643 1642 688 1694 est
698 1640 776 1694 unita
791 1654 896 1710 perso-

955 572 1010 623 est.
1033 569 1109 624 Nota
1129 571 1207 642 quod
1228 572 1315 629 homo
1338 577 1382 627 est
1406 591 1515 646 corpus
1536 575 1650 631 habens
1664 577 1792 633 animam

953 658 1135 726 rationalem,
1151 661 1198 713 vol
1214 661 1310 714 anima
1327 663 1477 717 rationalis
1492 664 1605 719 habens
1622 682 1742 737 corpus.

989 747 1019 801 Si
1039 748 1186 804 bominem
1208 749 1290 804 illum
1307 751 1397 824 Virgo
1417 753 1584 823 peperisset
1603 771 1663 810 non
1678 756 1792 812 unitum

954 836 1051 892 Verbo
1064 854 1160 893 nonne
1172 855 1299 910 persona
1310 843 1413 896 esset?
1426 841 1548 897 Salutio.
1564 843 1696 899 Persona
1709 849 1792 902 osset

953 925 1081 998 quidem,
1108 928 1160 981 sed
1186 928 1321 998 bumana,
1347 947 1362 983 a
1386 946 1440 985 sua
1459 931 1652 987 rationalitate
1668 934 1790 989 trahens

952 1017 1202 1086 personalitatem,
1215 1019 1266 1089 qui
1275 1033 1352 1073 nune
1368 1023 1552 1075 sacramento
1564 1021 1681 1076 anlonis
1693 1021 1789 1079 tactus

953 1105 1052 1160 divina
1068 1109 1111 1160 cst
1123 1122 1261 1177 persona.
1274 1108 1305 1162 Si
1320 1124 1446 1178 persona
1462 1125 1619 1163 assumens
1635 1126 1693 1165 non
1709 1113 1791 1166 esset

953 1195 981 1248 id
993 1195 1072 1266 quod
1080 1197 1253 1266 assumpsit,
1261 1197 1505 1268 sedassurnptum
1513 1199 1693 1254 assumentis
1705 1200 1789 1256 indu·

954 1287 1081 1339 mentum
1105 1287 1215 1340 tantum
1231 1289 1258 1340 ει
1272 1287 1366 1340 vestis
1382 1289 1472 1355 esset,
1490 1304 1543 1341 cur
1559 1304 1611 1358 pro
1630 1287 1694 1344 solo
1705 1289 1789 1344 indu-

954 1378 1051 1428 mento
1072 1373 1164 1429 Filius
1185 1374 1333 1429 diceretur
1353 1380 1434 1446 patre
1451 1376 1565 1430 minor‘?
1578 1375 1667 1449 illem.
1692 1377 1789 1449 Mopsi

954 1464 1131 1535 caeterisque
1147 1464 1258 1519 sanctis
1283 1466 1314 1519 in
1335 1465 1434 1519 multis
1454 1465 1558 1520 formis
1573 1466 1716 1537 apparuit,
1733 1483 1792 1522 non

954 1556 1050 1607 tamen
1069 1556 1189 1623 propter
1205 1554 1270 1608 illas
1287 1554 1398 1609 formas
1419 1556 1583 1610 minoratus
1602 1558 1648 1611 est
1663 1555 1790 1628 angelis.

952 1641 1072 1712 Oportet
1081 1659 1153 1714 ergo
1164 1642 1435 1699 essediffercntiam
1444 1644 1602 1699 interbanc
1612 1644 1792 1701 incarnatio-

55 1738 114 1792 nee,
128 1739 184 1778 nee
195 1723 308 1781 habens
323 1725 471 1783 hominem
483 1728 729 1785 estsibiunitum.
742 1728 896 1800 Quisorgo
911 1766 938 1829 Β
954 1747 1020 1785 ιιειιι
1037 1737 1065 1786 ει
1080 1731 1146 1785 illas
1161 1732 1370 1803 apparitiones.
1392 1733 1462 1788 Hace
1477 1734 1555 1788 eninr
1566 1750 1625 1788 non
1639 1734 1694 1790 tuit
1709 1734 1793 1789 indu·

56 1812 142 1866 orat?
164 1814 233 1885 quis
258 1818 304 1869 est
327 1817 421 1871 oranti
445 1819 642 1888 personaliter
659 1820 781 1874 unitus?
801 1818 895 1873 llomo
955 1821 1100 1889 mentalis,
1124 1822 1178 1877 sed
1198 1822 1296 1893 potius
1317 1823 1494 1892 personalia.
1519 1823 1578 1878 Illae
1596 1838 1665 1878 vcro
1680 1826 1792 1879 mutum

58 1906 235 1974 assumptus
250 1904 425 1976 loquebatur
435 1907 472 1961 ad
483 1907 613 1963 Verbum
629 1906 687 1964 sibi
702 1907 824 1963 anitum.
841 1908 898 1962 llic

59 1991 202 2047 esthemo
218 1994 266 2065 qai
284 1995 363 2050 rivet
373 2003 402 2050 et
415 2013 471 2050 nan
488 1997 603 2051 ridebit
619 2002 753 2063 mortem,
768 2003 797 2052 et
813 2003 898 2053 eruet

59 2080 187 2135 ariniara
198 2096 280 2136 suam
295 2084 332 2138 de
346 2101 433 2139 mmm
446 2084 540 2139 iul‘eri
550 2085 644 2153 (Psal.
657 2086 811 2155 nxxxviu).
823 2086 897 2141 Cen·

56 2169 136 2225 turio
152 2170 201 2224 ille
212 2187 339 2243 magnus
350 2174 420 2228 dicit
436 2191 441 2228 :
464 2174 540 2229 Vcre
555 2175 652 2230 Filius
665 2177 723 2231 Dei
733 2184 799 2231 erat
814 2177 899 2231 Ιιοιιιο

56 2259 117 2314 iste
131 2258 240 2327 (hiare.
259 2263 318 2331 ιιι).
335 2252 420 2334 Qlia,
437 2281 551 2335 quaeso,
569 2266 808 2321 demonstrabat?
823 2266 896 2332 Quid

58 2347 166 2403 Filium
184 2350 235 2405 Dei
250 2353 450 2422 predicabat?
465 2354 570 2410 Nonne
587 2356 667 2411 illum
682 2357 830 2411 bominem
846 2374 897 2410 as-

56 2442 229 2509 sumptum?
246 2441 320 2496 Nam
345 2446 375 2497 ut
393 2443 463 2498 dicit
484 2444 614 2500 Hilarius
638 2450 801 2500 creaturam
819 2446 898 2500 illam

57 2526 165 2583 cilium
181 2528 234 2584 Dei
249 2530 449 2601 profitebatur.
469 2536 653 2607 Augustinus
668 2535 739 2590 dicit
754 2537 833 2609 quod
848 2552 897 2591 as-

57 2624 193 2689 sumptus
208 2625 254 2673 est
270 2621 354 2677 houm
370 2620 420 2677 itte
435 2624 467 2678 in
484 2625 625 2679 unitatum
636 2642 783 2697 [cersonae.
804 2631 834 2679 ut
851 2627 899 2698 qai

57 2709 192 2780 suscepit
210 2714 240 2764 et
261 2711 337 2787 qrrod
356 2713 487 2784 suscepit
503 2731 557 2768 una
574 2721 654 2769 essct
667 2730 806 2786 persona.
824 2714 900 2779 Quid

57 2796 213 2867 apertius?
227 2800 317 2855 Aiunt
332 2804 429 2857 tamen
440 2803 484 2857 sic
495 2802 703 2874 exponendum
715 2820 721 2858 :
735 2803 899 2875 Utrumque

57 2888 104 2941 est
117 2885 258 2944 Christus
278 2893 307 2943 et
326 2905 384 2944 una
399 2907 544 2963 persona,
567 2893 635 2964 quia
654 2892 684 2947 in
704 2896 826 2965 utraque
842 2909 899 2947 una

58 2988 189 3044 persona
205 2979 233 3031 et
248 2992 326 3032 unus
337 2978 474 3035 Christus
485 2981 632 3036 subsistit.
646 2980 687 3036 lta
698 2982 784 3037 etiam
796 2997 899 3038 susee-

955 1910 1179 1980 indumentales,
1193 1927 1251 1965 non
1262 1911 1445 1982 personales
1458 1911 1541 1966 Unde
1552 1928 1701 1983 nusquam
1707 1912 1793 1967 Pater

953 1998 1050 2070 major
1059 2001 1186 2070 Spiritus
1197 2004 1300 2055 sancto
1310 2001 1358 2055 vel
1368 2000 1495 2071 Spiritus
1507 2003 1629 2055 sanctus
1639 2000 1724 2055 Patre
1735 2001 1791 2054 mi-

954 2104 1018 2156 nor,
1037 2091 1066 2142 ut
1082 2089 1205 2159 dicatur,
1222 2090 1339 2160 legitur,
1361 2089 1429 2159 qaiia
1449 2105 1508 2142 non
1524 2090 1563 2143 sit
1578 2092 1730 2159 assumpta
1746 2092 1792 2144 est

955 2179 1089 2231 creatura
1102 2179 1133 2232 in
1149 2194 1205 2249 qua
1217 2182 1371 2248 appareret
1384 2177 1510 2248 Spiritus
1520 2180 1642 2231 sanctus
1652 2177 1729 2231 sicut
1739 2193 1791 2232 as·

954 2269 1089 2336 sumptas
1105 2270 1151 2320 est
1169 2266 1262 2322 Filius
1274 2267 1403 2321 bominis
1422 2267 1450 2321 in
1468 2283 1525 2338 qua
1541 2267 1643 2323 sornam
1662 2281 1791 2337 persona

955 2356 1045 2411 Verbi
1064 2359 1303 2426 prmscntaretur,
1319 2359 1350 2410 ut
1370 2372 1427 2410 non
1444 2357 1566 2411 baberet
1586 2356 1716 2412 Verbum
1738 2355 1790 2410 Dei

955 2445 1033 2499 sicut
1048 2445 1149 2500 castori
1159 2446 1320 2516 sapientes
1336 2446 1389 2500 scd
1401 2450 1429 2500 ut
1442 2445 1573 2500 Verbum
1584 2445 1681 2516 ipsum
1697 2449 1788 2501 esset.

955 2534 1047 2589 Aliud
1061 2540 1107 2589 est
1126 2534 1251 2589 Verbum
1267 2536 1298 2589 ιἰι
1313 2535 1439 2597 bomine,
1453 2534 1534 2588 aliud
1556 2533 1681 2589 Verbum
1695 2534 1788 2590 horreo.

957 2623 1011 2678 llis
1023 2623 1123 2679 verbis
1136 2625 1322 2697 Augustinus
1334 2623 1488 2679 manifeste
1500 2625 1637 2694 exprimit
1645 2624 1702 2679 hoc
1712 2623 1791 2696 quod

956 2713 1105 2768 credimus
1124 2714 1159 2769 de
1178 2714 1268 2769 Verbi
1286 2714 1496 2768 incarnatione.
1517 2713 1592 2767 llicit
1606 2714 1683 2770 enim
1698 2713 1791 2769 lilium

956 2801 1084 2858 hominis
1101 2818 1170 2857 esse
1188 2807 1383 2874 assumptam.
1408 2802 1501 2872 Velis,
1521 2803 1609 2873 nolis,
1626 2804 1741 2873 oportet
1760 2805 1793 2857 ut

957 2890 1104 2947 concedas
1127 2893 1206 2963 quod
1227 2892 1284 2947 boc
1308 2892 1387 2963 quod
1407 2891 1538 2946 Verbum
1562 2891 1727 2962 assumpsit
1746 2893 1793 2947 est

957 2980 1035 3035 illius
1053 2981 1192 3036 bominis.
1211 2982 1273 3050 Dic,
1289 2995 1404 3052 quaeso,
1423 2980 1492 3051 quid
1513 2984 1558 3034 est
1572 2979 1630 3036 hoc
1651 2980 1730 3050 quod
1746 2982 1793 3034 est

58 3065 139 3132 ptum
153 3080 160 3118 :
173 3064 238 3119 Una
249 3071 295 3121 est
304 3084 432 3138 persona
442 3086 509 3125 eum
517 3070 699 3142 suscipiente
711 3072 779 3143 quia
796 3086 899 3127 susce·
918 3086 944 3149 c
957 3073 1152 3142 assumptum,
1165 3074 1193 3125 et
1203 3069 1281 3142 quod
1293 3074 1339 3124 cst
1351 3068 1431 3123 tilius
1443 3068 1592 3125 hominis?
1603 3067 1676 3124 Vide
1687 3067 1791 3122 saltem
1828 3070 1833 3076 '

56 3156 138 3222 ptum
151 3156 329 3226 suscipienti
340 3161 385 3214 est
395 3159 509 3215 unitum
519 3160 549 3214 in
558 3161 698 3215 unitatem
709 3177 856 3231 personae,
870 3161 898 3215 id

56 3240 152 3296 estita
161 3244 241 3314 quod
250 3245 348 3301 unitas
359 3263 497 3318 personae
505 3250 677 3319 permansit.
690 3249 754 3305 Hoc
765 3248 899 3307 dicentes

56 3334 169 3403 negant
178 3336 549 3406 acquisituraessehomiai
556 3346 705 3411 assumpto
717 3344 746 3393 ut
756 3339 796 3393 sit
807 3338 898 3410 Deus,

58 3421 137 3489 quod
149 3421 283 3478 Hilarius
294 3424 365 3481 dicit
374 3426 432 3481 Sed
444 3425 500 3483 hoc
511 3429 558 3483 est
568 3431 599 3482 ut
607 3426 686 3482 aiunt
694 3428 842 3483 hominem
853 3444 901 3483 as-

58 3513 212 3582 sumptum
227 3529 308 3583 esse,
319 3514 350 3569 in
360 3531 519 3588 personam
529 3520 731 3572 assumentem
740 3533 900 3589 personam

59 3614 118 3654 non
133 3615 206 3657 esse
217 3601 360 3659 divisam:
374 3605 427 3660 sed
436 3588 657 3677 permanss'isse
669 3622 757 3661 unam
767 3607 795 3661 in
803 3607 900 3661 incar-

58 3689 179 3745 natione
195 3693 441 3765 quemadmodum
457 3698 485 3750 et
504 3699 580 3750 ante.
596 3695 737 3750 Fateatur
750 3694 901 3750 Christum

59 3793 130 3834 esse
146 3780 177 3834 in
193 3784 319 3855 utroque
335 3783 413 3839 unde
428 3787 543 3856 oportet
557 3800 627 3840 esse
642 3785 700 3839 duo
715 3785 744 3838 in
759 3788 898 3856 utroque:

58 3880 186 3937 quonam
203 3871 361 3944 assignent
375 3871 527 3928 Christum
546 3873 742 3945 personaliter
757 3889 836 3943 esse,
853 3871 901 3929 vel

57 3955 198 4012 damnent
213 3959 414 4033 augustinum
424 3962 474 4034 qui
484 3965 517 4017 ut
527 3962 647 4018 diversa
656 3963 731 4036 qaod
741 3961 902 4034 assumpsit

57 4052 86 4099 ct
105 4047 185 4119 quod
205 4056 386 4123 assumptum
409 4058 454 4107 est
475 4056 694 4108 commemorat.
716 4052 746 4107 Si
763 4050 900 4106 Christus

56 4140 200 4208 suscepto
222 4140 334 4195 tantum
350 4140 405 4198 hoc
421 4142 543 4197 contulit
559 4145 590 4196 ut
605 4142 633 4195 in
650 4157 684 4196 eo
700 4158 756 4196 una
772 4155 900 4212 persona

56 4224 104 4293 sit,
122 4228 296 4284 nontamen
311 4229 383 4285 illud
399 4231 438 4285 sit
451 4247 590 4301 persona,
607 4232 676 4303 quid
693 4231 772 4285 aliud
787 4227 901 4300 accepit

56 4313 129 4369 illud
146 4316 260 4373 unitum
275 4335 364 4390 quam
385 4320 524 4391 quaelibet
544 4323 573 4375 et
596 4320 752 4375 creatura?
772 4322 901 4390 quaeest

957 3175 1034 3214 nunc
1050 3164 1091 3215 tot
1106 3160 1292 3214 documentis
1307 3159 1431 3213 edoctus
1443 3157 1522 3231 quod
1536 3156 1645 3228 aliquid
1657 3155 1793 3227 quodest

956 3248 1044 3303 bomo
1060 3251 1176 3303 constat
1190 3264 1228 3303 ex
1238 3248 1335 3303 anima
1346 3250 1374 3303 ct
1385 3263 1473 3303 carne
1484 3245 1603 3302 Christi.
1617 3245 1710 3318 lgitur
1720 3243 1746 3299 si
1763 3243 1793 3299 id

957 3339 1279 3409 quodcstassumptum
1290 3341 1336 3392 est
1346 3337 1425 3391 tilius
1437 3335 1575 3405 hominis,
1588 3332 1793 3390 necessarium

957 3431 1003 3482 est
1017 3430 1048 3481 ut
1062 3427 1100 3483 sit
1115 3431 1144 3481 et
1159 3426 1251 3483 Filius
1267 3426 1329 3496 Dei,
1346 3426 1392 3480 vel
1411 3424 1503 3480 Filius
1515 3424 1566 3478 Dei
1582 3439 1642 3479 non
1658 3422 1699 3479 sit
1712 3422 1793 3479 illius

958 3515 1102 3588 Virginis.
1116 3515 1201 3570 Absit
1216 3519 1313 3571 autem
1323 3519 1354 3570 ut
1366 3515 1497 3569 Verbum
1508 3515 1535 3568 et
1550 3513 1579 3567 id
1591 3512 1670 3585 quod
1680 3514 1727 3569 est
1741 3528 1793 3568 as-

958 3608 1107 3675 sumptum
1129 3621 1188 3659 non
1210 3605 1249 3660 sit
1264 3604 1344 3661 tilius
1359 3602 1493 3676 Virginis
1510 3618 1516 3659 :
1534 3618 1601 3658 cum
1616 3602 1793 3673 denti-oque

957 3695 1035 3748 dicat
1043 3695 1202 3750 auctoritas
1213 3694 1293 3765 quod
1303 3694 1381 3749 tilius
1390 3695 1436 3747 est
1447 3691 1591 3763 Virginis
1598 3689 1792 3746 ltemattende

958 3784 1036 3855 qaod
1045 3783 1115 3838 dicit
1126 3783 1314 3855 Augustinus
1322 3783 1400 3855 quod
1411 3783 1583 3850 assumptas
1593 3782 1640 3834 est
1650 3779 1729 3837 tilius
1740 3778 1793 3834 ho·

957 3872 1056 3942 minis,
1075 3888 1134 3928 nun
1152 3875 1182 3927 ut
1200 3872 1323 3927 haberet
1340 3874 1462 3939 tantum,
1478 3869 1532 3924 sed
1548 3873 1579 3924 ut
1595 3872 1677 3924 esset
1693 3868 1793 3938 ipsum

958 3962 1098 4017 Verbum.
1116 3962 1164 4017 Ait
1179 3961 1257 4015 enim
1274 3977 1280 4015 :
1297 3959 1395 4015 Aliud.
1405 3965 1452 4013 cst
1475 3958 1601 4013 Verbum
1616 3958 1648 4014 ia
1663 3957 1790 4024 bourinr,

959 4051 1038 4106 aliud
1056 4050 1181 4106 Verbum
1192 4051 1286 4105 bomo.
1296 4049 1371 4104 Dicit
1379 4048 1516 4103 t'drristus
1524 4063 1530 4102 :
1538 4047 1677 4102 Ascendo
1685 4046 1725 4102 ad
1734 4045 1793 4103 Pa·

959 4146 1036 4195 trem
1052 4157 1145 4195 arcum
1159 4145 1189 4194 et
1198 4140 1236 4195 ad
1245 4138 1368 4193 Patrem
1382 4143 1522 4201 restrum,
1541 4137 1579 4192 sd
1592 4136 1685 4191 Deum
1696 4151 1791 4191 meam

959 4230 1040 4284 etad
1057 4230 1149 4284 Deam
1174 4233 1304 4284 restrum
1320 4227 1414 4296 (duan.
1433 4226 1496 4291 xxi.
1508 4225 1539 4281 Si
1554 4225 1644 4297 igitur
1654 4222 1792 4280 Christus

958 4333 1016 4373 non
1027 4321 1073 4372 est
1084 4317 1141 4372 nisi
1153 4317 1181 4371 id
1193 4317 1271 4389 quod
1282 4316 1336 4370 luit
1344 4315 1381 4369 ab
1390 4319 1510 4383 aeterno,
1523 4315 1570 4368 dic·
1579 4313 1726 4384 quomodo
1738 4314 1792 4368 ha·

57 4410 193 4460 creatura
216 4407 246 4461 in
268 4424 326 4480 qua
340 4424 400 4463 non
418 4410 456 4463 sit
472 4410 671 4464 essentialiter
687 4408 736 4463 illa
747 4411 900 4479 personat
915 4406 942 4468 D
957 4407 1006 4462 bet
1018 4408 1120 4462 Deum.
1132 4407 1179 4460 Nil
1191 4406 1269 4461 enim
1285 4406 1377 4460 lleam
1389 4405 1475 4459 babet
1484 4403 1543 4458 nisi
1555 4402 1583 4457 id
1592 4402 1669 4474 quod
1681 4405 1727 4456 εει
1737 4401 1792 4455 ali-

56 4492 166 4550 Nonne
180 4496 307 4550 animam
322 4500 350 4551 et
365 4514 473 4567 eorpus
485 4499 648 4569 assumpsit
657 4502 685 4552 ot
699 4498 817 4552 humani
831 4512 899 4551 cor·
957 4497 1027 4567 quid
1038 4499 1179 4550 creatum.
1190 4495 1265 4549 llicit
1274 4494 1342 4547 alibi
1355 4494 1431 4547 idem
1441 4493 1579 4547 Christus
1591 4507 1596 4545 :
1609 4491 1703 4546 Neruo
1715 4489 1792 4544 toltit

57 4583 141 4652 poris
156 4588 271 4656 partes,
288 4590 319 4641 ut
338 4604 444 4642 manus
460 4591 488 4642 et
503 4587 618 4657 pedes?
634 4586 774 4659 Nunquid
788 4587 900 4641 diceret
919 4610 924 4619 ¹
957 4586 1083 4643 atumem
1100 4590 1194 4640 metm
1209 4600 1226 4638 a
1240 4598 1296 4651 rue,
1312 4583 1368 4639 sed
1383 4598 1524 4653 epopeus
1537 4596 1627 4633 sarria
1639 4577 1790 4647 metdoan.

58 4671 898 4746 singulumhonampersonaliterChristumassumpsisse,
955 4675 995 4727 xl.
1014 4672 1143 4729 Verbum
1167 4689 1183 4726 a
1204 4689 1237 4728 se
1259 4672 1384 4727 animam
1409 4687 1467 4725 non
1492 4668 1649 4740 separavit.
1668 4667 1712 4720 Ex
1732 4682 1791 4737 quo

58 4775 94 4815 eo
104 4762 507 4832 quodbaecassumendouna
515 4781 643 4837 persona
650 4780 720 4819 esse
727 4781 784 4819 non
792 4764 900 4819 desiit?
954 4763 1032 4817 enim
1050 4763 1128 4817 lleus
1143 4762 1239 4816 iactus
1255 4760 1343 4815 homo
1358 4761 1484 4814 animam
1499 4774 1558 4812 non
1573 4756 1720 4826 deposuit,
1736 4771 1791 4810 nec

59 4849 167 4905 Nonne
181 4850 309 4923 Spiritus
329 4858 451 4908 santus
467 4854 497 4908 in
510 4839 661 4921 columba,
677 4850 726 4908 rel
741 4854 771 4907 in
787 4850 899 4925 linguis
952 4848 1041 4906 etiam
1057 4850 1144 4905 desiit
1160 4848 1325 4904 secundum
1339 4848 1483 4920 quosdam
1498 4862 1567 4902 esse
1578 4846 1678 4916 hom03
1695 4845 1791 4900 anima

57 4936 159 5010 igneis
179 4955 325 5011 apparens
349 4944 511 5012 permansit
529 4959 586 4998 una
609 4946 637 4997 ct
652 4943 753 4997 eadem
770 4958 898 5012 persona
953 4956 1071 5012 quoquo
1087 4939 1145 4993 sibi
1159 4939 1310 4992 absentari
1325 4954 1383 4993 non
1393 4938 1502 5007 potuit:
1516 4953 1588 5009 ergo
1605 4952 1723 4991 acerne
1740 4951 1791 4991 se-

57 5042 125 5096 ques
147 5027 203 5082 tuit
221 5030 327 5100 prius?
348 5031 439 5086 Naias
464 5035 510 5086 est
530 5036 627 5087 tamen
643 5032 741 5086 dicere
758 5029 898 5100 Spiritum

58 5119 234 5172 sauctumea
244 5120 739 5193 personaliterassumpsisse.ltem
752 5118 841 5183 :Quid
854 5121 901 5172 est

57 5202 208 5260 hominem
221 5206 252 5262 in
268 5210 401 5264 eamdem
417 5225 575 5280 porsonam
590 5209 678 5277 uniri,
694 5208 752 5263 nisi
767 5224 855 5262 unam
872 5204 901 5261 ct

57 5294 190 5351 eamdem
201 5311 360 5366 personam
370 5297 480 5352 tterith
492 5298 595 5352 nidem
604 5300 689 5368 putas
702 5297 731 5351 in
740 5312 900 5368 personam

56 5385 181 5455 assumi,
212 5389 242 5441 et
271 5386 300 5440 in
328 5402 487 5456 personam
509 5387 611 5441 uniri?
628 5387 759 5441 Membra
780 5386 899 5440 humani

57 5473 191 5543 eorporis
208 5473 346 5530 Christus
362 5475 510 5545 suscepit,
527 5492 563 5529 an
580 5476 698 5547 singula
715 5475 744 5528 in
759 5475 900 5529 unitatem

56 5576 194 5630 personae
207 5565 624 5635 assumpsitllloncstmanus
638 5581 701 5618 meo
711 5564 826 5634 spiritui
835 5580 900 5618 meo

56 5653 255 5723 personaliter
282 5655 373 5726 unita,
403 5670 458 5710 nec
487 5655 614 5712 animam
632 5654 752 5711 ‘habere
775 5653 899 5711 dicitur,

549 5930 564 5967 Ἰ

954 5033 1053 5100 parata
1071 5030 1115 5082 εει
1130 5027 1312 5082 necessario.
1330 5026 1387 5081 Sed
1404 5042 1471 5097 quae
1486 5025 1540 5080 suit
1555 5026 1584 5080 in
1601 5041 1689 5080 carne
1706 5016 1792 5096 sepa·

954 5119 1038 5186 ratio,
1056 5118 1113 5171 nisi
1128 5133 1193 5171 carn
1208 5116 1325 5187 corpori
1336 5115 1494 5170 sociaverit
1511 5115 1609 5169 vitalis
1623 5115 1713 5169 unio?
1725 5115 1791 5185 lpse

956 5223 1028 5278 ergo
1047 5205 1135 5260 homo
1148 5208 1320 5275 assumptus
1332 5205 1458 5261 animam
1469 5204 1616 5275 deposuit,
1630 5205 1699 5259 dum
1710 5202 1792 5259 carni

955 5295 1105 5349 sensualis
1114 5294 1262 5366 vegetatio
1273 5294 1432 5349 abscessit.
1442 5291 1576 5350 Solutum
1587 5296 1633 5347 est
1642 5308 1791 5365 ergocon·

955 5385 1078 5439 sortium
1094 5400 1153 5456 quo
1169 5383 1258 5438 fiebat
1271 5383 1360 5438 homo
1372 5399 1409 5438 ox
1420 5384 1517 5437 anima
1527 5386 1556 5438 et
1567 5398 1665 5451 carne,
1682 5366 1791 5452 unioiie

955 5473 1044 5528 Verbi
1059 5473 1095 5527 ad
1111 5477 1267 5544 utrumque
1286 5475 1506 5544 perseverante.
1523 5471 1597 5525 Caro
1614 5470 1703 5541 igitur
1718 5484 1790 5538 spo-

954 5564 1020 5618 liata
1037 5566 1083 5617 est
1099 5563 1205 5631 anima,
1227 5561 1273 5616 vel
1285 5562 1380 5615 anima
1400 5575 1502 5625 carne,
1520 5574 1586 5629 quae
1605 5558 1662 5611 duo
1676 5556 1705 5609 in
1717 5556 1791 5610 bora

954 5650 1368 5709 resurrectionissibisociata
1376 5651 1454 5703 sunt.
1467 5644 1803 5714 t'ndaSeriptaraaiea
