3796 6022
49 283 110 356 325

710 280 765 354 DE
787 279 900 354 Fiunt
921 277 1113 353 JEPHTHE

1716 283 1777 358 aad

48 479 80 532 ut
102 478 223 547 propter
243 475 375 530 divinum
404 475 559 546 imperium
583 492 641 531 non
656 479 791 546 parceret
811 474 886 545 tilio,
901 472 931 536 Α
945 473 1052 529 Stideo
1063 473 1271 546 hujuscemodi
1281 474 1355 545 patri
1367 489 1483 544 pinnam
1494 474 1589 530 luisse
1600 473 1781 551 retributam,

44 583 109 620 non
127 566 253 620 credens
265 565 357 619 Deum
367 565 442 618 tales
453 565 589 619 victimas
603 565 729 620 libenter
739 555 885 636 accipere,

48 657 104 709 sed
122 655 179 709 hoc
189 669 256 709 eum
266 653 563 724 proptereajussisse
578 657 609 708 ut
623 655 815 709 resuscitaret
834 668 887 709 oc-

50 745 160 807 cisum,
177 747 205 799 ct
223 742 292 799 huic
305 742 417 814 aliquid
435 747 573 814 tanquam
595 744 674 798 Deus
691 743 812 813 sapiens
835 743 888 797 de-

49 836 241 900 monstraret,
255 833 333 886 Num
348 832 404 886 hoc
420 832 455 886 tle
471 833 522 887 illo
536 832 623 887 etiam
638 832 668 886 in
678 831 889 903 Epistolalegi·

49 927 98 977 tur
107 935 177 993 qne
186 921 359 976 inscribitur
373 921 409 974 ad
425 921 590 990 Hoebraeos,
603 925 631 976 et
641 922 715 975 tides
730 920 809 992 ejus,
821 920 889 992 quia

50 1012 108 1066 hoc
125 1011 161 1066 dc
173 1011 234 1066 Deo
249 1010 416 1077 crediderit,
435 1009 513 1081 quod
529 1014 631 1080 posset
645 1010 737 1064 tilium
752 1009 820 1081 ejus
835 1025 889 1063 su-

944 579 982 618 ne
1006 563 1179 634 impunitum
1202 562 1269 617 talis
1293 564 1354 618 voti
1374 563 1590 635 relinqueretur
1603 566 1781 639 exemplum,
1885 563 1888 568 ’

944 667 1019 711 neve
1035 667 1174 722 magnum
1189 652 1300 723 aliquid
1316 668 1349 707 se
1366 668 1476 708 vovere
1492 653 1553 708 Deo
1568 656 1703 724 putarent
1726 656 1782 711 ho-

943 741 1040 795 miues
1055 756 1121 794 cum
1132 739 1267 794 victimas
1296 740 1440 796 humanas
1463 745 1614 813 voverent,
1637 745 1666 798 et
1686 741 1782 812 (Quod

944 832 989 884 est
1005 828 1189 898 horribilius)
1204 828 1341 899 illiorum,
1357 833 1407 884 aut
1425 846 1483 884 uon
1499 845 1570 885 vera
1599 820 1654 885 s'ed
1680 832 1781 917 potius

944 918 1081 973 simulata
1099 917 1201 972 eadem
1222 923 1290 973 vota
1306 923 1418 989 essent,
1449 935 1515 973 eum
1535 919 1615 973 velut
1645 921 1781 992 exemplo

945 1005 1073 1062 Abrahae
1088 1008 1243 1077 sperarent
1257 1007 1307 1078 qui
1323 1008 1488 1077 vovissent,
1506 1007 1599 1064 Deum
1616 1007 1782 1083 prohibitu·

49 1101 185 1169 scitaret,
197 1099 448 1167 laudaturtllehr.
465 1101 517 1169 ιιι),
530 1099 589 1154 Iste
604 1115 687 1167 vero,
704 1102 734 1153 et
749 1098 809 1153 Deo
830 1114 890 1154 non
945 1106 1011 1151 rum
1025 1095 1093 1150 talia
1109 1098 1176 1151 vota
1192 1095 1344 1166 compleri.

47 1189 177 1260 jubente
193 1202 290 1260 nsque
304 1191 456 1258 poscente,
474 1190 502 1242 et
516 1191 618 1243 contra
644 1185 808 1259 legitimum
823 1187 890 1259 ejus
981 1185 1155 1254 Possemus,
1173 1184 1303 1255 inquam,
1320 1183 1376 1240 hoc
1392 1184 1491 1240 dicere
1506 1184 1565 1239 nisi
1575 1185 1612 1241 ab
1628 1184 1685 1241 ista
1709 1201 1782 1242 sen-

49 1281 235 1348 praeccptum
246 1277 324 1331 ultro
340 1276 519 1331 sacrificium
536 1276 617 1331 vovit
627 1276 797 1331 humanum.
808 1276 892 1330 Sicut
946 1273 1036 1329 tentia
1051 1273 1108 1328 duo
1123 1288 1179 1328 nos
1194 1273 1344 1344 praecipue
1368 1273 1535 1327 divinarum
1563 1272 1783 1346 scripturarum

50 1366 283 1436 enimscriptum
294 1367 341 1420 est
351 1381 359 1435 ς
370 1365 412 1419 Et
425 1364 643 1437 vovitdephthe
661 1369 757 1420 votam
767 1364 892 1420 Domino
947 1362 1116 1418 testimonia
1122 1364 1307 1433 revocarent,
1318 1365 1348 1416 ut
1360 1361 1436 1417 hane
1447 1376 1510 1416 rem
1521 1362 1675 1434 gestamin
1685 1362 1783 1436 libris,

50 1455 232 1511 etdixit:Si
241 1455 405 1509 traditione
416 1453 663 1509 tradiderisruilri
671 1453 891 1521 tiliosAmmon,
949 1453 1038 1506 tautae
1051 1451 1234 1506 auctoritatis
1249 1449 1400 1505 memoriae
1416 1448 1650 1506 commendatam
1659 1450 1785 1525 migen-

51 1544 220 1617 quicuque
230 1543 345 1598 exierit
353 1544 390 1598 ite
399 1542 505 1615 ,innius
515 1543 704 1609 dourusmme,
718 1542 894 1599 inobvianm
950 1540 1010 1595 tius
1026 1541 1179 1611 (quantum
1207 1538 1350 1594 Dominus
1373 1538 1505 1611 adjuvat)
1520 1542 1549 1594 et
1573 1540 1688 1596 cautius
1716 1556 1788 1612 per-

49 1633 137 1698 milri,
151 1634 184 1687 in
194 1633 378 1688 revertendo
388 1648 434 1687 me
445 1647 460 1685 a
472 1628 548 1686 liliis
557 1632 681 1685 Ammon
693 1631 724 1685 iu
732 1648 815 1703 pace,
829 1631 898 1688 oil'e·
952 1633 1128 1697 scrutemur,
1137 1628 1304 1683 neinullam
1315 1632 1428 1699 partem
1444 1627 1591 1699 judicium
1600 1620 1789 1686 temerarium

49 1738 119 1776 rara
135 1738 200 1775 earn
214 1721 430 1776 holocaustoma
442 1720 683 1789 lloruinotlrrdic.
700 1720 753 1790 xil.
806 1730 809 1737 ’
951 1717 1149 1790 proteramus.
1167 1716 1274 1786 Unum,
1290 1717 1369 1788 quod
1385 1717 1415 1770 in
1431 1715 1564 1787 Epistola
1584 1718 1621 1771 ad
1641 1716 1787 1775 Hebrmos

92 1808 162 1866 Non
177 1811 279 1881 utique
294 1809 343 1863 his
357 1808 459 1863 verbis
474 1823 566 1878 pecus
581 1804 699 1880 aliquod
722 1811 804 1864 vovit
817 1813 896 1882 quod
912 1796 939 1861 B
955 1808 1010 1862 iste
1020 1807 1147 1878 lephthc
1163 1807 1239 1861 inter
1254 1806 1328 1860 tales
1338 1809 1594 1877 commemoratur,
1604 1808 1636 1862 ut
1647 1820 1714 1864 eum
1725 1809 1788 1864 cul-

51 1899 332 1971 sscundumlegern
347 1897 553 1952 holocautoma
574 1902 678 1968 posset
692 1897 805 1954 offeret.
831 1901 892 1954 Nc-

49 2008 110 2068 que
119 1990 201 2046 enim
211 1991 259 2043 est
273 1989 322 2040 aut
337 1985 393 2040 luit
407 1985 633 2040 consuetudinis
650 1989 680 2040 ut
700 1987 894 2044 redeuntibus

50 2098 123 2138 cum
133 2077 259 2133 victoria
272 2075 311 2129 de
325 2074 404 2129 bello
420 2074 547 2128 ducibus
563 2089 671 2145 pecora
692 2079 893 2147 occurrerent,

50 2171 201 2238 Quantum
227 2168 325 2221 autern
349 2163 450 2217 abluet
478 2163 514 2217 ad
536 2169 617 2217 muta
633 2164 779 2235 animalia,
804 2180 894 2220 canes

952 1904 1024 1966 pare
1039 1910 1216 1950 vereamur:
1234 1894 1292 1949 Ubi
1307 1893 1521 1966 scriptumest,
1541 1895 1583 1950 Et
1603 1894 1674 1968 quid
1693 1897 1789 1953 adhuc

954 1984 1050 2038 dicam
1067 1981 1206 2038 :deilcict
1220 1984 1298 2038 enirn
1312 1998 1360 2038 me
1369 1988 1483 2053 tempus
1493 1984 1659 2040 enarrandi
1665 2003 1676 2051 ,·
1685 1985 1723 2041 de
1735 1984 1792 2043 Ge.

952 2072 1037 2138 deun,
1051 2070 1179 2136 Barnch,
1198 2070 1331 2137 Samson,
1342 2070 1471 2143 dephthe
1482 2076 1511 2126 et
1521 2070 1620 2128 David
1628 2077 1658 2128 et
1667 2072 1792 2129 Samuel

952 2166 983 2216 et
994 2159 1159 2233 prophetis,
1174 2160 1224 2233 qui
1230 2175 1287 2231 per
1293 2159 1382 2227 iidem
1396 2159 1433 2215 de
1439 2161 1573 2216 vicerunt
1595 2178 1699 2235 reque,
1726 2178 1791 2236 ope·

51 2261 153 2317 solent
169 2254 297 2311 dominis
312 2252 421 2308 blando
437 2253 577 2307 famulatu
591 2253 756 2308 alludentes
772 2264 893 2309 currere
952 2250 1217 2322 rantesp'ustitiam,
1227 2250 1377 2304 consecuti
1383 2250 1786 2324 suntpromissionesfflehr,

51 2348 195 2414 obviam3
213 2343 251 2398 de
272 2342 382 2414 quibus
402 2341 450 2395 ille
464 2341 495 2396 in
515 2356 570 2396 suo
594 2345 664 2397 voto
680 2343 811 2415 cogitare
834 2358 895 2399 non
950 2348 992 2412 u).
1010 2339 1151 2408 Alterum,
1168 2338 1247 2412 quod
1262 2338 1311 2394 ubi
1327 2339 1362 2394 de
1376 2339 1424 2394 illo
1440 2339 1497 2394 ista
1517 2344 1682 2412 narrantur,
1708 2339 1789 2415 quod

51 2439 170 2511 posset,
187 2447 224 2488 ne
235 2432 266 2488 ἰι
287 2430 397 2502 injuria
409 2430 460 2486 Dei
476 2429 588 2502 aliquid
602 2445 661 2485 non
677 2432 775 2487 solum
803 2432 892 2488 illici·
950 2430 1007 2485 tale
1034 2430 1150 2484 voverit
1164 2432 1194 2484 et
1209 2428 1374 2499 impleverit
1389 2432 1502 2502 votum,
1522 2429 1666 2501 praemisit
1684 2429 1789 2504 Scrip-

52 2532 118 2582 tum
131 2521 340 2579 verumetiam
359 2520 576 2591 contemptibile
592 2523 621 2575 et
631 2521 775 2576 secudum
796 2522 894 2594 legem
952 2524 1018 2575 tura
1027 2518 1130 2575 dicens
1144 2534 1150 2573 :
1163 2518 1205 2573 Et
1218 2517 1317 2573 iactus
1331 2520 1377 2573 est
1392 2533 1483 2591 super
1497 2519 1626 2591 dephthe
1654 2519 1790 2592 Spiritus

53 2613 242 2670 immundum
255 2609 378 2665 vovisse
388 2608 548 2664 videretur.
562 2608 624 2664 Nec
632 2609 681 2665 ait.
690 2609 893 2682 Quodcunque
951 2609 1070 2664 Domini
1086 2615 1115 2664 et
1132 2606 1283 2663 circuiens
1309 2605 1422 2663 Galaad
1436 2612 1466 2662 et
1480 2607 1640 2675 Manasse,
1668 2609 1791 2667 transiit

55 2702 211 2761 exieritde
223 2699 324 2772 ianuis
335 2698 441 2753 domus
456 2713 530 2753 meae
542 2699 660 2754 obviam
675 2698 757 2769 mihi,
773 2697 894 2755 oileram
952 2698 1100 2771 speculam
1118 2697 1244 2762 Galaad,·
1261 2702 1289 2751 et
1305 2695 1342 2752 de
1356 2696 1475 2769 specula
1488 2696 1601 2753 Galaad
1616 2698 1790 2758 transilias

56 2794 134 2850 illud
145 2790 361 2847 holocautoma.
378 2788 432 2842 sed
447 2787 505 2842 ait:
523 2787 698 2861 Quicunque
714 2788 832 2845 exierit·
848 2789 896 2844 oh·
955 2788 1088 2854 rtrumon,
1107 2790 1137 2842 et
1151 2782 1239 2842 vovit
1259 2785 1387 2857 dephtlre
1418 2792 1513 2842 votum
1535 2785 1659 2844 Domino
1682 2789 1792 2862 (dudio.

60 2884 140 2940 viam
156 2880 239 2947 mihi,
257 2878 380 2934 otleranr
395 2893 471 2932 cum.
497 2877 555 2932 Ubi
580 2878 684 2949 procul
708 2878 799 2934 dubio
812 2878 895 2934 mihil
954 2880 996 2950 u),
1013 2881 1042 2932 et
1059 2879 1165 2932 coetera
1179 2875 1216 2930 ad
1231 2875 1329 2945 ipsum
1344 2879 1445 2930 votum
1459 2877 1645 2949 pertinentia,
1653 2881 1684 2933 ut
1695 2879 1793 2937 omnia

59 2973 144 3029 aliud
158 2984 246 3043 quam
256 2969 406 3022 bominem
416 2967 557 3038 cogitavit
568 2981 576 3038 3
588 2983 647 3022 non
662 2970 758 3023 tamen
768 2968 896 3023 tortasse
955 2980 1022 3039 quae
1037 2966 1179 3036 deinceps
1195 2964 1270 3018 lucta
1290 2967 1360 3018 sunt
1388 2967 1527 3036 tanquam
1555 2981 1644 3038 opera
1668 2967 1793 3039 spiritus

59 3064 181 3120 unicam
201 3059 300 3127 tiliam,
330 3070 498 3129 quanquam
517 3056 642 3111 illumin
670 3056 748 3111 tenta
775 3061 897 3129 paterna
957 3055 1073 3112 Domini
1088 3055 1139 3128 qui
1154 3069 1326 3124 supereum
1342 3053 1438 3108 iactus
1464 3056 1510 3108 est
1526 3054 1716 3129 intelligenda
1746 3057 1793 3113 vi·

59 3151 160 3226 gioria
174 3150 242 3222 quis
258 3149 362 3219 posset
376 3146 497 3215 antcire,
514 3145 573 3201 nisi
589 3146 663 3201 iorte
686 3162 761 3202 uxor
784 3149 799 3202 t
822 3146 898 3202 Nam
958 3147 1090 3201 deantur.
1109 3143 1167 3198 lsta
1183 3142 1351 3197 testlmonia
1366 3157 1422 3198 nos
1450 3142 1629 3214 compellunt
1657 3160 1792 3218 quoerere

62 3240 145 3314 quod
156 3255 216 3295 non
230 3238 314 3308 dixit,
326 3250 522 3308 quaeeunque,
540 3237 594 3291 sed
610 3238 773 3310 quicunque
786 3237 899 3292 exierit
957 3236 1056 3308 potius
1072 3250 1126 3288 cur
1136 3232 1244 3288 iactum
1259 3232 1307 3303 sit,
1329 3249 1416 3304 quam
1445 3232 1530 3288 iacile
1550 3232 1717 3307 improbare
1741 3251 1795 3292 cur

62 3329 218 3403 dejanuis
237 3328 339 3383 domus
356 3338 430 3380 ureae
451 3325 562 3397 (ibid),
579 3327 656 3381 solet
670 3325 822 3397 Scriptura
846 3343 899 3398 pro
957 3325 1068 3380 iactum
1082 3323 1130 3378 sit.
1143 3321 1202 3377 Sed
1212 3320 1307 3393 primo
1320 3323 1388 3376 illud
1398 3323 1435 3376 ad
1446 3324 1524 3394 quod
1535 3339 1574 3379 ex
1589 3322 1721 3395 Epistola
1728 3340 1796 3399 quae

62 3420 198 3494 quolibet
212 3432 288 3472 sexu
299 3415 496 3470 masculinum
512 3430 608 3486 genus
623 3431 743 3487 ponere,
765 3417 843 3471 sicut
865 3417 901 3472 de
959 3416 996 3470 ad
1011 3413 1157 3468 Hebraeos
1173 3416 1218 3466 est
1234 3424 1300 3466 cum
1316 3413 1487 3483 memor-uvi,
1499 3410 1654 3470 interillos
1665 3414 1798 3472 laudabi-

63 3509 218 3566 Abraham
227 3507 400 3573 dictumest,
414 3518 570 3576 surgensa
581 3509 696 3560 mortuo
706 3505 793 3575 (Gen.
806 3508 901 3577 xxm),
960 3505 1006 3559 les
1030 3504 1124 3572 viros,
1141 3502 1192 3574 qui
1216 3500 1326 3556 ibidem
1345 3507 1612 3558 commemorantur
1626 3520 1686 3561 non
1701 3505 1799 3562 solum

64 3597 211 3670 tamajus
221 3594 544 3650 uxormmtuaiuissct.
556 3594 630 3658 Quia
641 3610 713 3666 ergo
725 3595 903 3650 dehocvoto
965 3597 1011 3649 est
1026 3592 1163 3664 lephthe,
1181 3607 1284 3646 verum
1299 3592 1386 3646 ctiam
1401 3590 1531 3663 Gedeon,
1544 3593 1579 3648 de
1595 3610 1653 3665 quo
1664 3595 1801 3652 similiter

26 3682 28 3687 ’
64 3693 156 3761 atque
170 3687 248 3741 iacto
257 3684 330 3739 nihil
341 3683 457 3737 videtur
466 3684 618 3753 Scriptura
637 3683 801 3755 judicasse,
828 3686 906 3739 sicut
964 3684 1116 3754 Scriptura
1122 3682 1193 3736 dicit
1204 3697 1209 3735 :
1221 3681 1354 3753 Spiritus
1360 3682 1479 3735 Domini
1490 3683 1624 3737 contorta
1630 3685 1671 3738 vit
1681 3683 1802 3742 Gedcon

66 3780 105 3835 de
122 3774 282 3844 Abraham,
298 3773 417 3845 quando
432 3772 524 3826 illium
537 3772 645 3843 jussus
655 3773 767 3844 obtulit,
778 3775 906 3844 apertis·
964 3773 1075 3844 (dudio.
1086 3773 1137 3843 iv),
1149 3774 1177 3826 et
1193 3775 1290 3825 tamen
1306 3768 1374 3841 ejus
1389 3769 1498 3824 iactum
1513 3773 1593 3842 quod
1608 3773 1643 3829 de
1658 3772 1709 3829 illo
1728 3790 1802 3846 ope·

64 3869 146 3923 sime
156 3864 311 3937 judicavit,
324 3861 734 3933 sedtantummodoscriptum
748 3862 908 3935 reliquisse
964 3867 1046 3918 ratus
1062 3865 1107 3917 est
1123 3861 1231 3932 ephod,
1248 3863 1276 3915 et
1292 3859 1455 3915 fornicatus
1471 3865 1517 3915 est
1533 3864 1601 3933 post
1615 3862 1686 3918 illud
1704 3865 1803 3921 omnis

67 3954 241 4028 legentibus
264 3952 468 4024 judicandum,
488 3951 736 4022 quemadmodum
764 3951 809 4006 do'
831 3952 908 4007 tacto
965 3952 1057 4008 lsrael
1075 3967 1081 4006 :
1099 3954 1127 4006 et
1141 3951 1250 4005 iactum
1265 3954 1312 4005 est
1327 3949 1427 4005 domui
1444 3951 1564 4006 Gedeon
1585 3952 1616 4006 in
1631 3950 1805 4011 scandulum

70 4045 161 4102 ludo
175 4041 335 4098 nitidaeoh
345 4041 464 4113 quando
475 4041 511 4095 ad
526 4056 633 4095 nurum
644 4041 763 4112 quidem
786 4042 908 4097 nescius
967 4059 1025 4097 non
1041 4041 1137 4096 solum
1152 4038 1515 4111 laudarenoupossumus,
1529 4057 1632 4097 verum
1642 4044 1805 4117 etiamquia

70 4133 204 4203 intravit,
220 4146 325 4187 veram
338 4133 480 4202 quantum
490 4131 521 4184 in
530 4124 664 4200 ipso'iuit
678 4130 842 4185 fornicatus
856 4129 910 4185 init
968 4132 1118 4203 Scriptura
1136 4129 1204 4183 hinc
1220 4130 1407 4200 apertissime
1424 4130 1563 4186 indicavit
1578 4133 1738 4205 reprobare
1750 4135 1804 4189 mi·

71 4224 144 4298 quia
168 4222 355 4277 merstrtcem
378 4220 500 4291 putavit,
525 4236 620 4291 neque
641 4219 825 4291 approbavit,
855 4221 911 4276 hoc
969 4222 1047 4276 trime
1062 4219 1240 4274 dubitamus
1258 4218 1544 4275 Nectaruenexhoc
1559 4221 1617 4276 ulla
1639 4222 1671 4278 tlt
1694 4223 1803 4297 iniuria

71 4313 228 4384 scriptura
238 4324 335 4382 neque
351 4309 530 4381 reprobavit,
546 4311 599 4364 sed
612 4309 765 4382 justitient
776 4309 829 4365 Dei
845 4311 912 4382 lege
969 4310 1091 4382 Spiritui
1106 4308 1232 4378 Domini,
1249 4307 1299 4380 qui
1310 4323 1377 4363 eum
1387 4308 1564 4365 conici-tavit
1579 4315 1610 4366 ut
1624 4313 1729 4368 hostes
1750 4329 1805 4385 po·

72 4400 446 4459 consultaexistimandum
456 4399 699 4470 pensandumque
711 4398 831 4469 dimisit,
841 4400 913 4465 Quia
926 4414 956 4480 D
970 4400 1030 4472 puli
1042 4399 1110 4471 ejus
1121 4401 1199 4452 tauta
1216 4397 1353 4452 facilitate
1364 4403 1528 4469 superaret.

60 4506 152 4565 ergo
167 4491 205 4546 de
219 4490 281 4544 isto
294 4488 421 4558 tephthe
436 4486 514 4542 iacto
530 4489 560 4542 in
571 4491 705 4542 neutram
720 4492 832 4558 purtem
843 4504 914 4544 sen·
1008 4490 1068 4544 Cur
1081 4503 1154 4560 ergo
1169 4488 1246 4542 inter
1261 4498 1313 4541 eos
1329 4491 1635 4562 commemoraturqui
1648 4507 1708 4563 per
1718 4489 1805 4548 iidem

74 4582 201 4638 tentiam
218 4580 370 4649 Scriptura
386 4578 439 4632 ltoi
450 4576 579 4647 protulit,
595 4581 627 4632 ut
641 4580 745 4632 noster
760 4594 870 4634 sensus
886 4579 916 4633 in
976 4580 1112 4634 vicerunt
1122 4593 1225 4648 repra,
1239 4577 1354 4647 operati
1368 4583 1436 4631 sunt
1449 4576 1601 4649 justitiam
1623 4578 1730 4649 (Hehr.
1750 4581 1805 4655 xi).

73 4669 238 4745 iudicando
263 4672 430 4737 exercetur,
455 4683 612 4737 possemus
634 4667 697 4738 jam
727 4667 826 4723 dicere
856 4668 917 4723 Deo
975 4669 1032 4724 nisi
1052 4669 1121 4739 quia
1145 4668 1247 4721 sancta
1271 4665 1422 4735 Scriptum
1451 4682 1577 4738 quorum
1605 4667 1694 4723 tidem
1715 4673 1803 4744 atque

77 4759 274 4830 displicuisse
283 4757 343 4811 tale
353 4761 453 4813 votum
461 4761 491 4810 et
501 4756 537 4809 ad
547 4756 625 4810 illam
635 4756 810 4826 perductum
822 4755 917 4812 luisse
971 4758 1117 4830 iustitiam
1131 4754 1277 4810 veraciter
1292 4754 1390 4808 laudat
1405 4770 1463 4810 uon
1483 4755 1553 4811 hinc
1572 4757 1731 4829 impeditur
1757 4777 1805 4818 co·

76 4849 239 4905 vindictam
246 4849 278 4901 ut
287 4847 474 4918 potissimum
486 4846 636 4900 tiliaunica
647 4851 826 4903 occurreret.
834 4845 918 4913 Quod
975 4864 1038 4903 rum
1054 4847 1140 4901 otiam
1155 4846 1274 4915 peccata
1288 4841 1328 4913 (si
1338 4859 1395 4914 qua
1407 4845 1496 4916 novit,
1525 4850 1553 4901 et
1568 4850 1705 4919 oportere
1726 4850 1808 4923 judi·

76 4941 105 4995 si
120 4940 276 5010 sperasset
289 4938 377 5007 atque
392 4936 548 5006 voluisset,
565 4951 624 4990 nou
640 4937 789 5009 continuo,
807 4943 839 4992 ut
853 4954 917 4994 cam
974 4938 1031 5007 cat)
1046 4940 1147 4991 notare
1162 4934 1316 4989 veraciter.
1333 4932 1409 4986 Nam
1424 4938 1451 4989 et
1465 4935 1495 4990 in
1510 4951 1545 4991 eo
1561 4939 1642 5010 quod
1660 4939 1738 4996 idem
1752 4941 1809 4998 Ge·

77 5029 163 5099 vidit,
180 5027 321 5082 scidisset
335 5026 511 5081 vestimenta
526 5032 592 5080 suta
607 5030 694 5096 atque
710 5026 918 5084 dixisse:Heu
974 5028 1049 5082 deon
1073 5025 1192 5097 signum
1212 5025 1316 5093 potens
1345 5024 1465 5079 tentavit
1492 5025 1522 5080 in
1551 5027 1672 5101 vellere,
1703 5028 1807 5087 nescio

77 5118 207 5188 malitie
222 5116 393 5188 limpedisti
403 5130 449 5169 ure
459 5134 467 5168 :
479 5116 510 5169 iu
520 5114 728 5170 offendiculum
739 5116 817 5170 iacta
842 5118 917 5172 asin
973 5119 1070 5172 utrum
1085 5130 1144 5169 non
1154 5112 1243 5167 inerit
1256 5115 1467 5186 transgressus
1482 5120 1663 5187 preceptum
1678 5134 1736 5191 quo
1752 5120 1810 5176 sri·

78 5207 177 5266 oculis
198 5208 274 5262 meis
288 5206 397 5277 (indic.
407 5206 459 5277 xi),
471 5203 582 5259 Deinde
592 5204 670 5276 quod
686 5206 842 5278 sexaginta
852 5206 916 5261 die·
973 5209 1055 5277 ptum
1081 5206 1146 5272 est3
1177 5202 1245 5258 Non
1269 5202 1401 5256 tentabis
1429 5202 1583 5260 Dominum
1610 5205 1703 5263 Deum
1731 5213 1809 5265 tuam

79 5293 917 5368 rutntamlonpadilationedataillitesuac,l)omiuuseum
974 5294 1094 5367 (Matth.
1111 5293 1152 5364 rv)
1168 5291 1367 5346 Verumetiam
1374 5293 1404 5346 in
1419 5291 1487 5364 ejus
1496 5298 1654 5353 tentatione
1665 5296 1809 5355 Dominus

79 5389 119 5444 ab
135 5386 233 5444 miton
247 5385 493 5456 charissimaeque
507 5396 648 5439 necenon
663 5383 856 5455 prohibuerit,
878 5385 919 5440 si·
974 5383 1053 5458 quod
1076 5381 1274 5454 praenuntiare
1298 5381 1416 5437 volebat
1439 5384 1577 5456 ostendit,
1606 5384 1637 5440 iu
1661 5385 1809 5457 compluto

34 5486 37 5490 '
79 5482 133 5535 cut
142 5476 294 5550 prohibuit
307 5474 467 5544 Abraham,
483 5473 763 5545 doneoporilcrendo
783 5474 862 5549 quod
870 5490 921 5531 vo·
975 5471 1210 5530 scillcetvellere
1228 5472 1256 5527 et
1271 5486 1340 5527 area
1369 5472 1429 5527 totu
1458 5473 1688 5547 circumquaque
1717 5474 1811 5538 sices.

31 5554 35 5559 ’
66 5564 306 5641 'veratseipsnrn
314 5567 482 5638 percuteret
491 5562 615 5619 orbitate
626 5561 815 5635 gmvissima.
825 5561 919 5621 Deum
973 5565 1104 5637 figurare
1120 5561 1247 5636 primum
1268 5561 1409 5635 populum
1424 5561 1517 5619 lsrael
1532 5561 1583 5620 uhi
1611 5566 1694 5621 eraut
1716 5566 1813 5626 sancti

80 5662 183 5719 auten
200 5668 389 5734 nequaqnam
408 5654 537 5713 hominis
555 5649 755 5735 immolatione
776 5653 916 5734 placaret,
975 5653 1079 5716 aelecti
1090 5655 1229 5731 tanquam
1243 5651 1343 5726 pluvia
1362 5650 1526 5730 spirituali,
1546 5656 1580 5711 ct
1599 5656 1718 5728 qaum
1736 5669 1830 5713 eom-
