3796 6022
331 263 388 337 DE
411 265 573 338 aceras
595 265 648 336 ET
668 270 779 338 ALIIS
801 273 942 342 REBUS
963 272 1092 338 LIBER
1111 266 1305 341 TERTIUS.
1418 329 1423 338 .
1621 268 1682 342 11⁰

76 470 114 527 et
129 471 298 543 periculosa
314 475 369 541 est,
387 473 413 528 si
435 473 550 528 chelam
566 472 633 544 ejus
654 472 787 529 includit.
803 460 833 520 Α
846 473 983 528 virtutem
996 489 1073 545 equo
1083 473 1172 544 dedit,
1182 476 1211 528 et
1221 471 1310 528 solvit
1320 472 1356 528 de
1372 473 1487 529 cervice
1498 472 1565 545 ejus
1576 473 1681 529 lormi-

64 559 266 632 dargumenta
278 561 420 633 confugit,
429 562 588 616 etinsidias
599 578 675 616 nova
684 562 788 617 frauda
846 561 944 616 dinem
968 565 1001 617 ut
1024 577 1061 615 ex
1083 562 1195 631 campis
1221 576 1382 615 occurrens
1397 561 1521 633 regibus
1542 563 1681 634 arrideat,

64 666 79 704 ·.
89 649 192 720 ltaque
206 649 275 720 quia
289 649 387 704 omnia
402 650 593 704 animantium
608 665 719 721 genera
733 650 788 704 ali-
844 650 984 704 odoretur
998 649 1108 704 bollum
1131 650 1261 717 eminus,
1282 649 1427 704 excitetur
1450 666 1524 706 sono
1549 652 1637 721 tubae,
1655 660 1684 713 si

64 737 230 807 lactatione,
242 737 312 791 licet
327 736 386 791 sint
400 738 528 807 diversa,
542 738 718 807 mulcentur,
734 753 788 792 cx·
844 737 908 792 haec
924 737 1145 805 irrationabilia,
1163 741 1191 791 et
1207 737 1264 790 alia
1279 737 1474 807 insensibilia,
1492 744 1523 793 ut
1537 739 1637 795 lenum
1653 743 1683 795 et

64 826 221 896 siquando
237 829 368 880 ostreum
384 826 414 879 in
429 826 504 880 locis
519 827 640 880 remotis
656 827 693 881 ab
709 827 788 880 omni
843 825 903 879 lilia
918 826 1043 895 replevit
1053 842 1117 879 suae
1129 824 1324 894 dispositione
1336 825 1499 897 sapientiae,
1510 828 1580 897 quid
1595 826 1683 882 dubi-

65 913 167 969 cilicet
178 917 280 968 contra
292 915 392 969 radios
402 915 476 968 solis
487 914 705 983 receptaculum
717 915 789 968 illud
844 917 940 968 tamus
966 914 1037 984 quin
1062 914 1149 968 etiam
1174 915 1204 966 in
1224 912 1363 965 echinum
1379 914 1534 968 contulerit
1557 917 1684 986 gratiam

64 1004 112 1071 ,at
127 1017 249 1056 suarum
263 1007 379 1068 reseret
393 1003 521 1057 claustra
537 1006 689 1071 testarum,
707 1006 737 1057 ιιι
752 1003 789 1056 li-
844 1001 1062 1072 praescientiae?
1081 999 1162 1054 Nihil
1178 999 1404 1070 inexploratum,
1420 1001 1493 1055 nihil
1508 1002 1684 1059 dissimula-

64 1105 108 1146 rre
123 1090 251 1145 visceris
266 1092 314 1145 sui
328 1091 505 1163 voluptatem
522 1092 668 1161 quandam
684 1091 788 1161 capiat,
843 1094 904 1144 tum
920 1089 1048 1160 reliquit.
1064 1087 1167 1142 Omnia
1182 1088 1271 1157 videt,
1288 1089 1339 1159 qui
1354 1090 1450 1158 pascit
1465 1092 1572 1161 omnia,
1586 1093 1686 1147 omnia

64 1194 72 1234 t
97 1195 206 1234 cancer
224 1178 358 1234 clanculo
374 1179 529 1248 calculum,
546 1180 636 1234 idest
660 1179 790 1250 lapillum
844 1178 937 1249 replet
961 1177 1119 1248 sapientia,
1142 1176 1192 1246 qui
1214 1177 1311 1230 omnia
1332 1176 1401 1232 lecit
1422 1179 1453 1232 in
1477 1181 1635 1251 sapientia,
1652 1181 1687 1236 ut

64 1282 115 1323 ens
131 1267 252 1336 impedit
267 1267 490 1323 conclusionem
505 1268 607 1337 ostrei,
619 1272 648 1322 et
662 1268 707 1322 sic
723 1268 792 1322 che·
846 1266 988 1336 scriptum
1012 1268 1057 1319 est
1073 1264 1169 1335 (Psal.
1193 1265 1264 1337 cru),
1282 1269 1310 1319 ει
1325 1266 1390 1320 ideo
1407 1267 1433 1320 si
1450 1268 1587 1323 echinum
1606 1270 1684 1325 dono
1720 1263 1727 1277 ⁸

64 1359 150 1410 artum
164 1355 325 1410 immittens
340 1356 454 1410 interna
470 1357 561 1411 ostrei
575 1356 693 1410 viscera
707 1355 795 1424 dapa-
848 1353 1027 1408 visitationis
1038 1369 1102 1407 suae
1113 1369 1172 1407 non
1183 1355 1418 1424 praetermisit,si
1429 1371 1495 1411 cum
1505 1358 1683 1429 considerat,

73 1442 126 1498 Sic
151 1444 239 1497 etiam
265 1443 401 1500 homines
415 1445 527 1513 vitiosi,
546 1445 645 1499 cancri
668 1459 751 1501 more
765 1442 796 1496 in
850 1445 878 1495 ει
894 1441 1059 1497 futurorum
1076 1441 1214 1495 informat
1229 1442 1358 1512 indiciis,
1375 1447 1402 1497 te
1418 1460 1477 1498 non
1494 1446 1686 1502 considerat?

71 1532 117 1587 rei
133 1548 222 1586 usum
234 1531 336 1587 fraude
353 1533 639 1603 circumscriptionis
652 1533 795 1603 irrepunt,
851 1529 998 1584 lmo'vero
1015 1530 1193 1599 considerat,
1211 1531 1288 1585 sicut
1304 1534 1427 1585 testatur
1441 1532 1509 1603 ejas
1525 1535 1624 1590 divina
1639 1550 1687 1589 sa-

64 1621 190 1676 mitatcm
200 1621 328 1691 propriae
336 1622 454 1677 virtutis
468 1626 535 1676 astu
550 1621 677 1692 quodam
694 1619 797 1675 sullul-
850 1618 959 1688 pientia
976 1619 1095 1672 dicens:
1118 1618 1153 1672 Si
1166 1620 1292 1689 respicit
1310 1619 1448 1686 volatilia,
1466 1623 1494 1674 si
1509 1624 1608 1693 pascit
1623 1623 1685 1690 illa,

64 1709 147 1764 tratri
172 1709 272 1764 dolum
297 1713 426 1778 nectunt,
444 1713 472 1764 ει
495 1710 617 1764 alterius
633 1713 797 1780 pascuntur
853 1722 949 1761 llomle
968 1723 1018 1762 ros
1029 1706 1128 1778 pluris
1148 1707 1224 1761 estis
1238 1707 1323 1762 illis?
1338 1708 1374 1763 Si
1389 1707 1487 1763 lenum
1504 1711 1579 1781 quod
1598 1711 1688 1766 hodie

64 1797 793 1868 n's.Tuautempropriisestocontentus,ctaliena
810 1778 837 1844 Β
852 1801 907 1861 est,
926 1801 955 1849 ει
969 1812 1038 1849 crus
1053 1796 1084 1856 in
1100 1794 1247 1850 clibanum
1262 1796 1401 1863 mittitur,
1419 1797 1500 1853 Deus
1518 1800 1563 1854 sic
1586 1801 1685 1868 restit,

64 1901 105 1940 aa
120 1901 179 1940 non
196 1890 326 1956 pascant.
339 1886 440 1940 Bonus
456 1886 541 1940 cibus
557 1891 604 1941 est
618 1887 793 1956 simplicitas
852 1889 958 1956 quanto
971 1884 1067 1956 mapis
1080 1899 1131 1938 ros
1144 1883 1274 1939 minimae
1287 1883 1360 1939 dalei
1368 1885 1382 1938 ?
1397 1885 1517 1955 (illattli.
1534 1887 1586 1959 vi).

64 1974 134 2029 ntiae
149 1989 204 2028 sua
220 1975 297 2029 bona
312 1975 436 2044 habene,
456 1975 591 2029 insidiari
610 1975 705 2030 nescit
721 1975 794 2029 alic·
886 1972 1014 2027 Conchae
1037 1976 1066 2026 et
1081 1973 1211 2027 cochleae
1233 1988 1271 2026 ex
1286 1973 1341 2026 hac
1366 1989 1456 2028 causa
1479 1978 1549 2030 sunt
1563 1980 1687 2049 vocatae,

64 2079 90 2118 ic
118 2062 250 2117 avaritiae
279 2062 387 2117 fetibus
416 2063 587 2133 inardescit,
604 2064 652 2118 cui
680 2063 796 2117 lucrum
851 2061 1099 2132 quoddeficiente
1114 2061 1183 2115 luna
1199 2065 1349 2130 cavantur,
1367 2064 1497 2117 omnium
1512 2064 1590 2119 enim
1606 2066 1688 2121 clau-

64 2152 196 2223 iniquum
212 2151 249 2205 ad
263 2151 400 2205 virtutem
415 2152 602 2223 dispendium
617 2157 673 2222 est,
690 2153 727 2206 ad
742 2169 796 2206 cu·
851 2165 954 2204 sorum
976 2150 1145 2204 animalium
1166 2150 1257 2204 maris
1280 2153 1366 2222 atquc
1383 2152 1571 2221 concharum,
1588 2154 1688 2209 incre-

64 2255 111 2296 em
126 2239 306 2309 incendium,
323 2244 351 2293 et
366 2240 432 2295 ideo
446 2241 531 2294 beata
547 2245 593 2295 cst
608 2241 633 2294 si
650 2242 728 2295 bona
743 2257 797 2295 sua
852 2242 948 2295 mento
965 2238 1176 2294 lunaemcmbra
1191 2242 1375 2311 turgescunt,
1387 2240 1505 2296 delecta
1520 2242 1598 2299 lunae
1614 2258 1687 2298 eva·

64 2334 86 2402 t,
102 2346 171 2384 cum
187 2328 281 2384 virtus
296 2330 476 2401 paupertatis
493 2331 630 2386 omnibus
646 2333 673 2386 si
688 2332 797 2402 praete·
853 2331 985 2382 cuantur.
998 2328 1081 2383 Luna
1096 2329 1175 2382 enim
1190 2344 1257 2383 cum
1272 2329 1302 2383 in
1318 2335 1476 2401 augmento
1492 2330 1588 2402 fuerit,
1600 2336 1690 2404 auget

72 2418 236 2473 thesauris.
253 2419 358 2473 Nonne
374 2419 480 2473 melius
503 2425 549 2474 est
570 2421 711 2493 exiguum
727 2422 798 2492 quid
854 2416 1017 2486 humorem,
1038 2432 1106 2471 cum
1122 2433 1193 2472 vero
1213 2418 1243 2471 in
1258 2417 1375 2473 delectu
1395 2418 1503 2489 luerit3
1519 2421 1691 2477 minuuntur

64 2507 92 2563 ai
102 2508 209 2562 timore
220 2510 247 2560 ct
263 2522 374 2578 amore,
391 2523 479 2578 quam
494 2508 654 2564 thesaurus
669 2525 797 2582 magnus
854 2505 1004 2560 humores.
1024 2506 1087 2560 Hoc
1103 2507 1182 2560 enim
1196 2506 1311 2577 physici
1332 2508 1443 2563 dicunt.
1458 2509 1577 2564 Gonsha
1592 2513 1691 2565 autem

64 2596 179 2666 jusdem
190 2596 294 2650 timore
308 2600 336 2650 et
347 2599 467 2651 amorc‘?
478 2597 581 2651 hlelior
591 2602 637 2652 est
652 2599 730 2653 enim
745 2600 798 2653 ho·
853 2595 956 2665 prims
978 2595 1177 2664 impositionis
1201 2611 1308 2650 nomeu
1333 2599 1393 2667 est,
1409 2597 1477 2652 inde
1499 2615 1554 2668 per
1572 2599 1690 2654 derma-

64 2691 106 2741 ιιι
130 2685 160 2739 in
186 2685 318 2740 oleribus
334 2701 400 2739 cum
415 2687 520 2757 gratia,
537 2702 624 2757 quain
639 2688 798 2742 vitulorum
854 2684 964 2738 tionem
978 2684 1099 2738 cochlea
1115 2684 1201 2756 quasi
1217 2685 1566 2742 conchula.Concl1arum
1579 2702 1692 2760 genera

64 2790 115 2830 um
131 2790 199 2829 cum
214 2775 363 2829 discordia
379 2777 565 2846 praeparatio,
587 2777 710 2832 Utamur
723 2793 797 2849 ergo
854 2773 945 2826 multa
960 2775 1038 2840 sunt,
1055 2775 1132 2827 inter
1150 2789 1225 2844 quas
1245 2777 1274 2828 ει
1287 2775 1512 2849 margaritiferae
1527 2781 1606 2847 suat,
1623 2793 1691 2850 quae

64 2863 134 2919 aad
155 2864 345 2934 querendam
367 2866 501 2935 gratiam,
519 2870 547 2919 et
571 2866 696 2921 salutem
711 2869 798 2922 taen·
855 2861 993 2916 cocaeloae
1005 2862 1152 2931 dicuntur,
1162 2863 1192 2915 in
1207 2877 1332 2932 quorum
1349 2879 1436 2918 carne
1447 2866 1597 2935 pretiosus
1611 2866 1692 2938 lapil-

64 2967 119 3009 non
136 2954 172 3007 ad
187 2953 312 3007 alienam
329 2953 630 3008 circumscribendam
654 2955 797 3010 innocen.
855 2950 902 3003 lus
918 2950 966 3004 cui
981 2950 1082 3005 uniani
1096 2966 1213 3019 nomen,
1223 2951 1381 3021 solidatum
1398 2953 1433 3007 de
1449 2955 1559 3025 quibus
1573 2956 1692 3011 tradunt

64 3042 239 3097 iicettamen
255 3041 342 3096 nobis
359 3042 399 3095 uti
414 3043 559 3114 exemplis
574 3045 726 3115 sumptisa
737 3061 797 3098 ma·
855 3039 875 3091 ii
891 3038 940 3109 qui
956 3038 991 3093 de
1006 3040 1196 3092 animantium
1212 3040 1324 3093 naturis
1339 3041 1533 3112 scripserunt,
1546 3045 1626 3113 quod
1638 3058 1692 3100 no-

64 3131 121 3186 iad
136 3130 301 3201 protectum
317 3133 427 3185 nostrae
440 3132 555 3202 salatia,
568 3148 628 3186 non
641 3133 678 3187 ad
692 3134 796 3189 alienae
858 3131 961 3182 cturao
986 3131 1115 3198 tempore
1142 3127 1238 3181 littore
1253 3132 1361 3199 petant,
1378 3132 1407 3183 at
1428 3145 1466 3182 cx
1491 3131 1605 3186 coelesti
1622 3149 1691 3187 rore

64 3220 135 3274 lum,
856 3216 1033 3287 margaritas
1050 3216 1311 3286 concipiant,unde
1326 3220 1354 3270 et
1369 3217 1507 3273 cocatloae
1522 3220 1609 3290 quasi
1625 3236 1692 3277 con·

64 3310 130 3364 inus
141 3308 248 3363 animal
264 3309 491 3380 exiguun1,vile,
504 3327 539 3365 ac
550 3310 732 3381 despicabile
741 3328 800 3366 ma·
858 3305 1000 3375 cipienles
1015 3319 1031 3359 θ
1047 3304 1121 3359 coelo
1137 3305 1334 3360 nominantur.

64 3414 116 3466 im;
133 3399 306 3468 plerumque
323 3398 411 3451 index
427 3398 533 3453 suturae
549 3401 801 3470 tempestatis,aut
893 3393 998 3448 Murex
1008 3393 1129 3448 cochlea
1144 3396 1191 3449 est
1204 3395 1295 3448 maris
1305 3394 1382 3449 dicta
1397 3396 1435 3450 ab
1449 3397 1583 3453 acumine
1598 3402 1627 3454 et
1640 3415 1692 3455 as-

64 3486 804 3560 illitatisnuntiussoletessenavigantibuslleni.
858 3482 990 3554 peritate,
1007 3499 1073 3553 quaa
1092 3483 1149 3538 alio
1172 3483 1291 3538 nomine
1311 3485 1499 3556 conchylium
1514 3487 1691 3560 nominatur,

64 3590 113 3630 um
138 3575 298 3645 procellam
321 3578 477 3629 ventorum
500 3577 638 3646 senserit,
655 3579 801 3633 calculum
858 3574 1014 3642 propterea
1030 3573 1108 3643 quod
1124 3573 1299 3628 circumcisa
1314 3572 1404 3644 ferro,
1421 3574 1567 3645 lacrymas
1583 3594 1694 3649 purpu-

64 3679 92 3718 m
116 3664 228 3732 arripit,
246 3679 371 3734 eumque
393 3665 473 3718 velut
495 3665 650 3719 saburram
669 3667 759 3738 vehit,
775 3671 804 3721 et
858 3662 901 3716 rei
926 3660 1036 3715 coloris
1054 3662 1171 3731 emittit,
1189 3677 1226 3716 ex
1241 3662 1349 3734 quibus
1363 3679 1493 3734 purpura
1509 3666 1641 3737 tingitur.
1658 3666 1695 3721 Et

63 3768 102 3807 im
117 3751 278 3806 anchorum
293 3752 391 3823 trahit,
410 3768 446 3806 nc
463 3755 628 3808 excutiatur
650 3755 801 3825 fluctibus,
858 3750 926 3805 inde
940 3754 1054 3805 ostrum
1068 3751 1240 3822 appellatur,
1248 3752 1327 3822 quod
1342 3752 1541 3807 hactinctum
1556 3770 1594 3808 ex
1608 3759 1694 3809 testas

73 3857 133 3897 non
149 3842 214 3895 suis
230 3857 264 3895 se
279 3841 366 3894 librat
376 3842 501 3913 viribus,
515 3844 568 3897 sed
585 3843 681 3898 alieno
693 3845 806 3899 stabilit
858 3839 982 3894 humore
998 3839 1122 3894 elicitur.

64 3931 87 3984 it
98 3931 241 4001 pondere.
266 3929 330 3994 Quo
349 3930 458 3984 indicio
473 3934 569 3984 nautae
584 3932 665 3986 velut
685 3933 805 4004 signum
895 3927 1026 3983 Cancros
1047 3928 1148 3982 vocari
1164 3928 1274 3999 volunt,
1292 3929 1361 3999 quia
1382 3932 1504 3984 conchae
1519 3935 1590 3985 sunt
1607 3947 1694 3986 crura

64 4035 72 4073 ι
87 4018 318 4090 perturbationis
330 4021 499 4089 capessunt,
511 4024 538 4072 et
554 4020 610 4073 sibi
627 4022 802 4092 praetimcat,
861 4017 1015 4088 habentes,
1032 4017 1150 4071 inimica
1172 4017 1281 4070 ostreis
1297 4019 1452 4091 animalia3
1468 4037 1535 4075 nam
1553 4021 1695 4076 carnibus

64 4125 69 4160 ι
84 4107 240 4177 imperitos
263 4106 348 4161 turbo
365 4108 546 4177 improvisus
569 4109 708 4165 inveniat.
731 4111 803 4174 Quis
861 4122 964 4160 corum
980 4107 1091 4160 vivuat.
1109 4105 1224 4159 Animal
1240 4110 1296 4176 cst,
1312 4110 1343 4161 ut
1356 4107 1418 4179 jam
1434 4110 1504 4179 dixi,
1520 4126 1588 4166 raro
1608 4111 1695 4183 inge-

64 4197 200 4266 maticus,
208 4196 276 4266 qais
285 4196 467 4266 astrologus,
476 4198 581 4266 quisve
591 4198 748 4253 Chaldaeus
758 4215 806 4270 po-
861 4197 925 4264 nio;
937 4211 1004 4250 nam
1014 4196 1139 4248 validam
1149 4198 1257 4250 ostreae
1267 4199 1372 4251 testam
1383 4200 1497 4268 aperire
1509 4215 1567 4255 non
1577 4205 1695 4271 potens,

64 4284 169 4339 derum
188 4300 306 4351 carsae,
317 4284 384 4338 coeli
400 4290 507 4353 motuS,
521 4290 548 4339 et
565 4288 651 4358 signa
667 4288 712 4341 sic
727 4303 805 4342 com·
862 4286 994 4355 explorat
1009 4285 1125 4356 quando
1140 4289 1239 4339 ostrea
1255 4289 1397 4341 testarum
1422 4289 1550 4344 claustra
1573 4291 1695 4361 aperiat,

64 4373 172 4429 idere?
182 4371 245 4437 Quo
257 4373 378 4444 ingenio
390 4374 446 4426 ista
458 4374 588 4445 colligit?
603 4375 666 4440 Quo
683 4376 804 4431 doctore
817 4408 845 4470 D
860 4377 989 4444 tuncque
1017 4374 1140 4428 latenter
1167 4374 1299 4444 lapillum
1327 4376 1432 4448 injicit,
1448 4383 1535 4450 atque
1558 4379 1698 4450 impedita

65 4463 108 4517 it?
123 4461 196 4526 Quis
211 4462 238 4515 ei
254 4461 309 4516 ruit
324 4463 394 4515 tanti
410 4464 555 4532 interpres
571 4465 707 4534 augurii?
718 4464 804 4536 Saepe
862 4463 1053 4518 conclusione
1069 4466 1176 4517 ostreae
1192 4479 1298 4519 carnes
1314 4467 1417 4521 erodit.
1437 4467 1502 4522 Duo
1517 4471 1614 4522 autem
1628 4470 1699 4522 sunt

66 4566 102 4607 es
117 4551 324 4605 confusionem
338 4551 417 4605 aeris
433 4551 543 4621 videat,
556 4556 584 4606 ct
598 4568 680 4623 saepe
695 4554 804 4608 lallun·
862 4567 974 4624 genera
1002 4567 1190 4622 cancrorum,
1207 4552 1342 4608 fluviales
1366 4559 1395 4609 et
1418 4557 1564 4610 maritimi.
1593 4557 1699 4611 Ostrea

64 4640 118 4695 aod
143 4639 316 4710 plerumque
336 4655 370 4693 ea
393 4640 458 4693 sine
475 4643 647 4711 tempestate
663 4642 806 4697 discutia-
863 4642 1027 4696 dictaesta
1044 4644 1128 4711 testa,
1145 4656 1203 4712 qua
1218 4642 1356 4697 mollities
1369 4643 1436 4714 ejus
1451 4645 1590 4700 munitur.
1602 4645 1700 4701 Graeci

64 4729 169 4784 chinus
185 4744 244 4782 non
260 4728 379 4783 fallitur.
391 4728 537 4783 Echinum
554 4746 608 4783 sua
623 4746 808 4803 nequaquam
864 4730 943 4784 enirn
957 4733 1074 4799 testam,
1090 4732 1211 4800 ὄστρακον,
1224 4736 1361 4785 ostracon
1376 4733 1487 4787 dicunt.

67 4821 258 4890 praetereunt.
277 4818 360 4872 Unde
376 4819 485 4890 exiguo
500 4820 618 4873 animali
638 4825 716 4875 tanta
731 4838 809 4891 praa·
901 4818 1028 4873 Masculi
1044 4820 1113 4872 sunt
1128 4817 1429 4890 cochleoe,aquorum
1444 4821 1519 4876 lacte
1531 4823 1702 4895 concipiunt

64 4908 92 4962 ia
112 4912 145 4962 ut
170 4906 267 4961 latura
283 4909 480 4977 praenuntiet?
496 4907 640 4972 Quocirca
665 4909 763 4981 maius
779 4910 809 4964 in
866 4911 984 4978 ostreae,
1001 4910 1030 4960 et
1053 4907 1123 4960 dicti
1144 4908 1281 4977 musculi,
1307 4909 1393 4978 quasi
1414 4912 1549 4966 masculi.
1571 4912 1701 4968 Testudo

64 4995 91 5051 iil
102 4998 150 5051 est
160 5011 248 5066 quam
262 4999 370 5051 tantam
388 4996 496 5050 habere
510 4997 704 5067 prudentiam.
714 4998 809 5053 Crede
865 4997 959 5067 piscis
970 4996 1066 5051 dictus
1076 5011 1111 5050 eo
1122 4997 1201 5066 quod
1210 4997 1339 5068 tegmine
1350 5002 1433 5054 testae
1448 5001 1485 5054 sit
1501 5002 1661 5072 adopertus
1672 5004 1703 5057 in

64 5098 117 5156 per
132 5085 345 5155 indulgentiam
361 5085 412 5138 Dei
426 5085 556 5139 omnium
567 5101 666 5140 rerum
682 5087 808 5158 Domini,
867 5086 986 5141 modum
1001 5100 1136 5138 camerae.
1149 5085 1343 5140 Testudinum
1358 5092 1483 5158 quatuor
1497 5093 1566 5145 sunt
1580 5106 1702 5162 genera,

78 5174 260 5245 praecientiae
276 5174 389 5244 accepit
405 5190 522 5228 munus.
534 5174 649 5229 Etenim
666 5177 692 5229 si
711 5175 810 5232 lenum
866 5176 1034 5242 terrestres,
1048 5174 1210 5244 maritimae,
1221 5174 1346 5245 lutariae,
1361 5177 1390 5230 id
1405 5182 1451 5233 est
1462 5195 1547 5234 coeno
1559 5183 1587 5234 et
1597 5180 1704 5251 palude

64 5262 111 5318 sic
124 5263 225 5330 restit,
243 5263 286 5316 sic
302 5263 396 5332 puscit
412 5263 551 5332 volatilia,
570 5264 595 5317 si
612 5269 694 5333 parat
709 5265 808 5320 corvis
867 5265 1013 5333 viventes,
1031 5268 1166 5333 quartum
1194 5280 1291 5335 genus
1314 5265 1464 5339 fluviales,
1481 5285 1548 5340 quae
1572 5271 1603 5324 in
1626 5267 1706 5324 dulci

64 5371 71 5408 ι
85 5350 170 5424 (pulli
190 5352 269 5406 enim
285 5367 386 5406 corum
399 5353 524 5407 clamant
539 5353 575 5407 ad
591 5354 768 5424 Dominum),
782 5357 810 5408 ει
869 5368 945 5424 aqua
960 5352 1072 5407 vivunt.
1090 5353 1220 5408 Tradunt
1237 5354 1328 5425 aliqui
1341 5357 1434 5427 (quod
1453 5359 1626 5413 incredibile
1647 5358 1706 5427 est)

64 5440 192 5499 licribus
207 5440 287 5496 dedit
301 5443 426 5496 texturae
441 5442 626 5515 sapientiam,
637 5442 665 5498 si
675 5458 813 5500 araneam
870 5442 914 5498 ire
922 5440 1036 5499 tardius
1046 5443 1168 5517 navigia
1177 5443 1450 5516 pedemtestudiais
1457 5447 1592 5505 dextrum
1600 5444 1707 5500 vaben-

64 5528 318 5590 amsubtlliterac
332 5530 417 5590 docta
430 5531 516 5590 laxos
538 5547 643 5591 casses
657 5531 814 5608 suspendit
871 5532 921 5592 tia.
948 5532 1040 5592 Rana
1065 5533 1279 5611 agarrulitate,
1294 5549 1330 5594 eo
1358 5536 1438 5610 quod
1460 5538 1538 5593 circa
1562 5532 1709 5611 geniales

64 5621 309 5699 thaasapienae
320 5640 380 5719 non
390 5626 511 5705 reliquit
521 5627 697 5704 inmunem,
712 5629 739 5684 ai
749 5628 814 5707 ipsa
873 5630 1153 5708 strepuntpatudcs,
1170 5635 1199 5690 et
1212 5647 1307 5693 sonos
1317 5635 1402 5694 vocis
1413 5631 1589 5709 importunis
1603 5629 1712 5693 clamo·
