3796 6022
133 165 191 248 291

518 167 739 245 urrunnu(
759 179 817 244 an
840 169 1031 247 nunonis
1053 138 1198 246 crasa
1220 173 1486 247 nocuaucx.

1799 173 1858 246 292

132 379 281 440 desideria
296 381 441 452 generant
454 379 681 452 quodammodo,
693 382 722 435 et
736 380 801 437 baec
809 382 965 438 nutriendo
979 369 1010 433 Α
1023 383 1135 439 veritas
1141 383 1272 439 discerni
1286 385 1393 455 potest,
1406 383 1556 454 benepost
1565 382 1744 439 divisionem
1752 383 1858 440 animm

131 477 161 528 et
179 471 229 527 ills
245 467 397 542 gignendo
413 469 536 537 utraque
551 469 587 521 ad
607 468 735 524 invicem
752 470 855 543 ligant.
876 471 968 537 Quasi

67 562 71 569 '
132 561 211 618 enim
227 557 464 630 precedentibus
484 557 638 628 sequentia
654 564 840 630 connectunt,
852 562 967 632 quiade

131 651 192 706 illis
207 653 235 704 et
249 649 334 720 ipsae,
351 648 380 701 θῖ
395 645 453 700 illae
468 645 504 700 de
528 646 603 717 ipsis
625 647 780 717 prodeunt.
797 649 880 715 Quod
895 666 967 705 vero

131 738 281 796 desideria
293 735 486 808 cogitationes
503 735 627 807 gignere
643 737 783 808 diximus
794 739 903 793 nemini
916 741 966 810 qui

132 831 265 900 seipsum
281 824 445 897 cognoscit,
463 823 596 895 ignotum
607 840 676 880 esse
692 829 798 896 potest,
808 828 966 899 quiaillius

130 913 967 990 profectosaepiusincogitationevolvimur,cujusamore

131 1007 198 1078 plus
212 1002 309 1060 affecti
325 1018 441 1058 sumus,
459 1002 542 1057 Unde
559 1005 646 1058 etiam
662 1003 805 1059 Dominus
821 1007 851 1059 iu
868 1005 967 1060 Evan-

1024 488 1059 527 ac
1075 473 1207 544 spiritus,
1224 473 1310 528 idest
1324 474 1485 528 carnalium
1500 475 1529 527 et
1544 472 1741 543 spiritualium
1750 472 1859 528 volun·

1023 563 1124 632 tatum,
1142 562 1250 618 divisio
1266 578 1452 634 compagum,
1469 561 1498 616 id
1513 565 1559 616 est
1574 562 1785 633 cogitationum
1806 561 1859 617 bo·

1024 666 1128 705 narum
1139 655 1166 705 et
1177 650 1329 722 malarum,
1341 652 1427 722 quasi
1439 650 1608 721 perplexior
1618 649 1802 705 etdilllcilior
1812 654 1858 706 θεῖ

1022 740 1129 810 posita.
1156 739 1321 810 Postremo,
1349 739 1417 812 quia
1440 739 1579 794 diseretio
1596 740 1790 794 intentionum
1819 739 1856 794 iis

1023 828 1161 883 omnibus
1176 829 1321 883 secretior
1336 844 1406 884 esse
1418 829 1619 900 cognoscitur,
1636 828 1739 883 merito
1754 828 1785 882 in
1800 843 1854 882 ex-

1021 919 1114 971 tremo
1139 917 1331 972 medullarum
1354 933 1471 989 quoque
1496 917 1604 971 divisio
1618 917 1766 972 subditur.
1783 916 1855 972 llaee

1021 1009 1118 1060 autem
1133 1006 1229 1061 omnia
1244 1021 1342 1061 sermo
1358 1007 1411 1061 Dei
1426 1005 1615 1077 dijudicando
1627 1008 1768 1077 penetrat,
1786 1005 1854 1076 quia

129 1094 209 1167 gelio
226 1093 314 1147 dicit:
332 1091 390 1147 Ubi
397 1097 442 1146 θεῖ
450 1092 609 1145 thesaurus
624 1098 699 1159 tuus,
712 1092 756 1147 ibi
767 1099 813 1148 est
824 1111 875 1150 cor
888 1101 966 1150 tunm
1020 1095 1070 1150 ille
1095 1095 1145 1167 qui
1159 1111 1212 1166 per
1226 1095 1400 1166 sapientiam
1415 1110 1499 1148 suam
1524 1095 1603 1149 intus
1623 1099 1739 1149 secreta
1753 1097 1855 1149 nostra

130 1180 305 1255 (Mettium).
323 1183 366 1235 Ac
380 1181 405 1234 si
422 1181 550 1236 diceret:
570 1180 625 1234 Ubi
638 1181 873 1237 estdesiderium
883 1187 966 1239 tuum
1021 1184 1171 1238 subtiliter
1180 1183 1372 1256 intelligendo
1388 1183 1532 1238 discernit
1543 1182 1618 1238 loris
1632 1199 1686 1254 per
1693 1182 1856 1237 doctrinam

130 1273 172 1327 ibi
186 1274 233 1327 est
247 1274 275 1326 et
290 1285 342 1327 cor
355 1273 447 1339 tuum,
464 1268 492 1323 id
508 1271 554 1323 est
568 1269 619 1324 ubi
642 1274 688 1325 est
701 1269 817 1327 allectio
848 1276 907 1343 tua,
925 1273 966 1328 ibi
1021 1288 1105 1327 suam
1121 1272 1230 1327 utiliter
1244 1288 1300 1327 uos
1315 1272 1506 1327 illuminando
1517 1270 1620 1328 eadem
1634 1271 1800 1344 intelligere
1809 1270 1854 1325 la-

131 1365 178 1416 est
188 1365 217 1416 et
227 1359 365 1432 cogitatio
381 1362 440 1412 tua.
459 1358 577 1412 Rursus
586 1359 665 1428 quod
677 1361 872 1432 cogitationes
883 1362 965 1417 desi·
1022 1361 1146 1427 citQuia
1160 1362 1252 1434 igitur
1265 1362 1350 1416 idrus
1366 1367 1412 1418 est
1427 1377 1525 1418 sermo
1538 1360 1604 1428 Dei,
1615 1360 1771 1415 credamus
1787 1375 1854 1415 eum

131 1451 213 1506 deria
229 1450 373 1521 generent
388 1446 546 1501 Psalmista
561 1448 690 1503 ostendit
704 1449 806 1504 dicens
827 1466 833 1505 ε
852 1449 885 1505 In
901 1466 964 1506 me·
1019 1466 1090 1505 vora
1104 1449 1295 1522 promittere;
1318 1449 1386 1523 quia
1411 1449 1521 1505 efficax
1538 1452 1593 1520 est,
1616 1464 1771 1520 speremus
1786 1464 1854 1504 eum

131 1538 277 1596 ditatione
290 1551 355 1591 mea
371 1536 548 1591 exardescet
559 1537 640 1608 ignis
650 1536 965 1609 (Psal.xxxv111).Quia
1020 1540 1169 1610 promissa
1192 1539 1350 1611 perficere3
1366 1539 1435 1610 quia
1447 1537 1649 1610 penetrabilis
1671 1541 1726 1608 est,
1744 1541 1772 1593 et
1793 1537 1854 1592 salli

132 1627 221 1700 cujus
236 1627 279 1681 rei
291 1626 428 1698 cogitatio
441 1640 539 1679 auimo
550 1624 721 1696 frequenter
730 1627 874 1682 insederit
883 1627 964 1685 illius
1020 1644 1079 1684 nou
1094 1631 1201 1700 potest,
1219 1625 1380 1683 offendisse
1392 1644 1460 1683 eum
1474 1627 1680 1698 poeniteamus,
1693 1630 1722 1682 θῖ
1736 1627 1772 1682 de
1784 1627 1855 1682 reli-

131 1732 214 1772 amor
228 1715 325 1770 acrior
340 1715 370 1768 in
381 1715 469 1770 corde
485 1713 662 1770 exardescit.
679 1717 896 1771 (lonvenienter
906 1719 965 1790 igi·
979 1677 1007 1741 B
1020 1733 1078 1790 quo
1103 1718 1259 1773 timeamus
1275 1715 1434 1772 offendere.
1453 1716 1520 1787 lpse
1535 1717 1614 1772 enim
1638 1720 1667 1771 et
1687 1716 1854 1773 voluntates

130 1810 179 1862 tur
200 1821 254 1877 per
276 1803 431 1874 medullas,
448 1818 515 1874 quae
536 1802 567 1857 iu
582 1818 706 1874 corpore
724 1805 821 1878 magis
840 1810 966 1863 secretae
1020 1809 1139 1862 nostras
1154 1806 1301 1878 intelligit,
1319 1809 1347 1860 et
1362 1805 1557 1878 cogitationes
1572 1805 1662 1875 videt,
1679 1808 1708 1860 et
1722 1804 1855 1860 intentio

131 1897 237 1951 suntet
247 1893 416 1964 reconditae,
428 1892 606 1948 intentiones
617 1894 790 1964 accipimus,
801 1911 868 1967 qum
878 1895 965 1967 quasi
1019 1896 1320 1973 nescompreheudit.
1337 1895 1478 1966 Sequitur
1493 1911 1499 1950 :

130 1983 341 2056 cogitationum
355 1984 523 2037 nostrarum
537 1982 675 2038 medullae
690 1987 769 2054 sunt,
786 1985 854 2056 quia
869 1985 899 2039 in
915 2000 964 2041 co·
1054 1984 1174 2041 Noncst
1186 1980 1851 2054 nllacreaturamrisibiliscoramipso(Helm,

131 2073 273 2146 gitatioue
284 2072 384 2126 cordis
394 2070 464 2126 latet
475 2071 596 2127 intentio
608 2072 806 2143 cogitationis.
822 2072 885 2138 Qun
896 2074 965 2128 dum
1019 2076 1071 2146 iv).
1082 2073 1193 2128 Oculus
1205 2073 1257 2127 Dei
1273 2075 1301 2127 et
1309 2072 1470 2144 longinqua
1482 2073 1567 2144 capit,
1579 2072 1648 2143 quia
1657 2070 1767 2144 ubique
1778 2087 1853 2143 prae·

130 2163 279 2219 subtiliter
302 2162 489 2231 discutimus,
510 2161 596 2231 quasi
620 2161 660 2214 ad.
686 2163 826 2218 interiora
850 2165 965 2219 ossium
1020 2179 1093 2218 sens
1108 2165 1164 2232 θεῖ,
1181 2166 1209 2217 θῖ
1224 2162 1333 2231 intima,
1346 2162 1414 2234 quia
1427 2163 1457 2215 in
1470 2161 1607 2216 omnibus
1618 2160 1852 2231 est,etsubtilia.

128 2254 329 2324 penetramus

166 2359 272 2430 Liquet
281 2356 525 2429 ergoquodrecte
534 2371 705 2429 compages,
720 2359 925 2431 cogitationes,
938 2362 965 2414 et

131 2446 270 2503 medullae
291 2446 426 2499 dicantur
445 2445 632 2500 intentiones.
650 2447 793 2517 Superest
815 2448 964 2520 inquirere

132 2535 279 2608 quomodo
298 2548 397 2589 sermo
420 2533 473 2587 Dei
495 2549 590 2605 usque
608 2534 645 2588 ad
660 2535 838 2590 divisionem
863 2553 965 2592 eorum

130 2625 288 2698 pertingat.
306 2623 402 2676 Prima
416 2621 525 2677 divisio
542 2625 587 2677 θεῖ
603 2623 679 2677 inter
693 2624 820 2679 animam
836 2628 863 2679 et
878 2626 964 2696 spiri-

130 2718 202 2785 tum,
220 2713 277 2767 hoc
293 2713 339 2767 θεῖ
353 2713 430 2765 iuter
447 2712 613 2782 voluptates
630 2713 764 2768 carnales
780 2717 808 2768 et
824 2715 964 2785 spiritua-

130 2804 186 2861 les.
216 2801 353 2857 Secunda
368 2799 475 2854 divisio
497 2803 542 2855 est
571 2800 647 2856 inter
670 2817 850 2876 compages„
862 2804 891 2857 id
919 2807 965 2858 est

131 2892 327 2967 cogitationes
343 2889 477 2945 carnales
498 2892 526 2944 et
540 2890 720 2961 spirituales.
739 2892 868 2947 Primum
887 2894 965 2948 euim

1022 2254 1071 2324 qui
1087 2253 1246 2324 perspicax
1267 2255 1322 2323 θεῖ,
1339 2255 1367 2306 θῖ
1391 2251 1516 2305 maxima
1532 2248 1766 2322 comprehendit,
1786 2249 1854 2321 quia

1022 2343 1120 2396 omnia
1134 2342 1164 2395 in
1174 2342 1240 2412 ipso
1250 2345 1328 2395 suut.
1346 2340 1408 2394 Hac
1416 2341 1607 2411 prosequitur
1620 2339 1738 2394 dicens:
1752 2337 1854 2392 Omnia

1021 2439 1090 2486 suut
1101 2432 1132 2484 iu
1144 2437 1301 2503 conspectu
1311 2429 1375 2502 ojus
1386 2429 1462 2484 nuda
1473 2429 1573 2499 (ibid),
1585 2428 1654 2499 quia
1667 2428 1775 2499 inipso
1786 2431 1855 2481 sunt

1022 2520 1119 2575 omnia
1138 2525 1167 2574 et
1184 2518 1405 2591 aperta(1bid),
1422 2518 1490 2590 quia
1506 2519 1570 2589 ipse
1591 2522 1637 2572 cst
1651 2517 1681 2572 in
1704 2516 1852 2587 omuibus,

1020 2609 1068 2664 vel
1084 2608 1162 2664 nuda
1177 2612 1309 2663 creatura
1326 2607 1442 2677 dieitur,
1454 2607 1532 2662 nuda
1547 2607 1623 2661 actio
1638 2607 1687 2662 vel
1703 2606 1853 2679 cogitatio,

1020 2697 1067 2753 vel
1087 2698 1207 2753 intentio
1228 2696 1364 2752 humana.
1381 2696 1505 2762 Quidam
1519 2700 1565 2750 est
1580 2695 1694 2766 oculuS,
1712 2697 1763 2768 qui
1778 2695 1853 2750 loris

1021 2791 1067 2842 est
1081 2791 1109 2841 et
1119 2802 1178 2841 non
1187 2786 1358 2858 iutuS,sicut
1367 2786 1472 2840 oculus
1479 2784 1854 2857 caru1s3quidamintusest

1021 2877 1057 2930 ad
1072 2876 1193 2948 aliquid,
1210 2879 1238 2931 et
1250 2877 1287 2929 ad
1303 2875 1413 2947 aliquid
1428 2874 1511 2941 forie,
1525 2877 1556 2928 ut
1571 2874 1676 2928 oculus
1692 2873 1809 2943 cordis;
1825 2876 1854 2926 et

131 2983 341 3039 discernuntur
350 2979 526 3049 voluptates,
538 2982 566 3033 et
581 2982 678 3034 utrum
692 2980 770 3036 bono
781 2997 818 3035 an
828 2982 903 3037 malo
915 2983 964 3038 de·
980 2996 1008 3064 0
1021 2966 1140 3039 quidam
1156 2966 1271 3037 ⁰⁰¹¹l¹182
1284 2966 1641 3036 (1¹liinlusesttamumet
1656 2978 1715 3018 ¹¹0ss
1727 2962 1809 3032 loris,
1822 2965 1853 3016 ¹12

130 3072 240 3129 siderio
257 3069 380 3125 allectus
389 3067 634 3133 sitanimusQuae
646 3069 859 3127 discretioideo
870 3072 963 3143 prima

127 3165 183 3233 θεῖ,
200 3161 268 3234 quia
289 3159 406 3214 facilius
428 3159 554 3230 quisque
569 3174 624 3213 sua
638 3158 785 3214 desideria
801 3159 964 3232 dijudicare

128 3254 226 3326 potest
238 3265 245 3321 ς
263 3248 369 3304 deinde
380 3249 514 3319 sequitur
525 3247 665 3303 discretio
676 3250 887 3322 cogitationum
898 3268 964 3323 quae

129 3341 226 3413 magis
248 3342 295 3393 est
319 3338 443 3407 occulta,
469 3341 497 3391 et
516 3337 668 3393 difficilius
693 3340 962 3411 comprehenditur.

129 3428 202 3494 Quia
224 3429 302 3483 enim
326 3442 364 3481 ex
379 3427 480 3496 pravis
495 3424 654 3481 desideriis
671 3426 757 3482 bonae
773 3445 964 3501 nonunquam

130 3516 326 3590 cogitationes
338 3515 481 3583 oriuntur,
495 3517 523 3568 et
533 3531 639 3570 rursus
656 3532 693 3570 ax
707 3517 794 3571 bonis
804 3519 963 3574 desideriis

128 3621 229 3679 pravae
241 3604 435 3676 cogitationes
447 3603 592 3674 prodeunt
604 3620 610 3658 :
624 3620 682 3659 non
698 3605 783 3661 facile
799 3611 845 3661 est
856 3609 965 3680 cogita-

127 3694 415 3768 tionumqualitatem
424 3693 594 3747 discernere
601 3694 647 3747 vel
657 3693 816 3766 discutere,
828 3712 895 3750 cum
903 3713 962 3751 nou

128 3781 691 3855 eolumexpraecedentibusdesideriiS,
702 3784 853 3855 dequibus
864 3787 963 3841 oriun-

127 3878 184 3946 tur,
197 3875 251 3930 scd
262 3874 349 3930 etiam
361 3888 398 3927 ex
409 3873 663 3942 subsequentibus
675 3889 741 3944 quae
751 3876 826 3945 ipsae
837 3877 964 3948 gignunt

128 3979 180 4019 eas
202 3965 354 4035 opporteat
373 3961 520 4034 judicare.
546 3962 605 4017 Sed
626 3966 657 4017 ut
676 3964 807 4033 apertius
829 3965 964 4021 videatur

127 4053 255 4125 qualiter
269 4068 307 4106 ex
321 4053 422 4122 pravis
438 4051 596 4105 desideriis
612 4052 709 4123 bonae,
726 4056 754 4108 et
768 4068 806 4109 ex
820 4053 908 4110 bonis
917 4056 965 4110 de·

128 4141 249 4197 sideriis
273 4156 373 4212 pravae
403 4140 598 4212 cogitationes
626 4146 796 4214 nascantur,
827 4145 962 4215 exemplo

128 4230 469 4287 monstretur.Nemoest
479 4229 529 4300 qui
541 4229 721 4285 desiderium
732 4233 964 4304 rapinaenesciat

1022 3056 1127 3111 oculus
1143 3056 1206 3110 Dei.
1222 3054 1332 3109 Oculus
1348 3056 1446 3108 carnis
1462 3053 1542 3107 videt
1555 3056 1666 3107 tantum
1679 3052 1786 3106 extima
1801 3067 1854 3106 cor

1020 3161 1136 3216 porum,
1162 3148 1190 3199 et
1206 3145 1311 3199 oculus
1327 3145 1433 3198 mentis
1452 3143 1559 3197 extima
1581 3140 1724 3196 cordium.
1741 3140 1853 3195 Oculus

1021 3235 1075 3290 Dei
1095 3235 1196 3289 intima
1215 3236 1304 3288 videt.
1324 3234 1434 3288 Oculus
1454 3231 1554 3287 cordis
1568 3230 1605 3285 ad
1621 3230 1739 3285 oculum
1754 3231 1853 3285 carnis

1020 3325 1101 3379 intus
1117 3323 1211 3393 est,ad
1222 3325 1340 3378 oculum
1351 3322 1406 3376 Dei
1415 3321 1539 3377 lorisEt
1550 3321 1627 3374 sicut
1638 3320 1743 3375 oculus
1754 3321 1854 3374 carnis

1020 3429 1080 3469 nou
1096 3415 1172 3484 capit
1183 3414 1332 3484 quaecapit
1343 3411 1448 3465 oculus
1460 3411 1569 3481 cordis,
1582 3410 1626 3463 sic
1638 3408 1743 3464 oculus
1754 3409 1854 3464 cordis

1020 3519 1079 3558 nou
1096 3503 1173 3573 capit
1187 3518 1253 3574 quae
1269 3503 1345 3572 capit
1356 3501 1461 3555 oculus
1478 3500 1545 3569 llei3
1561 3499 1615 3553 sed
1630 3498 1734 3554 oculus
1751 3498 1856 3553 Deica·

1020 3593 1062 3663 pit
1077 3607 1143 3662 quae
1159 3593 1235 3661 capit
1251 3592 1355 3646 oculus
1378 3589 1488 3644 cordis.
1511 3589 1604 3660 lgitur
1628 3587 1733 3642 oculus
1755 3588 1854 3642 carnis

1022 3685 1132 3736 tautum
1147 3682 1224 3751 capit
1239 3681 1346 3737 extima
1356 3694 1522 3749 corporum.
1535 3677 1645 3732 Oculus
1654 3677 1753 3731 cordis
1765 3680 1792 3730 et
1803 3693 1854 3731 ex-

1020 3772 1089 3827 tima
1114 3774 1142 3825 et
1156 3771 1257 3825 intima
1275 3785 1431 3840 corporum
1454 3768 1509 3822 sed
1524 3771 1635 3821 tantum
1659 3768 1767 3821 extima
1786 3782 1855 3821 cor-

1021 3861 1111 3916 dium.
1126 3860 1237 3914 Oculus
1252 3874 1322 3914 vero
1338 3859 1390 3913 Dei
1404 3858 1512 3913 extima
1527 3857 1616 3911 simul
1632 3860 1661 3911 et
1674 3856 1775 3911 intima
1795 3872 1855 3911 non

1021 3951 1119 4007 solum
1130 3964 1297 4020 corporum,
1308 3947 1361 4002 sed
1372 3948 1459 4001 etiam
1471 3947 1603 4001 cordium
1615 3946 1701 4017 capit.
1709 3945 1789 4018 Ergo
1797 3962 1857 4002 non

1022 4044 1069 4095 θεῖ
1083 4039 1142 4093 ulla
1157 4041 1291 4107 creatura
1302 4037 1462 4091 invisibilis
1472 4051 1571 4091 coram
1582 4050 1628 4091 eo.
1645 4034 1749 4090 Omnia
1759 4039 1857 4091 sutem

1022 4129 1178 4185 suntnuda
1193 4130 1221 4182 et
1236 4132 1337 4199 aperta
1352 4142 1451 4182 coram
1462 4142 1507 4181 co.
1519 4125 1565 4180 ab
1581 4125 1676 4180 oculis
1687 4123 1799 4180 nostris
1815 4128 1856 4180 te·

1022 4221 1132 4292 guntur
1147 4233 1228 4289 saepe
1242 4218 1330 4272 etiam
1340 4232 1407 4289 quae
1416 4215 1546 4271 visibilia
1555 4219 1633 4270 sunt:
1644 4231 1711 4287 quae
1721 4214 1857 4269 invisibi-

127 4321 236 4376 malum
247 4317 552 4391 esse,sedaliquando
564 4334 602 4373 ex
612 4318 760 4388 desiderio
770 4323 901 4394 rapiendi
912 4340 963 4378 na.
978 4319 1007 4384 D
1021 4309 1059 4363 lia
1074 4311 1144 4363 sunt
1163 4307 1347 4362 clauduntur.
1363 4307 1448 4361 Actio
1464 4305 1593 4360 visibilis
1609 4309 1656 4359 est
1670 4303 1793 4359 intentio
1809 4305 1856 4358 in·

127 4411 222 4467 scitur
232 4407 617 4478 desideriumoccideudi,et
626 4425 752 4480 saepeex
761 4412 909 4468 desiderio
917 4429 964 4468 oe

128 4498 499 4556 cidendinusciturhorror
514 4497 753 4554 homicidii.Dum
761 4517 878 4573 ergocx
886 4503 962 4558 malo

126 4587 276 4646 desiderio
287 4587 576 4660 cogitatiobonorum
584 4588 712 4659 gignens
721 4588 858 4645 allectum
866 4592 963 4662 prodit

127 4680 252 4753 quusiin
262 4677 360 4733 radice
370 4676 695 4731 malasurculusbouus
707 4678 822 4734 dulcem
834 4679 962 4734 fructum

127 4765 964 4837 facit.Similiteraliquandoexbonodessideriomaluco-

126 4858 229 4930 gitatio
241 4858 383 4927 nuscitur,
394 4859 424 4910 ut
435 4871 655 4927 nonnumquam
665 4856 962 4926 pollutionemcarnis

127 4945 334 5015 abominando,
352 4945 561 5014 turpitudinem
573 4945 700 5000 carnalis
713 4947 963 5017 concupiscentiae

128 5035 259 5106 cogitare
269 5033 438 5103 incipimus,
456 5037 483 5087 et
495 5049 531 5087 ex
546 5035 611 5104 ipsa
625 5039 726 5089 nostra
739 5036 916 5108 cogitatione
927 5037 963 5091 ad

126 5123 350 5183 delectationem
375 5121 504 5176 illicitam
525 5122 749 5195 inflammamur,
773 5129 802 5179 et
827 5126 912 5196 quasi
927 5126 963 5181 de

126 5229 201 5289 puro
226 5211 305 5266 fonte
320 5227 396 5282 aqua
414 5225 533 5265 manare
554 5211 725 5283 incoeperat,
750 5214 804 5268 sed
823 5215 962 5284 paulatim

127 5305 261 5363 defluens
284 5300 314 5355 ln
329 5300 475 5354 sentinam
490 5299 679 5370 turpitudinis
704 5302 773 5357 ibat.
795 5302 962 5376 Aliquando

127 5397 225 5453 autam
240 5389 435 5466 cogitationes
451 5391 524 5443 etex
538 5388 626 5444 bonis
643 5390 801 5447 desideriis
816 5393 963 5465 prodeunt

127 5479 536 5556 etbouadesideriagiguunt,
547 5479 594 5536 vel
606 5495 644 5535 ex
652 5480 738 5537 malis
749 5483 964 5542 ortseslmildar

124 5578 202 5638 nata
220 5578 384 5656 proferunt.
400 5575 433 5633 ln
448 5590 507 5654 qua
520 5573 711 5650 ambiguitate
727 5575 796 5650 quia
811 5576 962 5637 difficilius

1020 4398 1149 4453 visibilis
1165 4399 1221 4451 θεῖ.
1238 4396 1297 4451 Sed
1307 4396 1439 4451 actiones
1454 4394 1605 4450 hominum
1616 4394 1684 4449 licet
1698 4393 1792 4449 insua
1802 4409 1856 4448 na-

1020 4492 1085 4542 tura
1101 4486 1236 4541 visibiles
1252 4486 1321 4556 sint,
1335 4485 1434 4538 multis
1445 4487 1541 4538 tamen
1555 4483 1653 4537 modis
1664 4485 1805 4555 teguntur
1818 4482 1855 4536 ab

1020 4577 1116 4633 oculis
1132 4578 1237 4646 notriS,
1253 4591 1290 4630 ne
1314 4575 1479 4629 videantur.
1496 4574 1621 4627 Intentio
1640 4576 1738 4626 autem
1759 4570 1856 4626 videri

1018 4684 1078 4723 nou
1092 4670 1199 4737 potest,
1211 4665 1325 4720 etiamsi
1335 4665 1400 4735 ipsa
1413 4663 1489 4717 actio
1500 4663 1643 4717 videatur.
1656 4660 1855 4735 lgituroculis

1019 4757 1073 4811 Dei
1087 4757 1184 4832 omnia
1197 4757 1266 4809 sunt
1279 4754 1367 4823 nuda,
1385 4752 1436 4823 qui
1450 4754 1515 4822 ipse
1530 4767 1634 4806 omnes
1649 4751 1782 4805 actiones
1798 4749 1853 4804 ho-

1019 4847 1130 4900 minum
1139 4845 1218 4899 videt
1226 4844 1403 4914 ubicumque
1413 4841 1564 4913 llant,quia
1575 4855 1634 4895 non
1641 4843 1711 4894 sunt
1721 4839 1853 4894 tenebrae

1019 4939 1047 4990 et
1062 4950 1121 4990 non
1137 4935 1183 4988 est
1197 4934 1302 4987 umbra
1316 4932 1412 5002 morti,
1425 4931 1475 4986 ubi
1486 4929 1705 4985 abseandantur
1719 4929 1769 5002 qui
1785 4943 1854 4999 ope·
1871 4994 1875 4999 p

1018 5027 1121 5079 rantur
1136 5023 1318 5093 malum3nec
1334 5020 1547 5091 operimentum
1561 5019 1644 5091 tegit,
1654 5034 1709 5073 nec
1718 5017 1852 5072 velamen

1018 5113 1156 5185 protegit,
1169 5127 1224 5167 uec
1232 5111 1330 5183 pierias
1340 5109 1517 5180 intercludit,
1526 5108 1684 5180 neccaligo
1695 5107 1853 5163 abscondit

1018 5219 1074 5260 uos
1097 5204 1133 5257 ab
1150 5203 1244 5257 oculis
1260 5200 1338 5274 ejus.
1364 5200 1444 5272 Ergo
1468 5199 1566 5254 omnia
1590 5201 1660 5253 sunt
1674 5197 1762 5270 nuda,
1784 5197 1853 5268 quia

1019 5293 1083 5364 ipse
1103 5293 1183 5347 videt
1204 5307 1291 5346 omne
1310 5290 1388 5363 quod
1403 5290 1516 5361 agitur3
1542 5288 1640 5344 omnia
1668 5290 1768 5358 aperta
1782 5286 1852 5359 quia

1019 5384 1084 5455 ipse
1098 5382 1179 5437 videt
1193 5398 1251 5454 qua
1260 5380 1422 5436 intentione
1432 5382 1547 5451 agatur.
1563 5378 1703 5450 Sequitur
1718 5392 1726 5447 ;

1054 5473 1103 5531 Ad
1118 5489 1201 5549 quem
1212 5471 1300 5561 uobis
1309 5485 1408 5528 sermo
1418 5469 1532 5543 (leid),
1549 5469 1580 5526 id
1594 5471 1641 5526 est
1653 5467 1691 5524 ad
1702 5467 1795 5524 Deum
1805 5464 1853 5522 vel

1019 5567 1057 5624 ad
1072 5583 1241 5626 sermonem
1255 5565 1332 5639 ejus,
1351 5566 1528 5623 subauditur
1536 5564 1583 5622 rel
1599 5568 1655 5638 est,
1666 5562 1714 5621 vel
1729 5561 1794 5635 erit,
1804 5561 1853 5652 vel
