3796 6022
130 280 189 345 783
1795 277 1856 349 784

509 285 725 347 ΑΡΡΕΝΒΙΧ
747 285 805 346 ΑΙ)
828 283 1019 349 HUGONIS
1041 284 1187 348 OPERA
1208 285 1469 351 DOGMATIGA.

128 479 212 536 uiuat
223 481 338 537 Domini
355 498 478 538 mensae.
495 484 683 538 Mundamini
698 485 792 556 inquit
808 486 856 557 qui
871 485 962 539 tertis
976 469 1005 531 Α
1021 484 1097 557 rigia
1114 487 1213 540 carnis
1230 485 1375 555 crucifixi,
1393 485 1510 540 duobus
1522 484 1585 556 jam
1610 483 1699 539 dictis
1722 484 1853 539 denariis

131 585 201 626 vasa
212 569 332 626 Domini
340 571 410 641 (lsa.
423 571 482 641 ιιι).
501 572 577 626 Huic
598 589 709 627 mensae
729 574 778 644 qui
794 574 962 628 ministrant
1019 575 1064 628 sic
1080 577 1185 644 empta,
1203 575 1230 628 si
1240 575 1436 643 praecinxeris
1452 574 1570 628 lumbos
1585 576 1664 643 tuos,
1681 587 1791 628 secure
1801 573 1853 626 mi·

128 658 312 731 praecingant
328 675 360 713 se
376 676 448 714 zona
465 660 588 715 loannis
604 663 632 715 et
652 661 734 730 lilim,
761 663 789 715 id
805 666 851 716 est
867 663 962 717 conti-

130 747 239 818 nentie,
257 763 343 818 quam
360 749 478 819 quidem
495 749 662 804 habuerunt
678 754 705 804 et
721 751 839 819 liabent,
856 754 888 805 ut
901 752 962 805 vir-

127 835 365 908 ginesperpetuo
378 838 575 891 continentes.
596 838 720 902 Quidam
730 841 814 909 prius
830 855 889 894 non
907 840 961 893 ha-

125 925 263 994 buerunt,
274 925 327 979 sed
348 942 425 980 nunc
441 926 559 995 hahent,
576 930 607 980 ut
622 929 818 997 poenitentes3
842 928 961 998 quidam

126 1029 180 1069 nec
205 1013 372 1068 habuerunt
393 1030 448 1068 nee
474 1015 592 1084 habent,
611 1018 642 1068 ut
657 1016 687 1068 iu
703 1015 818 1070 luxuria
843 1033 960 1086 perma-

124 1104 241 1158 nentes,
263 1101 318 1166 Qui
348 1106 426 1157 tenet
442 1106 548 1172 teneat,
565 1105 632 1174 quia
647 1104 752 1158 beatus
767 1106 819 1175 qai
831 1107 958 1176 tenebit;

124 1191 175 1263 qui
185 1206 245 1246 non
255 1192 366 1260 habuit,
380 1195 471 1261 emat,
484 1193 533 1262 qui
544 1193 680 1262 perdidit,
701 1194 834 1249 redimat.
845 1196 959 1248 Praesto

123 1280 376 1351 estvenditorqui
394 1281 507 1334 corium
527 1297 613 1335 suum
624 1283 762 1352 exposuit
779 1282 816 1337 ad
826 1284 958 1338 venden-

123 1368 205 1439 dum,
222 1368 296 1422 etde
316 1369 435 1438 proprio
461 1385 519 1422 aon
535 1370 571 1423 de
586 1369 682 1423 alieno
702 1370 802 1442 largas
825 1371 855 1424 in
870 1387 957 1427 cruce

123 1456 400 1528 iecitcorrigias.l⁴]t
410 1457 534 1526 pretium
544 1457 636 1529 hujus
645 1474 727 1513 zonae
737 1459 955 1515 modicumerit:

122 1545 301 1600 ductantum
324 1545 446 1615 denarii,
463 1547 555 1600 oratio
572 1550 600 1600 et
612 1546 769 1618 ieiunium.
786 1548 848 1602 Hoc
862 1565 957 1620 parius

122 1633 345 1704 demoniorum,
355 1634 533 1704 inquitidem
543 1636 688 1706 venditor,
701 1652 758 1691 non
768 1637 956 1708 ejiciturnisi

120 1722 153 1777 in
168 1723 302 1778 oratione
317 1730 345 1777 et
361 1723 479 1795 jejunio
494 1724 599 1785 (liare.
614 1724 666 1791 rx).
684 1725 721 1778 Hi
733 1729 829 1779 autem
841 1726 953 1780 denarii

1017 662 1160 717 nistrahis
1175 663 1205 716 in
1216 678 1319 717 mensa
1332 662 1458 716 Domini.

1052 751 1113 805 Tar.
1130 751 1232 806 LVIII.
1250 751 1295 806 De
1309 752 1466 815 surditate,
1485 758 1580 806 morte
1596 757 1625 806 et
1637 756 1817 822 paupertate

1372 839 1495 910 triplici.

1051 928 1145 983 Sardi
1155 929 1287 998 audiunt,
1300 930 1409 983 mortui
1421 933 1556 1000 serpunt,
1564 941 1850 1000 paupereseranpe·

1014 1016 1848 1087 lirantnrtMattlr..xi).Surditastribusmodisprovenit.

1014 1105 1094 1160 Mors
1111 1105 1206 1161 tribus
1226 1105 1323 1160 modis
1347 1106 1512 1159 invalescit.
1530 1105 1694 1175 Paupertas
1709 1105 1739 1158 in
1755 1105 1848 1160 tribus

1014 1195 1161 1249 consistit.
1174 1194 1308 1249 Surditas
1319 1195 1454 1264 provenit
1462 1194 1498 1247 ab
1510 1194 1629 1247 ineunte
1641 1192 1803 1263 nativitate,
1811 1193 1846 1247 ab

1012 1283 1157 1337 accidenti
1167 1283 1345 1352 infirmitate,
1357 1299 1373 1335 a
1385 1283 1539 1336 deliciante
1556 1284 1655 1335 aetate:
1669 1281 1734 1335 hmo
1751 1285 1845 1335 aulem

1013 1372 1142 1426 surditas
1152 1375 1198 1426 est
1207 1371 1358 1426 naturalis.
1372 1371 1425 1424 Est
1434 1371 1489 1423 alia
1498 1369 1672 1440 spiritualis,
1686 1385 1754 1440 quae
1769 1369 1799 1423 in
1813 1384 1846 1423 eo

1013 1461 1222 1530 comprobatur
1233 1460 1312 1531 quod
1327 1461 1423 1514 trihus
1444 1459 1539 1514 modis
1554 1459 1672 1515 locutus
1695 1460 1742 1512 est
1758 1458 1844 1528 Deus,

1012 1565 1067 1604 nce
1078 1565 1145 1603 eum
1157 1550 1335 1603 audivimus.
1344 1549 1475 1602 Locutus
1488 1552 1534 1602 est
1544 1548 1611 1619 lege
1620 1551 1744 1616 naturae,
1753 1547 1844 1618 figura

1013 1637 1183 1707 Scripturas,
1197 1638 1288 1692 verbo
1296 1638 1340 1691 rei
1351 1641 1492 1691 venturae.
1505 1636 1567 1690 Lex
1578 1639 1691 1690 naturoe
1699 1635 1845 1690 locutaest

1013 1727 1042 1780 in
1059 1727 1158 1796 corde,
1175 1727 1284 1796 scripta
1301 1726 1330 1778 in
1347 1742 1450 1795 opere:
1472 1724 1595 1779 verbum
1611 1725 1654 1778 rei
1670 1725 1701 1778 in
1717 1724 1843 1778 homine.

120 1811 206 1883 probi
221 1828 280 1867 non
296 1812 364 1866 lalsi
380 1813 448 1880 sint,
461 1813 528 1882 quie
544 1813 593 1883 qui
606 1815 774 1884 ,reprobam
798 1817 953 1885 pecuniam
972 1789 997 1848 Β
1012 1815 1058 1869 Ab
1070 1816 1125 1869 hac
1136 1814 1243 1885 triplici
1255 1815 1398 1869 surditate
1410 1813 1844 1883 Dominusnostripliciexcitat

120 1900 218 1966 solvit,
236 1916 294 1955 non
311 1917 344 1955 sc
360 1902 473 1956 liberat.
490 1901 684 1957 Nummorum
709 1906 805 1957 autem
821 1905 954 1974 probitas
1010 1904 1175 1971 vocatione,
1199 1906 1244 1957 ter
1267 1903 1457 1957 vociferans:
1480 1903 1593 1972 Venite,
1609 1901 1719 1970 venite,
1737 1902 1841 1955 venite.

119 1990 150 2044 in
160 1990 258 2045 trihus
270 1991 416 2045 consistit.
430 1991 709 2061 Materia,ponde1·e,
720 1992 826 2063 ligura.
835 1993 956 2047 Materia
1011 1991 1108 2046 Prima
1117 1993 1246 2046 vocatio:
1266 1991 1379 2055 Venite,
1392 1989 1609 2045 dliiauditeme
1618 1988 1714 2059 (Psal.
1727 1991 1840 2057 xxxm).

119 2081 166 2134 est
185 2079 324 2148 charitaS,
341 2095 407 2150 qum
424 2095 495 2133 auro
512 2084 716 2150 comparatur3
734 2082 852 2150 pondus
867 2097 949 2152 spes,
1010 2079 1160 2134 Secunda:
1184 2079 1288 2134 Venite
1299 2080 1399 2144 adme,
1412 2095 1513 2134 ornnes
1528 2080 1578 2150 qui
1587 2078 1735 2133 laboratis
1746 2085 1843 2132 etone·

119 2182 186 2240 quae
202 2184 218 2222 a
233 2168 360 2223 terrenis
376 2169 528 2222 sublevat:
546 2167 737 2239 figuralldes,
751 2186 818 2240 quae
834 2170 954 2242 signum
1009 2170 1071 2223 rati
1087 2169 1171 2238 estis,
1197 2175 1225 2223 ct
1255 2185 1309 2240 epo
1324 2167 1456 2222 reiciam
1471 2167 1655 2237 restitutit.
1672 2166 1725 2237 xi).
1736 2167 1839 2221 Tertia:

120 2257 220 2312 erucis
235 2257 384 2311 frontibus
400 2258 513 2312 nostris
529 2257 678 2326 imprimit.
703 2259 786 2312 Hauc
809 2263 955 2314 monetam
1015 2255 1129 2328 Venite,
1155 2257 1310 2312 benedicti
1333 2257 1438 2310 Patris
1460 2257 1529 2326 mei,
1552 2256 1702 2333 porcipite
1718 2271 1841 2328 repnnm

122 2346 194 2400 dicit
202 2346 366 2417 Apostolus
375 2346 484 2416 valere,
498 2345 601 2399 dicens
615 2362 620 2400 :
641 2345 743 2400 Omnia
753 2363 841 2417 opera
856 2354 956 2402 restra
1009 2346 1128 2414 (Martii.
1141 2352 1224 2411 xxv).
1238 2345 1455 2399 Primavocatio
1468 2345 1621 2399 surditatis
1631 2347 1745 2399 nostrae
1757 2344 1842 2399 solvil

118 2434 151 2488 in
167 2434 493 2503 ebaritatedantfflom.
503 2434 575 2504 xvi).
588 2433 801 2504 Eiquodextra
813 2435 955 2489 hancma-
1008 2438 1174 2504 torporem3
1191 2434 1321 2488 secunda
1338 2434 1460 2487 auribus
1476 2433 1614 2487 audiendi
1629 2437 1747 2503 reparat
1762 2433 1842 2505 rigo·

120 2521 224 2575 teriam
239 2520 383 2575 fabricata
399 2523 438 2575 sit
453 2522 528 2575 falsa
547 2522 685 2591 ostendit,
703 2523 827 2577 dicens:
844 2524 879 2577 Si
894 2524 956 2578 dis·
1008 2539 1081 2593 rem;
1092 2524 1185 2591 tertia,
1198 2524 1295 2577 audita
1309 2526 1466 2577 conservat
1475 2539 1528 2592 per
1538 2525 1682 2576 tenorem.
1698 2523 1780 2576 Mors
1791 2523 1842 2576 tri-

121 2609 957 2681 tribueroincibospaapermnorunesiacultatcsineas·et
1007 2613 1065 2666 bus
1081 2612 1252 2667 invalescit:
1269 2613 1458 2679 necessitate,
1476 2611 1662 2680 infirmitate,
1689 2609 1840 2665 efferitate.

120 2698 149 2753 si
158 2697 312 2752 tradidero
324 2713 532 2769 corpasmeam
544 2699 586 2751 ita
599 2699 955 2768 utardearmebaritatem
1008 2701 1187 2756 Naturaliter
1203 2701 1317 2755 scilicet
1332 2717 1385 2771 per
1405 2700 1531 2769 senium,
1549 2699 1771 2754 accidentaliter
1792 2715 1843 2770 per

120 2792 217 2842 antem
226 2786 428 2852 nonirabuero,
439 2780 829 2858 nibilrniliiprodesttltlor.
837 2789 958 2858 xm).Si·
1009 2789 1133 2859 febrem,
1144 2789 1305 2844 crudeliter
1315 2805 1521 2859 perveneaum
1533 2792 1561 2843 et
1572 2787 1694 2843 terrum.
1704 2787 1843 2843 Similiter

121 2875 340 2948 netigurairdei
351 2891 410 2930 non
419 2878 552 2930 estvera.
567 2875 754 2948 Impossibile
767 2876 955 2946 esl,aitidem
1009 2894 1090 2933 mors
1101 2878 1262 2948 spiritualis
1271 2879 1367 2932 tribus
1378 2879 1472 2932 modis
1485 2878 1606 2932 invaluit
1616 2876 1843 2946 peraifirmatio·

120 2966 293 3037 Apostolus,
304 2982 370 3020 sinc
381 2964 439 3020 dde
447 2965 568 3037 plaeere
584 2966 646 3021 Dee
663 2965 764 3028 (Hebr.
776 2969 827 3028 xil.
840 2966 871 3022 Si
883 2982 954 3039 ergo
1010 2984 1087 3038 nem,
1100 2983 1153 3037 per
1167 2967 1388 3037 dubitationem,
1412 2982 1466 3036 per
1481 2967 1679 3038 negationem.
1700 2966 1843 3020 Dominus

120 3071 212 3111 unum
227 3056 354 3111 deluerit
377 3071 393 3108 a
413 3054 530 3127 ,jejunio
556 3058 584 3109 et
609 3057 741 3110 oratione
757 3058 816 3124 tua,
842 3056 954 3111 crimen
970 3035 995 3098 (ἶ
1011 3057 1299 3120 affirmavitdicens:
1311 3055 1566 3127 Qiracanqaeliora
1577 3055 1844 3109 comederismorte

119 3144 336 3201 ialsaemonetae
348 3145 487 3215 incurris,
498 3145 771 3215 quodeslvivorum
787 3147 914 3199 exustio.
923 3146 952 3200 Si
1012 3143 1843 3215 mor·ieris(Gen.1u).Mulierdubitavit,dieenszNeforte

72 3220 81 3238 ’
119 3233 954 3306 enimialsammonetamDeoobtuleriS,pe1·pctuisigni·
1011 3234 1292 3301 morimnurtibid.).
1304 3233 1445 3287 Diabolus
1457 3232 1585 3304 negavit,
1599 3233 1842 3304 dicens:Neqaa-

87 3343 89 3346 ·
118 3323 436 3379 buscoucremaberis.
449 3322 523 3377 Vide
535 3339 607 3394 ergo
623 3327 653 3377 ut
669 3325 762 3378 oratio
777 3328 825 3378 tua
841 3325 954 3395 diriga—
1011 3341 1094 3397 qaam
1113 3323 1283 3378 moriemini
1302 3323 1411 3393 (ibid).
1439 3322 1491 3375 Est
1510 3322 1600 3393 igitur
1620 3337 1702 3376 mors
1717 3321 1841 3391 triplex:

118 3414 168 3466 tar
181 3413 385 3482 inconspectu
402 3413 527 3480 Domini,
545 3416 573 3465 et
587 3411 735 3482 jejunium
752 3416 833 3467 tuum
850 3413 888 3466 sit
903 3428 953 3465 ac·
1008 3412 1090 3483 pravi
1099 3411 1369 3480 consensus,previ
1378 3411 1487 3480 operis,
1498 3426 1596 3480 pravae
1606 3412 1841 3465 consuetudinis.

120 3503 247 3570 ceptum.
265 3501 330 3553 Alia
351 3502 398 3553 est
413 3500 506 3553 oratio
521 3500 620 3568 Tullii,
637 3501 693 3553 alia
717 3502 872 3570 Pharisaei,
899 3501 955 3554 alia
1010 3499 1842 3570 Primaemortiscausaestquodbdamabivitinconsilia

120 3589 280 3661 publicani,
291 3589 377 3643 Tullii
387 3589 542 3657 demulcet,
555 3588 700 3642 Pharisaei
711 3591 878 3643 exacerbat.
887 3590 954 3643 Non
1008 3590 1162 3660 impiorum
1172 3588 1265 3658 (Psal.
1277 3591 1307 3659 1).
1315 3588 1537 3658 Secundoquod
1545 3588 1631 3643 stetit
1641 3590 1672 3641 in
1688 3589 1735 3642 ria
1745 3603 1844 3660 pecca-

121 3678 395 3750 sum(inquit)sicut
406 3677 510 3731 caeteri
520 3677 678 3745 leontinum,
698 3682 753 3731 etc.
766 3679 847 3748 (Luc.
862 3679 952 3739 xvml.
1009 3685 1103 3732 torum
1112 3677 1221 3746 (ibid).
1234 3676 1841 3748 Tertiaquodseditiuceilicdrapcstilen·

121 3767 200 3824 iusti
210 3769 356 3839 impetrat3
367 3782 434 3838 quae
446 3766 472 3820 si
483 3768 522 3820 sit
533 3765 654 3820 assidua
672 3767 795 3820 multum
806 3767 893 3820 valet.
911 3765 955 3820 Sit
1007 3766 1451 3837 titutibid.),cormmpeaselios
1459 3765 1841 3836 perexemplumDominus

119 3857 267 3929 jejunium
278 3859 360 3911 tuum
376 3856 454 3927 quod
469 3856 560 3927 eligat
571 3855 660 3925 Deus,
676 3871 734 3909 non
748 3855 826 3909 sicut
844 3853 956 3908 faciunt
1007 3856 1043 3910 ab
1059 3856 1114 3910 hec
1129 3855 1237 3926 triplici
1253 3859 1346 3910 morte
1361 3856 1458 3909 tribus
1477 3855 1574 3909 modis
1599 3869 1655 3908 nos
1671 3853 1838 3922 suscitavit,

121 3946 400 4018 hypocritaetristes
408 3950 437 3998 ut
446 3949 608 4015 appareant
613 3944 799 4015 jejunantes·
809 3943 863 3998 sed
880 3959 956 4015 unpe
1008 3945 1244 4014 compunctione,
1262 3944 1463 4014 consessione,
1480 3943 1651 4012 aitlictione,
1662 3947 1694 3996 ut
1709 3942 1749 3996 sit
1764 3959 1841 3997 eom·

122 4040 217 4105 eaput,
230 4033 259 4087 id
275 4037 330 4102 est,
349 4035 476 4086 mentem
494 4032 558 4086 oleo
569 4032 689 4102 laetitiae,
707 4032 773 4086 lara
790 4031 896 4086 faeiem
911 4032 955 4085 la·
978 4019 984 4033 ⁰
1007 4034 1127 4104 punctio
1135 4049 1189 4104 per
1198 4033 1422 4087 amaritudinem
1431 4032 1555 4102 spiritus
1563 4031 1763 4101 contribulati3
1777 4047 1842 4087 cou-

121 4121 233 4192 erymis
243 4120 551 4189 pmnitentiaetliattlr.
561 4121 613 4186 ιιι).
626 4119 684 4174 Sed
695 4123 821 4175 estzoua
832 4120 956 4191 pellicea
1010 4123 1103 4177 lessio
1116 4123 1278 4177 inveritate
1294 4123 1443 4176 sermonis
1455 4121 1570 4191 prolati3
1580 4121 1702 4175 aillictio
1713 4121 1743 4174 in
1757 4136 1842 4191 aspc-

123 4208 338 4282 quamjuberis
350 4208 506 4278 redimere,
520 4209 564 4262 sic
575 4208 737 4264 formanda.
753 4209 851 4263 Prima
867 4225 955 4279 sepa·
1010 4213 1094 4266 ritate
1104 4211 1238 4282 eorporis
1249 4211 1398 4265 macerati.
1414 4211 1574 4279 Paupertas
1586 4211 1616 4262 iu
1634 4209 1730 4263 trihus
1743 4208 1842 4264 consi-

126 4299 218 4352 randa
229 4314 246 4351 a
257 4313 344 4352 carne
355 4313 409 4367 per
424 4300 535 4368 votum,
549 4301 577 4352 ut
597 4298 743 4353 incidatur
757 4298 855 4370 gladio
870 4314 958 4370 quem
1012 4302 1072 4369 stit,
1089 4302 1157 4371 quia
1173 4300 1289 4354 aliaest
1305 4299 1497 4367 simulatoria,
1517 4299 1572 4352 alia
1588 4299 1773 4368 necessaria,
1789 4298 1843 4374 alia

971 4349 998 4410 D

123 4388 204 4443 venit
223 4387 367 4442 Dominus
387 4387 501 4440 mittere
519 4387 549 4440 ιιι
565 4389 686 4442 terram:
702 4387 765 4452 Quo
782 4391 958 4457 separantur
1013 4389 1186 4444 voluntaria.
1200 4389 1387 4443 Simulatoria
1399 4389 1428 4441 in
1440 4387 1613 4458 lippocritis3
1625 4386 1842 4456 necessaria,in

123 4482 364 4555 quiqueadoma,
387 4482 494 4535 flliusa
509 4485 601 4551 patre,
614 4481 700 4534 filiae
716 4486 818 4550 matre,
835 4497 956 4536 nurusa

123 4588 214 4627 socru
224 4571 343 4641 (diutili.
355 4572 396 4640 x).
409 4569 546 4624 Secundo
555 4571 741 4641 aspergenda
758 4570 819 4623 sale
835 4585 888 4639 per
898 4584 958 4623 me-

123 4664 196 4731 tam,
213 4677 250 4715 ne
267 4662 482 4729 corrumpatur,
494 4659 616 4730 quiasal
635 4674 752 4713 vermes
769 4657 861 4729 lugat,
878 4661 906 4712 et
919 4659 957 4711 ti-

125 4765 191 4805 mor
208 4749 324 4803 Domini
339 4749 459 4818 expellit
473 4752 637 4818 peccatum.
657 4748 755 4802 Tertio
779 4747 958 4801 exsiccando

125 4837 189 4892 solo
196 4851 249 4906 per
260 4838 451 4906 desiderium,
464 4853 500 4891 ne
511 4837 701 4906 dissolvatur,
712 4836 779 4907 quia
792 4836 836 4890 sol
857 4836 958 4891 exsic-

126 4928 182 4995 cat,
195 4928 224 4979 et
234 4924 415 4979 desiderium
433 4927 601 4980 intlammat.
618 4926 727 4990 Quarto
742 4926 880 4997 ungenda
893 4925 958 4979 oleo

123 5029 179 5087 per
194 5014 344 5085 gaudium,
354 5030 390 5069 ne
407 5014 560 5086 frigescat,
573 5015 640 5085 quia
653 5014 793 5086 gaudium
805 5014 959 5068 conscien-

124 5103 534 5158 tiaelaetumethilaremlacit.
548 5104 658 5167 Gloria,
673 5104 776 5173 inquit,
798 5104 959 5173 Apostolus

126 5198 229 5248 nostra
258 5192 321 5247 brec
351 5198 397 5246 est
422 5193 621 5247 testimonium
637 5192 828 5246 conscientiae
849 5197 960 5247 nostiae

126 5282 170 5353 (II
180 5282 248 5337 Ger.
262 5281 292 5343 1).
308 5281 415 5347 Quinto
428 5280 558 5336 radenda
577 5279 656 5333 lcrro
667 5280 822 5349 perzelum
839 5296 875 5334 ne
891 5295 959 5334 sor-

126 5371 203 5442 deat,
213 5372 282 5443 quia
292 5372 374 5425 zelus
386 5371 472 5424 etiam
483 5369 590 5422 inaliis
612 5368 743 5422 libidinis
760 5369 877 5438 perimit
892 5384 959 5423 sor-

126 5460 191 5517 des.
204 5461 293 5516 Sexto
305 5459 464 5514 celeranda
474 5460 519 5511 est
529 5456 629 5525 minio,
641 5457 813 5526 perbonam
828 5458 960 5512 testimo-

1013 4478 1128 4551 egenis3
1145 4477 1320 4547 voluntaria,
1336 4477 1365 4530 in
1381 4477 1494 4530 clectis.
1508 4475 1604 4530 Prima
1619 4475 1708 4529 infert
1722 4475 1842 4529 damna·

1011 4568 1132 4635 tionem,
1149 4566 1281 4620 secunda
1297 4566 1504 4635 expiationem,
1521 4566 1606 4618 tertia
1629 4565 1842 4620 remuneratio-

1011 4652 1843 4724 nem.Sustinentespaupertatemnecessariamconsola·

1009 4749 1058 4799 tur
1076 4744 1218 4798 Dominus
1229 4759 1282 4813 per
1296 4743 1483 4813 prophetam:
1506 4741 1576 4812 noli,
1595 4741 1698 4812 inquit,
1717 4741 1842 4795 timere:

1011 4851 1066 4889 non
1082 4833 1285 4901 confunderis
1300 4831 1487 4903 paupercula,
1512 4836 1688 4903 tempestate
1704 4844 1843 4886 concussa

1011 4923 1078 4984 (isa.
1101 4923 1166 4984 mv).
1193 4921 1278 4975 Unde
1301 4924 1379 4990 patet
1393 4920 1472 4991 quod
1498 4920 1595 4974 evadit
1615 4919 1841 4984 damnationem,

1012 5028 1071 5066 non
1085 5014 1182 5065 tamen
1193 5013 1324 5064 meretur
1334 5025 1484 5064 coronam.
1495 5008 1580 5063 Unde
1594 5008 1704 5062 subdit:
1727 5007 1844 5063 Excoxi

1010 5107 1050 5166 te,
1068 5099 1122 5154 scd
1137 5101 1221 5171 quasi
1233 5114 1288 5153 non
1298 5104 1453 5170 arpentum
1467 5096 1571 5158 libid).
1589 5096 1760 5150 Voluntaria
1775 5111 1842 5151 vero

1011 5191 1135 5260 primam
1144 5188 1232 5242 habet
1244 5203 1393 5241 coronam.
1405 5186 1476 5240 llaec
1488 5190 1533 5240 est
1545 5187 1575 5239 in
1587 5185 1703 5255 spiritu.
1717 5186 1842 5241 Simula-

1011 5278 1085 5333 toria
1097 5280 1142 5332 est
1153 5277 1356 5343 exvoluntate,
1368 5274 1421 5329 sed
1440 5289 1545 5329 nonex
1563 5276 1695 5344 veritate:
1710 5275 1776 5330 ideo
1792 5288 1843 5329 uec

1012 5368 1042 5422 in
1052 5367 1167 5438 spiritu.
1181 5366 1324 5420 Voluntas
1336 5367 1432 5418 autem
1442 5364 1507 5418 sine
1518 5363 1624 5434 spiritu
1633 5367 1678 5418 est
1690 5364 1771 5418 sicut
1781 5379 1843 5419 cor-

1012 5472 1068 5528 pus
1086 5456 1150 5511 sine
1165 5456 1271 5524 anima,
1287 5453 1365 5524 quod
1382 5452 1468 5522 cadit,
1493 5453 1646 5522 putrescit,
1665 5452 1795 5508 solvitur
1816 5453 1844 5507 in

127 5549 220 5619 niam,
247 5547 527 5621 quietestimonium
543 5545 629 5600 bonae
647 5545 734 5600 famae
754 5546 916 5602 coloratum
932 5550 961 5601 et
1011 5547 1175 5617 pulverem.
1192 5544 1267 5599 Dum
1282 5545 1379 5597 autem
1404 5542 1492 5596 homo
1507 5540 1679 5596 humiliatur
1692 5542 1723 5597 in
1739 5542 1844 5615 spiritu

126 5638 339 5712 acceptabilem
349 5635 519 5695 hominihus
526 5634 603 5694 iacit.
617 5636 679 5693 Hae
688 5650 761 5714 ergo
769 5650 842 5692 rone
851 5636 886 5694 da
896 5651 961 5695 eor·
1013 5651 1079 5711 suo,
1095 5637 1127 5691 ut
1141 5634 1178 5690 de
1193 5648 1227 5691 se
1245 5633 1276 5689 iu
1295 5632 1376 5689 nullo
1395 5632 1567 5708 praesumat,
1592 5629 1698 5707 incipit
1719 5630 1845 5691 deiicere
