3796 6022
81 240 163 351 oo

495 242 716 317 APPENDIX
737 244 795 312 AD
817 241 1010 310 HUGONIS
1032 241 1179 310 OPERA
1200 243 1398 311 MYSTICA.

1736 249 1812 314 1144

84 443 262 521 maledicerc
268 445 377 517 populo
389 446 442 505 Dei
456 449 553 518 queat,
565 447 746 503 voluntatem
754 447 807 503 Dei
816 448 917 520 requi·
931 427 960 490 Α
974 445 1147 503 liberatione
1155 447 1390 521 clangorpugnae
1397 464 1455 503 non
1463 447 1806 521 exstititquiatlhristus»

84 534 132 614 rit,
150 534 218 610 quia
235 551 330 589 vanus
341 535 468 606 populus
483 537 514 590 in
524 535 697 608 hujusmodi
707 537 917 592 tentationibus

86 623 260 698 plerumque
272 639 305 681 se
313 623 388 678 intra
400 641 443 695 se,
463 629 494 679 ut
505 625 557 680 Dei
568 625 747 681 voluntatem
759 642 850 696 super
861 627 917 680 hoc

86 712 300 782 sciscitaretur,
319 713 441 786 colligit,
458 718 487 769 et
511 715 579 769 dum
595 715 662 786 ejus
681 715 917 770 benevolentiam

86 809 157 877 arga
169 801 370 859 electosillius
382 804 528 876 agnoscit,
540 805 570 857 in
582 804 740 876 eosjacula
750 821 813 859 suaa
825 803 917 858 male-

85 889 334 964 dictionisjaoare
350 907 409 946 non
419 893 581 963 praesumit.
599 893 731 965 Cumque
745 897 872 948 mentem
888 893 918 948 in

85 995 189 1056 acrum
203 980 478 1051 contemplationem
493 981 651 1036 sublimius
667 983 796 1052 elevant,
820 983 918 1037 statim

85 1069 122 1124 ad
137 1069 315 1144 proterenda
329 1070 545 1125 benedictionis
556 1072 647 1126 verba
663 1075 801 1142 separant
817 1088 823 1127 :
841 1073 918 1127 unde

85 1160 114 1213 et
129 1158 248 1214 Balaam
269 1161 337 1229 post
352 1161 506 1230 acceptum
525 1160 579 1215 Dei
596 1161 752 1215 consilium
774 1161 809 1215 ad
831 1161 918 1216 Balnc

85 1246 139 1324 ait:
155 1247 219 1319 Sta,
238 1247 381 1315 [inlucet
398 1249 538 1312 ausculta,
560 1249 630 1304 audi
647 1248 690 1304 dli
707 1249 834 1322 Scptmr.
851 1249 918 1305 Non

86 1336 223 1414 estDeus
235 1338 319 1410 quasi
328 1338 412 1394 homo
424 1344 453 1392 ut
470 1338 642 1404 mentiatur,
654 1355 707 1393 nec
723 1345 752 1393 ut
769 1339 849 1393 filius
868 1339 918 1392 lio-

83 1425 184 1506 nrinis,
197 1431 227 1481 ut
236 1431 376 1481 mutetur.
389 1426 474 1481 Dixit
482 1443 562 1499 erpo,
577 1433 606 1482 et
619 1427 796 1484 noniaciot?
806 1429 919 1483 locutus

976 537 1026 608 qui
1039 552 1138 591 coram
1149 537 1287 592 tondente
1299 553 1332 592 se
1344 554 1378 593 os
1394 555 1452 593 non
1467 539 1591 609 apernit,
1604 542 1728 610 peccata
1744 541 1806 611 ejus

975 625 1118 695 portando
1126 641 1191 680 eum
1203 625 1348 681 liberavit.
1365 626 1590 681 Torcularealca
1597 628 1639 681 vit
1645 628 1729 683 solus
1736 635 1764 683 et
1775 630 1807 685 de

975 714 1117 786 pentibus
1140 731 1196 770 non
1214 722 1280 770 crat
1298 717 1345 769 vir
1360 733 1422 770 cum
1445 733 1478 770 oo
1492 716 1559 785 (lsa.
1577 717 1670 786 imur).
1695 717 1804 773 Primus

975 803 1075 875 igitur,
1094 803 1158 858 sive
1173 805 1277 875 primae
1298 806 1421 877 clangor
1434 805 1565 859 victoriae
1581 805 1636 860 suit
1652 807 1805 876 canticum,

976 892 1054 962 quod
1070 893 1177 946 cecinit
1187 893 1317 963 Moyses
1331 898 1359 948 et
1369 895 1421 948 tilii
1438 894 1528 949 lsrael
1540 894 1656 950 liberati
1669 896 1707 950 de
1718 897 1805 950 servi·

976 982 1035 1034 tute
1052 981 1216 1035 Pharaonis
1231 983 1313 1054 rogis
1328 982 1461 1054 AEgypti,
1474 983 1607 1038 dicentes
1624 1000 1631 1038 :
1651 983 1806 1040 Cantemus

975 1069 1115 1134 Dominm·
1130 1071 1261 1142 gloriose
1277 1072 1354 1126 caim
1371 1071 1644 1143 uraqnidcatusest,
1663 1089 1767 1144 equum
1781 1080 1806 1128 et

976 1175 1164 1214 ascensorem
1174 1160 1302 1232 projecit
1317 1162 1347 1214 in
1360 1177 1443 1215 inore
1455 1160 1562 1231 (Exod.
1575 1162 1637 1231 κν).
1655 1161 1807 1217 Secundus

976 1251 1082 1317 autem,
1095 1248 1158 1304 sive
1169 1250 1308 1305 secundae
1320 1250 1444 1320 clangor
1454 1250 1585 1305 victoriae
1596 1251 1805 1322 estgratiarum

976 1338 1061 1406 actio,
1075 1353 1162 1408 quam
1180 1339 1256 1392 canit
1268 1339 1410 1409 spiritalis
1423 1339 1513 1393 lsrael
1525 1339 1670 1393 liberatus
1690 1339 1727 1393 de
1747 1356 1805 1394 sar-

976 1426 1067 1480 vitute
1080 1427 1199 1481 diaboli.
1209 1427 1313 1483 Dehoc
1322 1428 1600 1500 olangorcvictoriae
1608 1428 1807 1499 Dominusper

85 1514 916 1588 estetnonimplebit?Adbenediccndrimadductussum,
977 1514 1083 1568 lsaiam
1099 1516 1155 1570 sub
1167 1517 1285 1570 nomine
1294 1515 1365 1571 Sion
1376 1516 1431 1571 ait:
1446 1517 1588 1571 Gaudium
1601 1523 1631 1570 et
1642 1516 1750 1572 taetitia
1765 1519 1806 1571 ia·

84 1603 490 1676 benedictionemproliiberc
498 1621 553 1660 non
564 1605 920 1676 valco.Sta,Balac.Quosi
980 1603 1154 1658 verrieturin
1164 1620 1208 1673 ea,
1216 1606 1472 1676 pretiorumactio,
1483 1612 1512 1660 et
1523 1604 1806 1677 vorlaudis(lsa.ar).

84 1692 199 1766 dicatur
219 1707 225 1747 :
246 1692 374 1762 Desine,
390 1692 520 1760 diabole,
539 1710 585 1749 me
602 1695 638 1749 ad
653 1695 917 1768 blasphemandum
935 1742 961 1804 B
976 1692 1043 1747 Non
1057 1709 1129 1765 ergo
1139 1697 1185 1748 est
1193 1694 1304 1748 idolum
1316 1694 1345 1747 in
1357 1695 1500 1764 spirituali
1515 1693 1618 1763 Jacob,
1632 1710 1690 1749 nec
1698 1695 1807 1750 videtur

80 1778 183 1861 justos
198 1780 331 1851 incitare,
349 1783 417 1854 quia
438 1783 465 1837 si
479 1783 535 1839 hoe
552 1785 650 1841 facere
669 1801 829 1857 praesumo,
846 1784 918 1839 mihi
977 1781 1168 1836 simulacrum
1184 1783 1214 1836 in
1224 1782 1315 1837 lsrael
1326 1799 1331 1837 :
1344 1784 1412 1854 quia
1430 1783 1465 1837 de
1485 1783 1628 1838 servitute
1644 1783 1806 1838 daemonum

88 1869 304 1945 damnationem
316 1871 448 1944 aequiro,
458 1876 487 1929 ot
497 1873 613 1930 illorum
626 1876 749 1931 salutem
760 1893 819 1932 non
829 1875 920 1944 impo—
976 1869 1118 1935 liberatus
1127 1875 1182 1941 est,
1196 1872 1268 1927 etde
1279 1872 1410 1927 tenebris
1424 1872 1605 1926 infidelitatis
1617 1872 1746 1928 eductus
1756 1877 1805 1942 est,

83 1957 142 2014 dio.
155 1958 246 2030 Deus,
257 1960 308 2033 qui
317 1976 377 2018 non
387 1966 516 2020 mutatur
525 1965 624 2035 cordo,
639 1981 698 2021 non
707 1967 846 2023 mentitur
856 1983 917 2040 opo,
975 1959 1409 2034 dumDominusDcusejuscst
1418 1978 1481 2015 cunr
1493 1977 1534 2028 ec,
1549 1967 1578 2016 et
1588 1960 1716 2033 clanqor
1727 1962 1807 2016 victo·

83 2063 143 2103 non
157 2050 287 2105 mutatur
306 2052 471 2123 proposito,
488 2069 548 2110 non
568 2055 707 2110 mentitur
725 2056 830 2126 verbo,
854 2058 918 2128 ipso
973 2049 1029 2103 riae
1040 2049 1125 2121 repis
1139 2049 1170 2103 in
1181 2049 1242 2104 illo.
1261 2050 1304 2104 Ad
1320 2066 1408 2122 quam
1423 2050 1510 2105 etiam
1525 2051 1708 2105 sententiam
1722 2051 1805 2105 robo-

82 2138 237 2218 proposuit
251 2140 280 2194 at
292 2140 429 2210 promisit
439 2141 468 2196 in
480 2142 594 2198 semine
605 2144 733 2198 Abrahae
750 2160 783 2200 se
794 2145 918 2200 benedi·
973 2137 1097 2192 Pandam
1107 2138 1223 2194 subdit:
1237 2139 1318 2194 Deus
1326 2139 1430 2194 edu-“¹“
1440 2156 1503 2194 01¹1ss
1513 2140 1549 2194 de
1561 2139 1712 2212 AEpppto,
1730 2140 1805 2212 Citii

83 2227 198 2282 viltrum
210 2232 438 2301 omnesgcntes.
448 2230 520 2299 Qus
530 2247 602 2304 ergo
616 2233 780 2304 proposuit,
799 2251 857 2289 non
873 2234 918 2288 ta·
972 2225 1117 2282 tortitudo
1124 2227 1234 2282 similis
1248 2228 1460 2284 rhinocerotis
1477 2228 1806 2285 Rhinocerosindoma·

83 2313 160 2394 ciet?
170 2317 292 2393 atqnod
310 2316 393 2389 dixit,
402 2335 464 2375 non
481 2320 632 2392 implebit?
644 2321 746 2378 Absit!
764 2323 821 2379 Est
838 2325 915 2379 paim
973 2315 1043 2369 bilis
1056 2319 1169 2372 naturae
1187 2320 1232 2372 est
1243 2334 1249 2372 :
1262 2320 1290 2372 et
1302 2317 1509 2373 Deusomnino
1522 2318 1807 2389 incomprehensibi-

82 2403 164 2469 Deus
177 2421 281 2479 verax,
295 2408 390 2462 omnis
400 2414 497 2465 autom
508 2411 592 2467 homo
610 2412 740 2467 mendox
755 2413 848 2483 (Rom,
862 2414 914 2485 m).
973 2403 1021 2474 lis,
1034 2409 1063 2460 et
1074 2406 1255 2462 invincibilis
1275 2410 1330 2477 est,
1345 2408 1531 2463 Rhinoceros
1550 2407 1654 2462 Latine
1675 2410 1763 2463 sonat
1779 2407 1808 2461 in

83 2491 169 2571 Unde
180 2493 249 2566 quia
262 2495 342 2551 Deus
355 2512 447 2552 verax
457 2503 503 2553 est
518 2499 547 2553 io
557 2500 726 2571 promissis,
739 2501 807 2573 ojus
816 2517 915 2558 sermo
973 2509 1043 2549 nare
1056 2510 1158 2550 cornu.
1172 2495 1282 2567 thuia
1291 2513 1361 2550 nare
1373 2497 1480 2551 odores
1490 2496 1661 2567 fetoresque
1671 2496 1810 2551 discerni·

84 2581 215 2657 quotidie
231 2584 362 2639 cernitur
371 2585 535 2657 adimpleri.
548 2588 623 2642 Nam
634 2588 794 2645 electorum
807 2590 917 2663 justili-
974 2599 1050 2653 mus»
1064 2587 1143 2639 Ρθθῑθ
1152 2600 1206 2655 Pffl'
1219 2601 1319 2640 ssfllssffl
1331 2585 1521 2641 dl⁸⁰s⁰ll⁰fll⁸
1530 2585 1807 2656 iflffldefflflllssmlfl·

84 2665 160 2725 catio
176 2673 204 2725 et
219 2671 343 2727 salvatio
359 2671 426 2744 ejus
442 2677 488 2729 ost
503 2675 680 2732 benedictio,
973 2672 1134 2745 telligimus
1154 2689 1207 2744 per
1232 2691 1324 2729 cornu
1342 2679 1438 2729 autem
1456 2674 1616 2745 potentiam
1635 2675 1806 2746 accipimus.

119 2757 204 2837 Dicat
213 2758 311 2832 itaque
321 2777 417 2818 vanus
427 2764 555 2835 populus
568 2781 574 2821 :
585 2764 667 2831 Quod
682 2782 754 2840 ppg0
764 2769 843 2824 [teus
859 2773 917 2824 sia.
973 2761 1124 2817 Fortitudo
1133 2778 1205 2834 ergo
1218 2763 1270 2817 Dci
1279 2764 1569 2834 quasirbinocerotis
1582 2767 1639 2833 est,
1650 2764 1721 2835 quia
1733 2764 1807 2819 Deus

82 2847 321 2927 tuit.adimplero,
344 2851 476 2925 nunquid
492 2869 548 2927 ego
564 2871 688 2926 possum
704 2856 778 2912 mois
793 2858 917 2914 molodi-
974 2848 1154 2906 sortitudinis
1164 2868 1227 2907 suae
1239 2853 1396 2922 potentiam
1407 2854 1490 2907 mirae
1502 2852 1696 2908 discretionis
1712 2853 1807 2908 mode-

84 2937 233 3014 ctionib'us
258 2943 422 2998 evacuare?
443 2941 528 3007 Quin
541 2943 600 3000 imo
623 2945 660 3000 ad
683 2946 918 3004 benedicendum
974 2939 1659 3012 ra1115110⁵011¹i)t³¹'0i't³¹'00¹·UssdssSffl'lPlumest
1678 2958 1684 2998 ²
1709 2942 1808 2998 Τῑῑῦθ·

84 3025 231 3093 adductus
241 3044 308 3084 sum
321 3029 558 3088 benedictionem
575 3034 733 3105 prohibero
747 3052 807 3091 non
822 3037 916 3094 poteo,
936 3029 1054 3113 Gmine
1070 3028 1232 3100 Sabbaoth,
1257 3031 1353 3086 onrnia
1376 3048 1439 3086 cum
1461 3031 1681 3104 tranquillitate
1691 3032 1806 3104 judicas

84 3116 217 3196 Reprohi
231 3118 348 3193 quippe,
366 3120 435 3178 dum
450 3122 486 3177 ad
502 3124 755 3195 contemplandam
766 3125 917 3197 ‚justorum
976 3117 1103 3190 (Jerxrt.
1114 3118 1150 3173 Et
1160 3120 1196 3174 de
1208 3119 1356 3190 Sapientia
1372 3121 1498 3192 legitur:
1512 3119 1592 3186 Quod
1603 3121 1729 3193 attinpit
1743 3137 1759 3174 a
1773 3119 1805 3175 ti-

82 3205 173 3262 vitam
188 3208 353 3282 eriguntur,
369 3212 399 3265 ot
413 3210 478 3282 ipso
493 3211 685 3268 admiratione
702 3231 814 3286 popum,
832 3215 918 3287 jusit.
976 3223 1014 3263 ne
1029 3224 1119 3281 usque
1136 3208 1272 3264 adduam
1287 3209 1421 3281 sortiter,
1440 3216 1469 3265 et
1485 3208 1617 3281 disponit
1635 3211 1733 3264 omnia
1745 3225 1805 3264 sua·

83 3295 152 3359 tiam
166 3311 269 3355 aarum
284 3314 371 3371 quarn
387 3315 449 3355 non
462 3300 588 3374 diligunt
602 3303 765 3373 praedicare
787 3304 918 3376 compel—
978 3296 1057 3350 viter
1078 3296 1159 3369 (Sap.
1184 3300 1257 3368 vm).
1280 3299 1324 3353 Ad
1340 3299 1419 3354 bunc
1435 3300 1521 3354 etiam
1538 3314 1663 3354 sensum
1687 3301 1805 3370 pertinet

82 3383 193 3460 luatur.
214 3384 286 3452 Quae
301 3387 496 3445 benedicendi
520 3390 585 3446 laus
604 3408 664 3447 nou
685 3395 742 3447 tam
763 3409 800 3449 ex
816 3409 917 3449 eorum

83 3474 233 3529 voluntate
253 3491 342 3548 quam
365 3492 403 3531 ex
427 3478 526 3532 divina
550 3479 684 3550 procedit
711 3481 916 3552 dispositione.

84 3560 169 3624 Unde
181 3563 209 3617 et
221 3562 340 3620 Balaam
354 3565 394 3621 ait
410 3581 417 3622 :
429 3566 674 3625 Benedictionem
686 3571 850 3642 prohibere
862 3588 919 3628 non

86 3650 179 3730 valeo.
191 3651 509 3727 Cujushanedictionis
520 3658 610 3712 verba
627 3661 696 3715 sunt
707 3659 785 3715 haec:
797 3659 864 3716 Nou
874 3666 920 3716 est

83 3741 194 3817 idolum
204 3743 235 3799 in
250 3745 351 3817 Jacob,
366 3760 422 3802 nec
440 3746 559 3803 videtur
568 3747 757 3804 simulacrum
768 3751 799 3802 in
811 3749 917 3806 Israel.

83 3831 227 3897 Dominus
240 3834 321 3891 Deus
336 3835 401 3909 ejus
415 3852 478 3892 cum
490 3851 524 3893 eo
540 3843 595 3903 est,
610 3843 640 3892 et
653 3837 774 3910 ctanpor
787 3839 920 3895 victorico

83 3924 211 3999 recisio
222 3924 283 3980 illo.
297 3926 441 3981 Removet
452 3929 550 3982 autem
559 3927 703 3998 spirituaii
715 3927 823 3999 populo
832 3929 917 3999 mala,

74 4012 323 4093 ,pmdicatbona
340 4013 416 4069 Mala
432 4015 666 4072 scilicetidolum
685 4019 712 4073 et
727 4017 919 4073 simulacrum

83 4105 217 4159 removet
230 4117 247 4159 a
258 4102 367 4174 populo
382 4104 541 4175 spirituali,
558 4121 625 4176 quoe
641 4105 793 4160 incarnati
809 4106 918 4176 populo

84 4187 246 4262 antiquitus
264 4189 326 4247 tere
337 4191 474 4248 continue
490 4196 605 4249 constat
616 4193 760 4248 extitisse.
775 4195 918 4250 Praedicat

82 4276 173 4350 bona,
185 4294 252 4353 quaa
262 4278 293 4336 in
301 4280 411 4353 populo
421 4281 567 4353 spirituali
577 4298 647 4337 vere
658 4285 687 4338 et
696 4282 826 4354 per-tacte
838 4300 918 4355 repe·

975 3383 1046 3439 illud
1063 3385 1240 3443 Psalmistae.
1257 3388 1344 3443 Misit
1357 3388 1507 3455 tenebras
1527 3394 1556 3442 et
1574 3387 1760 3458 obscuravit,
1780 3392 1805 3442 et

975 3489 1032 3528 non
1048 3477 1196 3532 exacerbo
1204 3477 1243 3532 rit
1259 3493 1413 3532 sermones
1428 3492 1497 3531 suos
1512 3476 1606 3547 (Psal.
1621 3479 1692 3546 civ).

1011 3563 1083 3628 Quia
1092 3581 1164 3638 ergo
1175 3567 1254 3621 [leus
1266 3567 1366 3623 eduxit
1376 3566 1559 3637 spiritualem
1570 3566 1663 3620 lsrael
1675 3566 1712 3622 de
1721 3565 1806 3637 AEgy·

976 3656 1025 3724 pto
1041 3655 1169 3726 antiquie
1185 3656 1375 3725 infidelitatis,
1392 3656 1496 3710 merito
1512 3657 1541 3709 in
1562 3670 1597 3710 eo
1618 3671 1678 3710 non
1696 3656 1805 3710 videtur

978 3742 1168 3807 simulacrum
1183 3746 1293 3817 antiqui
1318 3745 1440 3801 erroris,
1463 3744 1521 3800 Sed
1536 3746 1606 3817 quia
1621 3746 1693 3799 sunt
1715 3744 1800 3822 multi,

976 3831 1803 3903 quiChristiunitatisnominecensentur,neosimulacris

977 3921 1050 3975 colla
1062 3921 1246 3992 submittunt,
1263 3925 1312 3995 qui
1323 3926 1419 3979 tamen
1431 3924 1522 3977 variis
1533 3923 1702 3996 sortilegiis
1720 3920 1803 3977 sacri·

975 4007 1043 4080 lego
1052 4026 1133 4066 more
1143 4014 1171 4065 et
1182 4012 1412 4068 divinationibus
1423 4000 1587 4082 intendunt,
1600 4014 1682 4066 recte
1694 4011 1730 4066 de
1738 4024 1802 4066 vero

975 4097 1067 4153 lsrael
1088 4101 1228 4170 praedicat
1237 4103 1340 4156 dicens
1351 4119 1356 4156 :
1367 4102 1434 4156 Non
1446 4107 1492 4156 cst
1501 4102 1656 4173 aupurium
1667 4103 1700 4154 iu
1710 4098 1803 4166 Jacob,

974 4187 1802 4256 necdivinatioinlsrael.ExsalsisenimIsraelitissunt‚

974 4275 1024 4346 qui
1046 4276 1076 4330 in
1091 4276 1264 4350 hujusmodi
1279 4279 1458 4334 vanitatibus
1474 4279 1561 4334 iidem
1581 4295 1667 4333 suam
1684 4282 1713 4333 et
1728 4291 1804 4349 spem

83 4366 209 4445 riantur.
220 4368 305 4425 Unde
314 4371 724 4443 sponsussponsamloodons
735 4374 789 4428 ott:
802 4373 917 4428 Uiioest
931 4367 1095 4441 [pponunt.
1107 4366 1191 4422 Unde
1199 4371 1226 4422 et
1239 4365 1802 4440 ApostolusGalatasrcdarguensdicit:

84 4456 215 4537 columba
223 4474 298 4530 mea,
302 4460 439 4532 perlecta
447 4477 511 4516 mea
523 4460 620 4529 (Cant.
628 4463 680 4533 vr).
694 4461 836 4516 Removet
846 4478 917 4533 apo·

84 4545 154 4625 pulo
166 4547 311 4620 spirituali
327 4564 444 4605 omnem
455 4550 649 4606 idololatriam
661 4554 689 4605 et
705 4551 915 4621 infidelitatem,

83 4635 134 4692 ubi
143 4635 214 4692 dicit
226 4652 233 4693 :
244 4637 312 4695 Non
321 4638 627 4711 estidolumindacoli,
640 4656 695 4695 nec
709 4640 918 4695 videtursimu-

83 4723 195 4787 lacrum
215 4725 247 4781 in
258 4726 361 4785 lsrael.
377 4727 524 4784 Proedicat
537 4728 698 4800 perlectam
713 4729 917 4785 liberationem

84 4812 152 4892 ejus
167 4830 201 4870 ac
215 4814 390 4887 libertatem,
407 4816 459 4871 ubi
472 4816 552 4872 addit
571 4833 577 4872 :
599 4818 742 4874 Dominus
758 4818 839 4873 Deus
854 4817 919 4889 ejus

85 4917 149 4979 eqni
167 4917 202 4959 eo
216 4907 272 4974 est,
291 4910 319 4961 ct
329 4904 451 4978 clanpor
471 4905 604 4962 victoriae
619 4907 703 4978 repis
716 4907 747 4960 in
767 4905 827 4962 illo.
840 4907 872 4960 ln
883 4922 917 4961 eo

83 4992 163 5069 quod
174 4990 317 5049 Dominus
328 4993 408 5051 Deus
416 4994 483 5068 ejus
495 5011 562 5051 cum
573 5011 608 5052 eo
621 4999 677 5066 est,
688 4995 749 5068 jam
758 5011 817 5051 non
826 4996 919 5050 servit

83 5068 229 5153 spirituali
246 5081 391 5138 Pharaoni
403 5085 432 5138 in
445 5084 588 5157 AEgypto,
601 5084 630 5139 in
643 5100 678 5140 co
695 5085 775 5154 quod
795 5083 919 5157 clangor

81 5169 215 5230 victoriae
225 5170 308 5245 regis
320 5176 365 5228 est
380 5172 410 5228 in
428 5173 559 5246 illo,jam
571 5176 667 5229 cantat
683 5173 829 5228 canticum
847 5189 917 5245 gra-

82 5261 189 5325 tiarum
199 5261 324 5317 actionis
334 5276 401 5317 cum
411 5262 514 5334 Moyse
526 5265 555 5319 in
566 5264 694 5334 deserto,
708 5262 919 5335 Etdilligenter

81 5351 290 5407 attendendum
301 5351 378 5422 quod
388 5366 446 5406 non
456 5353 627 5424 aitclangor
642 5369 762 5424 pugnae,
771 5352 823 5406 scd
835 5351 916 5406 clan-

80 5456 138 5513 gor
148 5440 291 5516 victoriae.
304 5440 336 5493 ln
348 5440 544 5511 praecedentis
563 5441 670 5511 quippe
686 5441 785 5510 populi
806 5441 917 5494 libera-

960 4459 962 4463 ’
975 4452 1236 4525 Dicsolrscrvatis,
1250 4463 1279 4512 et
1290 4474 1417 4526 irienses,
1427 4463 1456 4512 ct
1468 4463 1599 4529 tempora
1611 4462 1642 4511 et
1654 4472 1757 4526 annos,
1771 4453 1805 4508 ti·

975 4557 1039 4598 mco
1049 4545 1481 4615 vos,netrustrnlaboraverim
1493 4547 1524 4600 in
1539 4545 1624 4600 vobis
1632 4544 1745 4614 (Galat.
1757 4542 1803 4611 iv).

976 4629 1007 4685 ln
1017 4648 1087 4687 vcro
1096 4637 1192 4689 autem
1202 4635 1304 4704 lsrael,
1313 4635 1390 4689 sicut
1399 4652 1457 4689 non
1469 4637 1515 4689 est
1525 4634 1637 4688 idolum
1647 4634 1806 4689 sivesimu-

975 4718 1097 4792 lacrum,
1112 4724 1157 4777 sic
1167 4740 1225 4779 non
1235 4726 1279 4778 est
1293 4724 1460 4796 augurium,
1476 4723 1626 4785 divinatio,
1640 4720 1805 4788 incantatio,

976 4810 1345 4883 sivealiquasupertitiosa
1362 4812 1541 4882 observatio,
1551 4811 1751 4883 velquidquid
1759 4828 1805 4867 sa·

977 4914 1035 4954 orae
1054 4900 1120 4955 tldci
1137 4900 1278 4972 probatur
1294 4902 1483 4956 contrarium.
1496 4900 1590 4972 Cujus
1601 4900 1741 4956 videlicet
1755 4916 1805 4971 pc-

976 4988 1036 5059 puli
1044 4989 1121 5044 bona
1129 4990 1271 5060 spiritalia
1282 4989 1696 5062 adhucelcganterpraedioat,
1708 4994 1806 5045 uteum

976 5078 1805 5150 nonmaledictione,sedbencdictionedignumostendat.

981 5168 1181 5240 TeinporiliuS,
1199 5169 1301 5239 inquit,
1318 5168 1383 5223 suis
1402 5169 1521 5223 dicetur
1536 5167 1627 5223 Jacob
1644 5180 1672 5221 ct
1693 5167 1805 5232 israeli,

978 5258 1047 5331 quid
1057 5265 1195 5330 operatus
1205 5257 1342 5312 sitDcus.
1354 5256 1600 5327 Quomodotlpse
1613 5255 1806 5311 cisrevclabit

978 5348 1026 5419 qui
1036 5349 1191 5401 urinantiet
1203 5347 1323 5402 verbum
1335 5363 1417 5401 suum
1427 5345 1527 5415 Jacob,
1537 5345 1680 5417 justitias
1688 5352 1718 5400 et
1727 5345 1805 5416 iudi-

977 5439 1021 5491 cia
1041 5454 1092 5490 sua
1110 5435 1216 5490 Israel.
1239 5436 1306 5490 Non
1326 5435 1398 5490 iacit
1416 5434 1519 5489 taliter
1534 5434 1613 5488 omni
1633 5435 1758 5504 urationi,
1780 5439 1806 5486 et

81 5529 160 5602 tione
170 5528 293 5601 clangor
303 5544 411 5601 pugnae
422 5544 481 5583 non
497 5527 560 5595 suit,
574 5529 642 5598 quia
654 5529 797 5583 Dominus
815 5545 868 5599 pro
880 5544 915 5583 eo
970 5527 1144 5599 judiciesua
1154 5542 1210 5579 non
1220 5522 1579 5591 inaniicstaviterstPsal.
1588 5524 1710 5594 cxcvii).
1721 5522 1808 5583 blani-

80 5618 233 5703 pugnavit,
245 5622 274 5675 et
287 5616 462 5696 ipsetqcuit.
474 5616 671 5692 insequentis
683 5633 801 5690 quoque
813 5616 916 5690 populi
975 5616 1120 5685 testantur
1130 5613 1355 5686 aulemjudicia,
1368 5613 1432 5669 sive
1442 5628 1532 5684 opera
1545 5612 1598 5668 Dei
1612 5611 1753 5673 fidelibus
1763 5611 1807 5667 di·
