3796 6022
126 261 207 345 lm
547 257 770 324 APPENDIX
783 256 1052 325 nu-Hueottts
1064 256 1209 323 OPERA
1232 257 1427 324 MYSTICA.
1779 257 1853 331 1Ιῆ

130 461 239 536 (Eroti.
256 461 370 533 xxxiv).
386 461 470 519 lstud
483 477 586 517 semen
597 463 643 516 est
653 461 723 516 illud
732 476 858 534 granum
874 475 962 515 evan·
976 443 1005 506 Α
1020 459 1128 515 testum
1144 462 1199 530 est,
1217 457 1286 515 dum
1301 459 1426 516 Romani
1441 460 1506 516 Tito
1521 460 1595 516 duce
1612 459 1774 518 obsidione
1786 459 1849 516 iiie-

130 550 261 625 gelicum
275 550 424 619 frumenti,
441 550 520 622 quod
536 550 645 605 cadens
670 551 699 604 in
723 552 831 605 terram
846 564 900 619 per
914 548 961 603 in·
1019 547 1236 619 rosolymorum
1251 549 1341 603 multa
1357 549 1447 604 millia
1464 549 1637 605 iudeorum
1653 553 1846 621 peremerunt,

130 639 339 707 carnaticnem,
352 642 380 693 et
394 638 600 693 mortillcatum
619 639 855 709 perpessionem
869 636 963 691 attulit
1018 637 1346 707 murossubvcrterunt,
1356 639 1496 709 templum
1506 639 1742 709 succenderunt,
1752 639 1846 695 etreli-

127 727 257 785 tructum
272 729 395 783 multum
416 727 512 796 (dean.
529 727 582 797 xnl
604 743 657 797 per
681 726 839 781 multorum
857 726 964 796 impio·
1018 742 1105 797 quam
1118 730 1230 796 partem
1244 726 1355 797 populi,
1372 743 1438 798 quae
1450 729 1574 782 mortem
1585 729 1728 782 evaserat
1742 727 1845 798 incap-

131 831 196 871 rum
208 815 461 887 justificationem,
474 816 524 887 qui
532 817 580 871 hic
596 816 803 887 significantur
813 832 866 884 per
876 831 965 886 aqua·
1018 815 1158 868 tivitatem
1175 815 1331 885 duxerunt,
1348 817 1376 869 et
1394 831 1447 886 per
1469 816 1609 888 regiones
1635 816 1845 886 disperserunt.

133 920 198 961 rum
221 901 445 960 multitudinem.
462 905 554 977 Aqua
573 905 650 960 enim
666 910 735 962 sunt
748 903 836 976 popul
843 905 847 913 '
861 903 981 975 (Apoc.·
1018 902 1193 973 Spiritaliter
1213 907 1311 958 autem
1333 908 1439 976 gentes
1462 904 1565 959 hostes
1589 905 1672 960 illius
1698 905 1844 973 devorant,

134 993 218 1064 xvir),
234 995 262 1048 et
283 1009 368 1065 aquae
393 994 491 1049 multae
513 995 614 1067 populi
631 993 726 1050 multi.
743 992 874 1059 Quorum
888 991 965 1046 mul·
1018 991 1088 1046 durn
1103 993 1241 1047 conversi
1256 1008 1294 1047 ex
1321 993 1461 1066 gentibus
1485 993 1521 1047 ad
1551 993 1640 1049 iidem
1665 992 1781 1066 Christi
1802 1009 1848 1065 per

131 1080 284 1138 titudinem
299 1081 543 1138 innumerabilem
566 1083 719 1138 lohannes
736 1083 767 1136 in
785 1080 967 1154 Apocalypsi
1018 1096 1104 1134 suurn
1115 1081 1428 1151 praedicationemsive
1439 1081 1847 1152 ludaeorumperiidiam,sive

130 1169 278 1244 designat,
289 1171 416 1241 ubipost
427 1172 621 1244 quadraginta
634 1170 966 1243 quatuormilliasigna-
1019 1169 1219 1240 quorumlibet
1233 1170 1357 1225 aliorum
1372 1171 1525 1241 perfidiam
1541 1170 1719 1226 ludaeorum
1738 1170 1846 1229 imitan-

131 1262 178 1317 tes
190 1275 227 1316 ex
238 1260 317 1316 omni
326 1260 404 1316 tribu
414 1260 542 1316 illiorum
551 1261 643 1316 lsrael
654 1261 756 1332 (Apcc.
768 1259 831 1328 vul,
843 1262 967 1314 testatur
1018 1258 1100 1327 tium,
1118 1258 1352 1315 incredulitatem
1367 1263 1508 1330 superant
1518 1275 1526 1330 3
1537 1263 1565 1315 et
1581 1260 1653 1315 dum
1666 1275 1775 1317 eorum
1788 1259 1846 1315 iufl-

133 1349 292 1405 sevidisse
305 1350 573 1423 turbammagnam,
588 1366 671 1422 quam
683 1351 874 1405 dinumerare
883 1362 968 1402 neruo
1019 1346 1137 1401 delitate
1154 1347 1268 1402 devicta
1284 1363 1337 1403 eos
1351 1349 1389 1402 ed
1403 1348 1491 1403 sidem
1505 1350 1624 1419 vocent,
1639 1349 1712 1420 quia
1733 1364 1788 1404 eos
1800 1348 1850 1405 sibi

132 1436 378 1510 poterat(1bid.).
396 1438 479 1492 Hanc
494 1438 626 1494 eamdem
643 1438 858 1494 multitudinem
873 1437 967 1492 isaias
1019 1435 1219 1506 incorporant.
1235 1436 1366 1502 Quorum
1387 1452 1458 1492 ossa
1478 1437 1682 1509 confringunt,
1708 1437 1780 1494 dum
1803 1437 1849 1502 du-

133 1541 236 1583 semen
246 1526 414 1601 longaevum
424 1531 520 1596 vocat,
530 1527 581 1583 ubi
599 1528 634 1582 dc
645 1529 786 1598 passione
802 1525 923 1596 Christi,
939 1529 968 1580 et
1019 1525 1115 1579 riores
1130 1525 1280 1595 quoslibet
1296 1528 1324 1581 et
1339 1525 1478 1581 tortiores
1494 1543 1531 1581 ex
1545 1527 1633 1598 ipsis,
1649 1528 1770 1582 terrore
1784 1525 1848 1581 divi·

134 1613 336 1686 redemptione
345 1616 592 1687 generishumuni
602 1617 690 1673 multa
699 1616 853 1672 locutusin
864 1628 967 1687 perso·
1019 1629 1066 1668 nae
1083 1615 1319 1670 comminationis
1334 1615 1496 1671 emolliunt.
1506 1615 1541 1670 Et
1556 1631 1628 1670 ossa
1643 1631 1752 1670 eorum
1767 1615 1850 1687 sagit·

134 1716 173 1765 na
188 1702 241 1757 Dei
252 1704 358 1775 Patris,
368 1705 495 1778 adjecit:
509 1706 545 1760 Si
550 1707 686 1779 posuerit
698 1723 755 1778 pro
771 1710 893 1778 peccato
904 1703 967 1759 ani·
1021 1702 1060 1756 tis
1071 1702 1231 1773 perforant,
1249 1703 1319 1759 dum
1333 1720 1435 1759 eorum
1450 1704 1522 1759 dura
1540 1705 1630 1760 corda
1645 1703 1847 1761 subtilissime

135 1803 210 1845 mam
221 1805 312 1862 suain,
326 1793 440 1849 videbit
451 1810 552 1850 semen
563 1795 726 1867 longaevum
736 1796 805 1865 (Isa.
819 1793 889 1864 nur).
900 1792 968 1848 Per·
983 1763 1009 1825 Β
1024 1789 1184 1862 Scripturas
1200 1793 1389 1848 sermonibus
1404 1796 1565 1864 penetrant,
1577 1797 1608 1848 ut
1623 1793 1696 1848 illuc
1707 1792 1850 1848 inrisum

136 1881 275 1937 manetin
289 1884 398 1939 mundo
409 1900 463 1955 per
480 1885 654 1957 gratiam,in
673 1885 747 1940 coelo
763 1902 816 1957 per
831 1885 966 1958 gloriam.
1024 1879 1173 1952 inducant,
1198 1884 1227 1936 et
1251 1898 1304 1942 eos
1327 1882 1492 1937 secundum
1512 1897 1632 1937 carnem
1657 1881 1805 1951 occidant,
1827 1885 1851 1936 et

179 1968 542 2047 Tolleturpropterrlgag,
553 1974 969 2046 rexep'uS,ctautcrcturreg·
1025 1969 1189 2025 secundum
1205 1971 1341 2041 spiritum
1355 1963 1490 2026 viventes
1505 1971 1639 2026 reddant.
1656 1969 1800 2036 Quamvis
1809 1985 1852 2026 su·

139 2076 207 2117 num
221 2059 314 2117 illius.
331 2062 418 2117 Juxta
442 2062 568 2117 litteram
592 2065 680 2118 etium
701 2065 758 2119 hoc
781 2079 885 2118 verum
900 2078 970 2118 esse
1024 2062 1083 2113 tem
1098 2059 1163 2114 haec
1188 2060 1352 2115 secundum
1374 2060 1537 2132 spiritalem
1561 2058 1791 2133 intelligentiam
1813 2059 1851 2114 sic

139 2149 220 2205 omni
234 2150 340 2207 scienti
356 2150 519 2223 historiam,
536 2168 604 2224 quae
619 2153 648 2208 in
663 2154 738 2208 libro
751 2153 866 2224 Regum
876 2153 971 2223 primo
1025 2147 1231 2220 discutiamus,
1248 2165 1307 2204 nou
1322 2153 1420 2204 tamen
1436 2164 1471 2204 ea
1484 2149 1521 2204 ad
1536 2144 1665 2204 litteram
1681 2149 1804 2221 antiquo
1816 2147 1852 2204 illi

140 2238 315 2310 scriptaest,
332 2241 521 2312 perspicuum
539 2246 594 2297 est.
612 2243 687 2297 Nam
706 2242 896 2312 praecipiente
911 2240 971 2297 Do·
1025 2239 1053 2291 et
1081 2238 1191 2292 carnali
1219 2237 1327 2310 populo
1352 2239 1493 2295 evenisse
1516 2253 1674 2311 negamus,
1702 2238 1775 2292 dum
1794 2237 1853 2293 alie

142 2327 223 2389 mino
238 2329 369 2399 perrexit
383 2328 462 2400 Saul,
484 2334 515 2385 ut
531 2331 642 2386 deleret
658 2330 807 2398 Amalech,
827 2333 855 2384 et
869 2345 972 2401 regem
1024 2329 1129 2398 gentes
1145 2327 1218 2381 alias
1244 2327 1339 2383 eidem
1363 2327 1471 2399 populo
1492 2327 1614 2383 odiosas
1637 2327 1852 2396 subverterunt,

139 2413 218 2488 ejus,
236 2419 265 2472 et
278 2418 421 2489 quidquid
436 2419 477 2472 ibi
492 2420 592 2473 vivum
607 2419 778 2490 reperisset,
799 2417 852 2472 sed
870 2418 900 2472 in
915 2417 971 2472 hoc
1022 2418 1055 2471 ut
1074 2416 1168 2486 Cyrus
1185 2419 1213 2471 et
1227 2416 1333 2472 Darius
1351 2415 1543 2488 Babylonios,
1563 2418 1593 2471 et
1607 2414 1714 2487 plures
1735 2415 1786 2471 alii
1798 2415 1853 2487 plu·

139 2504 316 2562 inobediens
328 2506 453 2561 Domino
469 2507 533 2576 fuit,
546 2508 820 2580 quiaAgagregem
830 2505 970 2560 Amalech
1023 2521 1073 2560 res
1089 2505 1175 2560 alios,

137 2594 240 2650 vivum
255 2595 429 2650 reservavit.
447 2594 531 2650 Unde
551 2596 593 2649 illi
616 2611 740 2650 reverso
763 2595 799 2649 de
821 2594 902 2649 caede
918 2610 971 2665 per
1058 2593 1218 2648 decubans
1233 2593 1375 2649 dormivit
1388 2599 1417 2648 ut
1432 2593 1488 2664 leo,
1506 2597 1536 2649 et
1552 2593 1639 2666 quasi
1653 2592 1761 2664 leaena,
1778 2608 1854 2666 quam

138 2680 304 2738 Samuelem
321 2681 431 2736 dietum
447 2686 511 2737 est:
529 2682 665 2754 Projecit
680 2689 709 2738 te
725 2683 868 2739 Dominus
881 2683 972 2738 nasis
1023 2683 1172 2737 suscitare
1188 2681 1286 2738 nullus
1300 2682 1431 2738 audebit.
1444 2682 1501 2737 Sed
1518 2686 1546 2737 et
1557 2682 1613 2737 hoe
1624 2682 1748 2754 antiquo
1758 2680 1852 2737 israeli

136 2785 295 2841 rexsuper
307 2769 407 2825 Israel
420 2770 505 2843 (Hcg.
529 2774 590 2834 xvi.
607 2772 643 2827 Et
658 2775 725 2843 post
740 2787 853 2843 pauca:
871 2771 970 2827 Scidit
1024 2771 1189 2827 secundum
1207 2771 1333 2827 litteram
1358 2771 1497 2828 evenisse
1526 2774 1627 2826 notum
1650 2775 1707 2839 est,
1732 2770 1851 2826 manime

137 2856 310 2914 Dominuse
328 2865 357 2913 te
379 2875 503 2932 reguum
518 2860 618 2916 lsrael
636 2861 732 2925 lrodie,
751 2867 780 2916 ct
796 2861 879 2915 dedit
895 2860 970 2916 illud
1024 2860 1094 2915 dum
1108 2876 1162 2933 per
1170 2860 1262 2915 David
1282 2860 1428 2932 subjectis
1447 2861 1477 2914 in
1492 2876 1566 2932 gyro
1586 2860 1769 2932 nationibus,
1785 2863 1853 2914 tem·

132 2947 270 3019 proximo
282 2953 329 3004 tuo
337 2949 456 3004 meliori
473 2955 511 3005 tc.
528 2951 569 3004 Et
581 2950 771 3005 nactolinvid
782 2950 969 3006 directusest
1024 2965 1097 3019 pore
1121 2947 1288 3005 Salomonis
1308 2950 1467 3021 tranquilla
1490 2966 1547 3020 pax
1562 2949 1721 3019 exstiterit,
1739 2964 1793 3007 nec
1806 2963 1853 3003 rex

135 3036 262 3108 spiritus
271 3037 383 3093 domini
390 3039 422 3092 in
430 3038 529 3094 David
540 3055 555 3094 a
567 3039 616 3095 die
626 3038 678 3095 illa
688 3045 717 3094 et
729 3041 759 3094 iu
771 3039 926 3112 reliquum,
939 3044 969 3094 ct
983 3075 1009 3137 C
1025 3038 1072 3093 vel
1084 3053 1209 3111 regnum
1218 3038 1316 3108 fuerit,
1329 3039 1407 3110 quod
1419 3054 1486 3094 eum
1501 3038 1731 3108 praesumpserit
1745 3040 1852 3109 pertur-

134 3126 967 3200 recessiteSaul,eteraqitabateumspiritusuequarna
1025 3128 1106 3198 bare,
1129 3127 1176 3182 vel
1201 3126 1268 3198 ejus
1290 3128 1419 3199 quietem
1442 3127 1616 3199 inquietare.
1639 3126 1766 3198 Mystico
1788 3140 1852 3180 vero

132 3212 378 3285 Dominelilrid.).
394 3215 540 3281 Quantum
555 3221 652 3272 aulem
668 3217 704 3271 ad
720 3217 882 3288 spiritalem
898 3232 967 3286 per·
1025 3215 1194 3287 specialiter
1208 3216 1273 3271 haee
1289 3216 1536 3287 contemplativis,
1553 3219 1581 3271 et
1604 3215 1776 3288 quibusque
1790 3229 1850 3286 per·

132 3302 205 3361 tinet
215 3303 836 3378 intelligentiam,rexlsraelpropterAgag
844 3306 965 3376 tollitur,
1025 3305 1111 3360 tectis
1128 3305 1316 3375 conveniunt,
1333 3305 1384 3376 qui
1410 3307 1518 3377 quanto
1534 3319 1550 3358 a
1566 3305 1695 3360 terrenis
1720 3303 1849 3376 negotiis,

132 3391 202 3446 dum
216 3391 324 3464 aliquis
341 3393 480 3463 praelatus
504 3395 728 3450 ecclesiasticus
749 3398 850 3450 contra
866 3394 968 3450 diabo-
1024 3397 1052 3449 et
1071 3394 1197 3464 strepitu
1220 3393 1320 3448 mundi
1340 3393 1460 3465 longius
1479 3396 1558 3461 sunt,
1575 3395 1655 3448 tauto
1678 3392 1808 3464 quietius
1827 3394 1852 3446 et

132 3479 192 3535 lum
208 3496 267 3536 non
277 3481 766 3552 secundumpraeccptumdlvinum
784 3483 968 3539 dimicansin
1023 3483 1161 3537 securius
1176 3482 1289 3536 vivunt.
1304 3480 1359 3548 Qui
1375 3486 1403 3538 et
1417 3482 1447 3537 in
1472 3482 1530 3537 hoe
1554 3481 1702 3538 veraciter
1717 3484 1747 3538 et
1761 3481 1850 3553 quiete

135 3568 532 3641 suorcgiminereprobatur.
542 3571 708 3643 Etrephaea
720 3572 801 3626 illius
812 3570 969 3627 auferetur
1023 3570 1180 3640 dormiunt,
1198 3570 1276 3642 quod
1292 3570 1507 3626 cordisoculos
1522 3571 1558 3624 ad
1574 3571 1723 3626 exteriora
1739 3570 1850 3626 clausos

134 3657 202 3729 quia
215 3656 264 3712 ubi
274 3674 331 3712 non
342 3664 388 3715 est
398 3658 592 3730 gubernator,
599 3659 723 3732 populus
733 3660 966 3729 corruettPrcv.
1023 3658 1177 3724 habentes,
1190 3659 1264 3714 solis
1280 3659 1405 3714 internis
1421 3663 1449 3714 et
1464 3659 1583 3714 aeternis
1599 3659 1764 3715 intendunt.
1779 3657 1848 3713 Hinc

130 3744 375 3816 u).Dousedurit
385 3747 648 3820 eumdeAEpyptc,
667 3749 751 3821 crpus
764 3748 911 3804 tortitudo
927 3750 968 3802 si·
1022 3748 1053 3802 in
1071 3746 1387 3803 Cantieiscanticorum
1399 3747 1600 3818 sponsadicit:
1610 3747 1677 3819 Ego
1687 3747 1809 3813 dormio,
1824 3751 1849 3801 et

132 3833 215 3891 milis
224 3841 270 3891 est
285 3836 496 3893 rhinocerotis.
510 3836 581 3892 Haec
590 3838 736 3893 sententia
746 3837 795 3892 bis
812 3837 841 3892 in
857 3838 912 3892 hac
924 3838 967 3893 hi·
1023 3851 1182 3891 cormeum
1200 3836 1304 3909 vigilat
1319 3835 1416 3905 (Cant.
1433 3840 1473 3906 v).
1493 3835 1574 3901 Quos
1598 3836 1687 3891 etiam
1712 3834 1850 3893 suscitare

132 3924 224 3980 storia
239 3925 367 3996 ponitur,
392 3927 423 3980 ut
448 3926 527 3981 Deus
552 3928 580 3982 ct
598 3927 740 3983 muudum
764 3927 795 3981 iu
819 3926 966 3996 sapientia
1022 3923 1122 3979 nullus
1137 3925 1234 3995 audet,
1252 3925 1392 3996 quoniam
1407 3924 1525 3980 illorum
1539 3924 1691 3980 exereitus
1709 3923 1850 3981 terribiles

138 4027 259 4071 creasse
274 4015 407 4086 etgenus
423 4013 583 4071 humanum
599 4016 628 4070 in
643 4015 786 4086 sapientia
802 4015 967 4070 redemisse
1023 4017 1093 4068 sunt
1112 4020 1141 4068 ut
1156 4019 1321 4069 castrorum
1338 4013 1420 4069 acies
1436 4015 1572 4069 ordinata
1589 4013 1688 4082 (Cant.
1705 4016 1758 4084 vr).
1776 4012 1851 4068 Unde

139 4100 321 4156 ostendatur.
330 4101 362 4156 ln
375 4102 655 4174 creationenamque
664 4102 970 4159 mundilorlitudoDei
1024 4104 1052 4157 et
1066 4102 1102 4158 de
1110 4101 1278 4158 Salomonis
1294 4102 1381 4174 lecto,
1392 4103 1441 4174 qui
1454 4102 1700 4173 contemplativas
1720 4102 1851 4176 designet

130 4188 238 4252 similis
249 4204 319 4244 esse
330 4189 529 4245 rhinocerotis
538 4192 812 4263 rectedicitur‚quia
822 4191 967 4262 scriptum
1023 4191 1147 4262 animas,
1158 4192 1302 4263 seriptum
1317 4195 1377 4246 est:
1390 4192 1437 4246 En
1448 4190 1585 4247 lectulum
1594 4191 1765 4247 Salomonis
1771 4206 1851 4247 sora·

130 4280 198 4335 est:
217 4277 320 4333 Omnia
335 4279 366 4332 in
382 4278 531 4351 sapientia
546 4280 650 4336 iecisti
664 4281 759 4350 (Psal.
777 4283 849 4350 cru).
869 4281 902 4336 ln
916 4297 966 4337 re·

1022 4281 1106 4351 ginta
1122 4279 1218 4335 sortes
1233 4280 1366 4335 ambiunt
1381 4297 1420 4335 er
1433 4279 1611 4335 fortissimis
1627 4278 1728 4336 Israel
1737 4301 1747 4335 .·
1757 4294 1853 4350 omnes

133 4367 300 4439 demptione
320 4367 407 4423 ctiam
422 4368 542 4439 generis
559 4369 679 4424 humani
695 4370 835 4426 tortitudo
853 4370 906 4426 Dei
920 4371 963 4426 si·
979 4377 1006 4440 Ι)
1024 4369 1329 4441 tenentespladios,et
1341 4369 1462 4425 adbellu
1470 4369 1646 4425 doctissimi.
1664 4368 1853 4442 Uniuscrq‘us·

133 4456 213 4513 milis
228 4455 426 4513 rhinocerotis
442 4459 653 4513 convenienter
668 4460 784 4529 dicitur,
802 4460 869 4530 quia
886 4460 963 4514 scri-

127 4549 210 4617 ptum
218 4549 264 4603 est
277 4562 283 4601 :
296 4545 451 4618 Sapientia
463 4548 555 4602 vincit
566 4548 709 4603 malitiam
720 4548 801 4620 (Sap.
815 4550 877 4618 vu).
888 4548 963 4613 Qua·

133 4649 166 4691 re
174 4638 272 4691 autem
282 4634 422 4691 tortitudo
432 4636 484 4690 Dei
492 4636 599 4690 similis
610 4652 680 4692 esse
691 4637 889 4693 rhinocerotis
898 4653 964 4709 per·

129 4723 275 4794 bibentur,
292 4726 432 4795 superius
449 4725 637 4781 dictumest:
654 4726 847 4782 Devoralrunt
857 4731 965 4799 gentes

131 4810 234 4867 lrostes
248 4812 340 4883 illius,
358 4829 483 4886 ossaque
492 4829 592 4870 eorum
603 4813 804 4887 coutrinpcot,
818 4821 847 4870 ct
859 4815 963 4887 perto-

132 4898 242 4955 rsbunt
257 4902 380 4973 sagittis
393 4903 491 4972 (Nnrn.
509 4905 602 4973 xxiv).
620 4903 731 4959 Hostes
746 4904 911 4974 spiritualis
921 4904 965 4959 ls-

1023 4475 1077 4531 que
1093 4459 1176 4513 ensis
1189 4474 1280 4530 super
1294 4457 1391 4513 l'ernur
1405 4475 1488 4513 suum
1500 4464 1625 4530 propter
1640 4459 1768 4514 timores
1783 4474 1849 4514 noc·

1021 4554 1125 4604 turnus
1139 4547 1238 4614 (Cant.
1256 4547 1307 4616 ru).
1324 4547 1484 4619 Sexaginta
1495 4547 1707 4603 tortesleetum
1718 4546 1851 4604 Salomo-

1021 4637 1068 4691 nis
1079 4636 1220 4706 ambiunt,
1234 4636 1301 4707 quio
1313 4636 1555 4708 contemplativas
1565 4636 1691 4707 animas,
1706 4637 1853 4710 inquibus

1021 4728 1123 4781 noster
1137 4725 1280 4797 pacificus
1295 4727 1445 4797 praecipue
1467 4726 1638 4797 requiescit,
1655 4725 1783 4797 perlecti
1802 4725 1855 4781 viri

1021 4815 1149 4869 maxime
1164 4813 1278 4885 praelati
1293 4815 1472 4870 custodiunt.
1489 4813 1543 4881 Qui
1559 4817 1629 4870 sunt
1644 4814 1683 4870 ad
1693 4814 1774 4870 bellu
1785 4814 1852 4872 dao-

1024 4904 1143 4970 tissimi,
1162 4902 1230 4974 quia
1255 4903 1353 4959 callidi
1375 4903 1473 4958 hostis
1493 4902 1659 4959 assultibus
1683 4903 1859 4961 doctissime

132 4986 195 5045 rael
214 4991 381 5059 presertim
396 4992 531 5050 carnales
547 4992 688 5048 israelitae
704 4998 782 5049 sunt.
800 4993 884 5049 Unde
899 4997 964 5065 apto
1020 4992 1858 5066 resistcrcnoruntJdtuuiuserpnsqueensissuperfeurur

130 5077 275 5150 scriptum
303 5082 367 5136 est:
398 5081 517 5136 Inimici
540 5081 683 5151 hominis,
717 5082 873 5138 domestici
902 5082 966 5155 ejus

133 5166 255 5239 (Marta.
272 5168 313 5238 x).
331 5168 367 5222 Et
382 5169 467 5225 item:
493 5170 698 5245 Unusquisque
720 5188 736 5226 a
755 5172 892 5242 proximo
913 5187 966 5235 sue

132 5257 290 5327 custodiat,
309 5263 337 5312 et
354 5259 385 5312 in
410 5259 488 5314 omni
506 5260 604 5316 fratrc
620 5276 672 5316 suo
686 5276 743 5316 non
760 5260 867 5314 habeat
888 5259 965 5315 lidu-

134 5345 209 5401 ciam
219 5347 294 5417 (der.
309 5347 361 5418 rx).

170 5434 227 5491 Per
250 5439 356 5509 gentes
379 5439 476 5492 autem
505 5437 632 5508 gentiles
664 5437 876 5510 intelliguntur.
902 5439 965 5493 Hoc

136 5520 234 5593 itaque
256 5525 335 5593 quod
358 5523 408 5579 hic
432 5524 548 5594 dicitur,
576 5524 762 5580 devorabunt
780 5533 888 5599 gentes
912 5528 966 5582 lrc-

62 5654 68 5667 .
138 5613 202 5669 stes
217 5607 310 5684 illius,
328 5613 487 5692 perspicue
511 5615 540 5677 et
562 5613 680 5672 realiter
694 5614 858 5693 contigisse
875 5617 966 5676 maui-

1023 5098 1116 5151 suum,
1137 5081 1206 5154 quia
1226 5098 1262 5137 ne
1282 5082 1381 5136 carnis
1404 5081 1644 5152 eoncupiscentia
1663 5082 1855 5152 perimantur,

1022 5172 1130 5226 virtute
1154 5170 1342 5226 abstinentiae
1365 5174 1393 5226 et
1417 5171 1604 5227 continentiae
1633 5185 1667 5225 se
1695 5170 1857 5226 fortissime

1024 5261 1185 5332 stringunt.
1204 5259 1274 5314 lnde
1291 5262 1346 5329 est,
1363 5261 1441 5331 quod
1464 5259 1621 5331 adjuvante
1639 5260 1737 5332 gratia
1751 5258 1860 5316 Christi

1023 5350 1126 5404 hostes
1142 5349 1178 5403 ab
1195 5363 1297 5403 eorum
1313 5350 1485 5404 incursibus
1501 5349 1590 5421 longe
1612 5352 1764 5420 areentur,
1780 5353 1810 5404 et
1824 5348 1859 5404 ab

1023 5438 1098 5508 ipsis
1114 5437 1313 5510 inquietandis
1324 5440 1522 5494 removentur.
1536 5438 1615 5493 Bene
1633 5453 1708 5510 ergo
1725 5439 1859 5512 degente

1022 5527 1104 5598 justa
1118 5530 1146 5582 et
1159 5543 1229 5582 vere
1255 5528 1428 5598 israelitico,
1452 5528 1531 5600 quod
1550 5527 1703 5582 accubans
1718 5526 1857 5585 dormivit

1024 5620 1055 5672 ut
1068 5616 1126 5690 leo,
1142 5619 1171 5673 et
1184 5618 1271 5691 quasi
1285 5618 1389 5689 leena,
1405 5634 1493 5692 quam
1517 5616 1665 5674 suscitare
1686 5616 1790 5674 nullus
1806 5632 1857 5673 au·
