<?xml version="1.0" encoding="UTF-8"?>
<!DOCTYPE html PUBLIC "-//W3C//DTD XHTML 1.0 Transitional//EN"
    "http://www.w3.org/TR/xhtml1/DTD/xhtml1-transitional.dtd">
<html xmlns="http://www.w3.org/1999/xhtml" xml:lang="en" lang="en">
 <head>
  <title>
</title>
<meta http-equiv="Content-Type" content="text/html;charset=utf-8" />
  <meta name='ocr-system' content='tesseract 3.04.00' />
  <meta name='ocr-capabilities' content='ocr_page ocr_carea ocr_par ocr_line ocrx_word'/>
</head>
<body>
  <div class='ocr_page' id='page_1' title='image "./patrologiaecurs28unkngoog_0086.png"; bbox 0 0 3796 6022; ppageno 0'>
   <div class='ocr_carea' id='block_1_1' title="bbox 43 258 99 329">
    <p class='ocr_par' dir='ltr' id='par_1_1' title="bbox 43 258 99 329">
     <span class='ocr_line' id='line_1_1' title="bbox 43 258 99 329; baseline -0.018 0"><span class='ocrx_word' id='word_1_1' title='bbox 43 258 99 329; x_wconf 80' lang='lat'><strong>161</strong></span> 
     </span>
    </p>
   </div>
   <div class='ocr_carea' id='block_1_2' title="bbox 416 224 1415 322">
    <p class='ocr_par' dir='ltr' id='par_1_2' title="bbox 416 224 1415 322">
     <span class='ocr_line' id='line_1_2' title="bbox 416 224 1415 322; baseline -0.013 -1"><span class='ocrx_word' id='word_1_2' title='bbox 416 248 478 321; x_wconf 80' lang='lat' dir='ltr'><strong>nu</strong></span> <span class='ocrx_word' id='word_1_3' title='bbox 499 244 660 320; x_wconf 84' lang='lat' dir='ltr'><strong>snsrus</strong></span> <span class='ocrx_word' id='word_1_4' title='bbox 683 244 736 316; x_wconf 81' lang='lat' dir='ltr'><strong>nr</strong></span> <span class='ocrx_word' id='word_1_5' title='bbox 756 242 866 315; x_wconf 72' lang='lat' dir='ltr'><strong>anns</strong></span> <span class='ocrx_word' id='word_1_6' title='bbox 888 238 1030 314; x_wconf 76' lang='lat' dir='ltr'><strong>naeus</strong></span> <span class='ocrx_word' id='word_1_7' title='bbox 1052 232 1182 311; x_wconf 77' lang='lat' dir='ltr'><strong>nisis</strong></span> <span class='ocrx_word' id='word_1_8' title='bbox 1202 224 1415 322; x_wconf 75' lang='lat' dir='ltr'><strong>curares,</strong></span> 
     </span>
    </p>
   </div>
   <div class='ocr_carea' id='block_1_3' title="bbox 1719 239 1779 309">
    <p class='ocr_par' dir='ltr' id='par_1_3' title="bbox 1719 239 1779 309">
     <span class='ocr_line' id='line_1_3' title="bbox 1719 239 1779 309; baseline -0.033 0"><span class='ocrx_word' id='word_1_9' title='bbox 1719 239 1779 309; x_wconf 78' lang='lat'><strong>162</strong></span> 
     </span>
    </p>
   </div>
   <div class='ocr_carea' id='block_1_4' title="bbox 83 432 1774 535">
    <p class='ocr_par' dir='ltr' id='par_1_4' title="bbox 83 432 1774 535">
     <span class='ocr_line' id='line_1_4' title="bbox 83 432 1774 535; baseline -0.011 -16"><span class='ocrx_word' id='word_1_10' title='bbox 83 462 174 535; x_wconf 88' lang='lat' dir='ltr'><strong>Spica</strong></span> <span class='ocrx_word' id='word_1_11' title='bbox 189 457 291 519; x_wconf 85' lang='lat' dir='ltr'><strong>aristis</strong></span> <span class='ocrx_word' id='word_1_12' title='bbox 305 461 446 529; x_wconf 92' lang='lat' dir='ltr'><strong>munitur,</strong></span> <span class='ocrx_word' id='word_1_13' title='bbox 463 457 560 513; x_wconf 92' lang='lat' dir='ltr'><strong>culmo</strong></span> <span class='ocrx_word' id='word_1_14' title='bbox 575 455 768 526; x_wconf 79' lang='lat' dir='ltr'><strong>sustentatur,</strong></span> <span class='ocrx_word' id='word_1_15' title='bbox 781 451 884 525; x_wconf 85' lang='lat' dir='ltr'><strong>granis</strong></span> <span class='ocrx_word' id='word_1_16' title='bbox 899 432 928 494; x_wconf 86' lang='grc' dir='ltr'>Α</span> <span class='ocrx_word' id='word_1_17' title='bbox 977 446 1047 504; x_wconf 91' lang='lat' dir='ltr'><strong>Tela</strong></span> <span class='ocrx_word' id='word_1_18' title='bbox 1067 447 1190 516; x_wconf 90' lang='lat' dir='ltr'><strong>orditur,</strong></span> <span class='ocrx_word' id='word_1_19' title='bbox 1208 446 1381 516; x_wconf 78' lang='lat' dir='ltr'><strong>succiditur,</strong></span> <span class='ocrx_word' id='word_1_20' title='bbox 1400 446 1519 516; x_wconf 76' lang='lat' dir='ltr'><strong>texitur,</strong></span> <span class='ocrx_word' id='word_1_21' title='bbox 1543 443 1642 499; x_wconf 88' lang='lat' dir='ltr'><strong>crebis</strong></span> <span class='ocrx_word' id='word_1_22' title='bbox 1657 438 1774 500; x_wconf 86' lang='lat' dir='ltr'><strong>tunsio-</strong></span> 
     </span>
    </p>
   </div>
   <div class='ocr_carea' id='block_1_5' title="bbox 47 545 889 1669">
    <p class='ocr_par' dir='ltr' id='par_1_5' title="bbox 48 545 652 622">
     <span class='ocr_line' id='line_1_5' title="bbox 48 545 652 622; baseline -0.015 -15"><span class='ocrx_word' id='word_1_23' title='bbox 48 551 188 622; x_wconf 86' lang='lat' dir='ltr'><strong>repletnr,</strong></span> <span class='ocrx_word' id='word_1_24' title='bbox 204 549 339 605; x_wconf 86' lang='lat' dir='ltr'><strong>ordinata</strong></span> <span class='ocrx_word' id='word_1_25' title='bbox 355 551 425 603; x_wconf 92' lang='lat' dir='ltr'><strong>sunt</strong></span> <span class='ocrx_word' id='word_1_26' title='bbox 441 563 534 620; x_wconf 88' lang='lat' dir='ltr'><strong>grana</strong></span> <span class='ocrx_word' id='word_1_27' title='bbox 550 547 579 599; x_wconf 94' lang='lat' dir='ltr'><strong>in</strong></span> <span class='ocrx_word' id='word_1_28' title='bbox 594 545 652 599; x_wconf 92' lang='lat' dir='ltr'><strong>illa.</strong></span> 
     </span>
    </p>

    <p class='ocr_par' dir='ltr' id='par_1_6' title="bbox 47 630 886 889">
     <span class='ocr_line' id='line_1_6' title="bbox 78 630 884 711; baseline -0.015 -16"><span class='ocrx_word' id='word_1_29' title='bbox 78 640 170 711; x_wconf 90' lang='lat' dir='ltr'><strong>Spina</strong></span> <span class='ocrx_word' id='word_1_30' title='bbox 182 638 306 693; x_wconf 83' lang='lat' dir='ltr'><strong>tirmiter</strong></span> <span class='ocrx_word' id='word_1_31' title='bbox 321 637 424 706; x_wconf 80' lang='lat' dir='ltr'><strong>haeret,</strong></span> <span class='ocrx_word' id='word_1_32' title='bbox 442 634 562 690; x_wconf 90' lang='lat' dir='ltr'><strong>humilis</strong></span> <span class='ocrx_word' id='word_1_33' title='bbox 579 637 634 703; x_wconf 89' lang='lat' dir='ltr'><strong>est,</strong></span> <span class='ocrx_word' id='word_1_34' title='bbox 650 647 757 704; x_wconf 75' lang='lat' dir='ltr'><strong>aspera</strong></span> <span class='ocrx_word' id='word_1_35' title='bbox 772 630 884 702; x_wconf 87' lang='lat' dir='ltr'><strong>pungi-</strong></span> 
     </span>
     <span class='ocr_line' id='line_1_7' title="bbox 47 719 886 799; baseline -0.014 -16"><span class='ocrx_word' id='word_1_36' title='bbox 47 730 115 799; x_wconf 82' lang='lat' dir='ltr'><strong>tiva,</strong></span> <span class='ocrx_word' id='word_1_37' title='bbox 132 728 298 796; x_wconf 91' lang='lat' dir='ltr'><strong>condensa,</strong></span> <span class='ocrx_word' id='word_1_38' title='bbox 312 728 417 796; x_wconf 89' lang='lat' dir='ltr'><strong>sponte</strong></span> <span class='ocrx_word' id='word_1_39' title='bbox 433 723 566 796; x_wconf 92' lang='lat' dir='ltr'><strong>pullulat,</strong></span> <span class='ocrx_word' id='word_1_40' title='bbox 576 725 695 777; x_wconf 90' lang='lat' dir='ltr'><strong>acutum</strong></span> <span class='ocrx_word' id='word_1_41' title='bbox 706 719 886 793; x_wconf 84' lang='lat' dir='ltr'><strong>ignemfarit</strong></span> 
     </span>
     <span class='ocr_line' id='line_1_8' title="bbox 47 814 451 889; baseline -0.01 -18"><span class='ocrx_word' id='word_1_42' title='bbox 47 820 74 871; x_wconf 94' lang='lat' dir='ltr'><strong>in</strong></span> <span class='ocrx_word' id='word_1_43' title='bbox 88 819 160 889; x_wconf 89' lang='lat' dir='ltr'><strong>igne</strong></span> <span class='ocrx_word' id='word_1_44' title='bbox 177 816 290 884; x_wconf 84' lang='lat' dir='ltr'><strong>stridet,</strong></span> <span class='ocrx_word' id='word_1_45' title='bbox 310 814 383 868; x_wconf 90' lang='lat' dir='ltr'><strong>dura</strong></span> <span class='ocrx_word' id='word_1_46' title='bbox 395 816 451 868; x_wconf 85' lang='lat' dir='ltr'><strong>est.</strong></span> 
     </span>
    </p>

    <p class='ocr_par' dir='ltr' id='par_1_7' title="bbox 48 898 889 1064">
     <span class='ocr_line' id='line_1_9' title="bbox 79 898 889 978; baseline -0.014 -16"><span class='ocrx_word' id='word_1_47' title='bbox 79 905 214 978; x_wconf 78' lang='lat' dir='ltr'><strong>Spongia</strong></span> <span class='ocrx_word' id='word_1_48' title='bbox 239 904 285 958; x_wconf 87' lang='lat' dir='ltr'><strong>est</strong></span> <span class='ocrx_word' id='word_1_49' title='bbox 308 902 395 972; x_wconf 75' lang='lat' dir='ltr'><strong>leviS,</strong></span> <span class='ocrx_word' id='word_1_50' title='bbox 410 918 515 971; x_wconf 89' lang='lat' dir='ltr'><strong>vacua,</strong></span> <span class='ocrx_word' id='word_1_51' title='bbox 542 916 671 972; x_wconf 90' lang='lat' dir='ltr'><strong>perosa,</strong></span> <span class='ocrx_word' id='word_1_52' title='bbox 696 898 814 968; x_wconf 76' lang='lat' dir='ltr'><strong>molliS,</strong></span> <span class='ocrx_word' id='word_1_53' title='bbox 836 898 889 952; x_wconf 89' lang='lat' dir='ltr'><strong>hu-</strong></span> 
     </span>
     <span class='ocr_line' id='line_1_10' title="bbox 48 991 316 1064; baseline -0.022 -14"><span class='ocrx_word' id='word_1_54' title='bbox 48 994 140 1050; x_wconf 85' lang='lat' dir='ltr'><strong>moris</strong></span> <span class='ocrx_word' id='word_1_55' title='bbox 156 991 316 1064; x_wconf 78' lang='lat' dir='ltr'><strong>receptiva.</strong></span> 
     </span>
    </p>

    <p class='ocr_par' dir='ltr' id='par_1_8' title="bbox 51 1078 888 1226">
     <span class='ocr_line' id='line_1_11' title="bbox 80 1078 888 1153; baseline -0.009 -16"><span class='ocrx_word' id='word_1_56' title='bbox 80 1082 209 1153; x_wconf 86' lang='lat' dir='ltr'><strong>Sputum</strong></span> <span class='ocrx_word' id='word_1_57' title='bbox 234 1080 270 1134; x_wconf 89' lang='lat' dir='ltr'><strong>de</strong></span> <span class='ocrx_word' id='word_1_58' title='bbox 295 1078 418 1134; x_wconf 89' lang='lat' dir='ltr'><strong>cerebro</strong></span> <span class='ocrx_word' id='word_1_59' title='bbox 448 1078 619 1147; x_wconf 89' lang='lat' dir='ltr'><strong>descendit,</strong></span> <span class='ocrx_word' id='word_1_60' title='bbox 645 1078 758 1133; x_wconf 86' lang='lat' dir='ltr'><strong>salsum</strong></span> <span class='ocrx_word' id='word_1_61' title='bbox 790 1079 835 1131; x_wconf 90' lang='lat' dir='ltr'><strong>est</strong></span> <span class='ocrx_word' id='word_1_62' title='bbox 859 1078 888 1130; x_wconf 86' lang='lat' dir='ltr'><strong>et</strong></span> 
     </span>
     <span class='ocr_line' id='line_1_12' title="bbox 51 1171 165 1226; baseline -0.018 0"><span class='ocrx_word' id='word_1_63' title='bbox 51 1171 165 1226; x_wconf 87' lang='lat' dir='ltr'><strong>album.</strong></span> 
     </span>
    </p>

    <p class='ocr_par' dir='ltr' id='par_1_9' title="bbox 50 1253 886 1669">
     <span class='ocr_line' id='line_1_13' title="bbox 79 1253 885 1328; baseline -0.011 -14"><span class='ocrx_word' id='word_1_64' title='bbox 79 1257 175 1314; x_wconf 87' lang='lat' dir='ltr'><strong>Stella</strong></span> <span class='ocrx_word' id='word_1_65' title='bbox 186 1257 215 1312; x_wconf 91' lang='lat' dir='ltr'><strong>iu</strong></span> <span class='ocrx_word' id='word_1_66' title='bbox 228 1256 286 1311; x_wconf 90' lang='lat' dir='ltr'><strong>alto</strong></span> <span class='ocrx_word' id='word_1_67' title='bbox 302 1255 359 1308; x_wconf 84' lang='lat' dir='ltr'><strong>fixa</strong></span> <span class='ocrx_word' id='word_1_68' title='bbox 370 1258 426 1325; x_wconf 86' lang='lat' dir='ltr'><strong>est,</strong></span> <span class='ocrx_word' id='word_1_69' title='bbox 439 1272 545 1328; x_wconf 86' lang='lat' dir='ltr'><strong>magna</strong></span> <span class='ocrx_word' id='word_1_70' title='bbox 555 1258 611 1323; x_wconf 89' lang='lat' dir='ltr'><strong>est,</strong></span> <span class='ocrx_word' id='word_1_71' title='bbox 621 1258 650 1309; x_wconf 86' lang='lat' dir='ltr'><strong>et</strong></span> <span class='ocrx_word' id='word_1_72' title='bbox 659 1270 748 1325; x_wconf 79' lang='lat' dir='ltr'><strong>parva</strong></span> <span class='ocrx_word' id='word_1_73' title='bbox 757 1253 885 1321; x_wconf 88' lang='lat' dir='ltr'><strong>videtur,</strong></span> 
     </span>
     <span class='ocr_line' id='line_1_14' title="bbox 50 1343 885 1418; baseline -0.014 -14"><span class='ocrx_word' id='word_1_74' title='bbox 50 1348 186 1416; x_wconf 86' lang='lat' dir='ltr'><strong>rotunda,</strong></span> <span class='ocrx_word' id='word_1_75' title='bbox 205 1351 321 1404; x_wconf 89' lang='lat' dir='ltr'><strong>noctem</strong></span> <span class='ocrx_word' id='word_1_76' title='bbox 340 1345 494 1418; x_wconf 89' lang='lat' dir='ltr'><strong>illuminat,</strong></span> <span class='ocrx_word' id='word_1_77' title='bbox 513 1349 616 1400; x_wconf 88' lang='lat' dir='ltr'><strong>nautas</strong></span> <span class='ocrx_word' id='word_1_78' title='bbox 637 1343 747 1415; x_wconf 79' lang='lat' dir='ltr'><strong>dirigit,</strong></span> <span class='ocrx_word' id='word_1_79' title='bbox 765 1356 885 1395; x_wconf 90' lang='lat' dir='ltr'><strong>cursum</strong></span> 
     </span>
     <span class='ocr_line' id='line_1_15' title="bbox 53 1431 884 1508; baseline -0.012 -17"><span class='ocrx_word' id='word_1_80' title='bbox 53 1452 112 1492; x_wconf 92' lang='lat' dir='ltr'><strong>non</strong></span> <span class='ocrx_word' id='word_1_81' title='bbox 129 1437 272 1508; x_wconf 88' lang='lat' dir='ltr'><strong>obliquat,</strong></span> <span class='ocrx_word' id='word_1_82' title='bbox 290 1454 356 1493; x_wconf 89' lang='lat' dir='ltr'><strong>curn</strong></span> <span class='ocrx_word' id='word_1_83' title='bbox 375 1437 559 1490; x_wconf 81' lang='lat' dir='ltr'><strong>firmamento</strong></span> <span class='ocrx_word' id='word_1_84' title='bbox 581 1433 702 1504; x_wconf 90' lang='lat' dir='ltr'><strong>rapitur,</strong></span> <span class='ocrx_word' id='word_1_85' title='bbox 723 1431 884 1502; x_wconf 77' lang='lat' dir='ltr'><strong>ignescet,</strong></span> 
     </span>
     <span class='ocr_line' id='line_1_16' title="bbox 50 1518 886 1594; baseline -0.013 -14"><span class='ocrx_word' id='word_1_86' title='bbox 50 1526 148 1580; x_wconf 90' lang='lat' dir='ltr'><strong>locum</strong></span> <span class='ocrx_word' id='word_1_87' title='bbox 165 1528 279 1580; x_wconf 89' lang='lat' dir='ltr'><strong>mutare</strong></span> <span class='ocrx_word' id='word_1_88' title='bbox 294 1526 420 1594; x_wconf 90' lang='lat' dir='ltr'><strong>videtur,</strong></span> <span class='ocrx_word' id='word_1_89' title='bbox 437 1524 537 1578; x_wconf 89' lang='lat' dir='ltr'><strong>radios</strong></span> <span class='ocrx_word' id='word_1_90' title='bbox 548 1538 585 1577; x_wconf 88' lang='lat' dir='ltr'><strong>ex</strong></span> <span class='ocrx_word' id='word_1_91' title='bbox 602 1536 635 1575; x_wconf 89' lang='lat' dir='ltr'><strong>se</strong></span> <span class='ocrx_word' id='word_1_92' title='bbox 649 1518 771 1591; x_wconf 82' lang='lat' dir='ltr'><strong>profert,</strong></span> <span class='ocrx_word' id='word_1_93' title='bbox 788 1518 886 1571; x_wconf 81' lang='lat' dir='ltr'><strong>lii-mu-</strong></span> 
     </span>
     <span class='ocr_line' id='line_1_17' title="bbox 51 1617 293 1669; baseline 0 -1"><span class='ocrx_word' id='word_1_94' title='bbox 51 1618 184 1669; x_wconf 87' lang='lat' dir='ltr'><strong>mentum</strong></span> <span class='ocrx_word' id='word_1_95' title='bbox 199 1617 293 1669; x_wconf 92' lang='lat' dir='ltr'><strong>ornat.</strong></span> 
     </span>
    </p>
   </div>
   <div class='ocr_carea' id='block_1_6' title="bbox 54 1697 887 1828">
    <p class='ocr_par' dir='ltr' id='par_1_10' title="bbox 54 1697 887 1828">
     <span class='ocr_line' id='line_1_18' title="bbox 83 1697 887 1828; baseline -0.01 -72"><span class='ocrx_word' id='word_1_96' title='bbox 83 1702 310 1828; x_wconf 39' lang='lat' dir='ltr'><strong>ffterquilinium</strong></span> <span class='ocrx_word' id='word_1_97' title='bbox 334 1704 380 1756; x_wconf 90' lang='lat' dir='ltr'><strong>est</strong></span> <span class='ocrx_word' id='word_1_98' title='bbox 404 1700 526 1754; x_wconf 77' lang='lat' dir='ltr'><strong>fetidum</strong></span> <span class='ocrx_word' id='word_1_99' title='bbox 549 1702 578 1753; x_wconf 89' lang='lat' dir='ltr'><strong>et</strong></span> <span class='ocrx_word' id='word_1_100' title='bbox 598 1698 732 1753; x_wconf 90' lang='lat' dir='ltr'><strong>sordium</strong></span> <span class='ocrx_word' id='word_1_101' title='bbox 751 1697 887 1765; x_wconf 85' lang='lat' dir='ltr'><strong>recepta-</strong></span> 
     </span>
     <span class='ocr_line' id='line_1_19' title="bbox 54 1789 163 1828; baseline 0 0"><span class='ocrx_word' id='word_1_102' title='bbox 54 1789 87 1828; x_wconf 88' lang='lat' dir='ltr'><strong>cu</strong></span> <span class='ocrx_word' id='word_1_103' title='bbox 102 1790 163 1828; x_wconf 91' lang='lat' dir='ltr'><strong>um.</strong></span> 
     </span>
    </p>
   </div>
   <div class='ocr_carea' id='block_1_7' title="bbox 56 1855 893 2815">
    <p class='ocr_par' dir='ltr' id='par_1_11' title="bbox 56 1855 889 2020">
     <span class='ocr_line' id='line_1_20' title="bbox 87 1855 889 1928; baseline -0.011 -12"><span class='ocrx_word' id='word_1_104' title='bbox 87 1861 278 1916; x_wconf 89' lang='lat' dir='ltr'><strong>Stillieidium</strong></span> <span class='ocrx_word' id='word_1_105' title='bbox 302 1875 465 1916; x_wconf 87' lang='lat' dir='ltr'><strong>concavum</strong></span> <span class='ocrx_word' id='word_1_106' title='bbox 481 1861 536 1928; x_wconf 91' lang='lat' dir='ltr'><strong>est,</strong></span> <span class='ocrx_word' id='word_1_107' title='bbox 562 1857 691 1928; x_wconf 81' lang='lat' dir='ltr'><strong>pluviam</strong></span> <span class='ocrx_word' id='word_1_108' title='bbox 705 1855 826 1925; x_wconf 88' lang='lat' dir='ltr'><strong>excipit,</strong></span> <span class='ocrx_word' id='word_1_109' title='bbox 838 1870 889 1908; x_wconf 86' lang='lat' dir='ltr'><strong>ex-</strong></span> 
     </span>
     <span class='ocr_line' id='line_1_21' title="bbox 56 1947 652 2020; baseline -0.007 -16"><span class='ocrx_word' id='word_1_110' title='bbox 56 1954 169 2020; x_wconf 87' lang='lat' dir='ltr'><strong>ceptam</strong></span> <span class='ocrx_word' id='word_1_111' title='bbox 181 1950 315 2019; x_wconf 89' lang='lat' dir='ltr'><strong>demittit,</strong></span> <span class='ocrx_word' id='word_1_112' title='bbox 332 1950 362 2003; x_wconf 92' lang='lat' dir='ltr'><strong>in</strong></span> <span class='ocrx_word' id='word_1_113' title='bbox 373 1964 425 2004; x_wconf 91' lang='lat' dir='ltr'><strong>ora</strong></span> <span class='ocrx_word' id='word_1_114' title='bbox 439 1947 509 2002; x_wconf 88' lang='lat' dir='ltr'><strong>tecti</strong></span> <span class='ocrx_word' id='word_1_115' title='bbox 524 1947 652 2017; x_wconf 90' lang='lat' dir='ltr'><strong>ponitur.</strong></span> 
     </span>
    </p>

    <p class='ocr_par' dir='ltr' id='par_1_12' title="bbox 57 2033 890 2287">
     <span class='ocr_line' id='line_1_22' title="bbox 87 2033 890 2108; baseline -0.009 -15"><span class='ocrx_word' id='word_1_116' title='bbox 87 2038 204 2108; x_wconf 86' lang='lat' dir='ltr'><strong>Stipula</strong></span> <span class='ocrx_word' id='word_1_117' title='bbox 219 2040 305 2092; x_wconf 87' lang='lat' dir='ltr'><strong>terrae</strong></span> <span class='ocrx_word' id='word_1_118' title='bbox 317 2037 420 2105; x_wconf 73' lang='lat' dir='ltr'><strong>haeret,</strong></span> <span class='ocrx_word' id='word_1_119' title='bbox 436 2035 521 2105; x_wconf 89' lang='lat' dir='ltr'><strong>levis,</strong></span> <span class='ocrx_word' id='word_1_120' title='bbox 539 2035 661 2103; x_wconf 91' lang='lat' dir='ltr'><strong>sterilis,</strong></span> <span class='ocrx_word' id='word_1_121' title='bbox 673 2036 741 2104; x_wconf 90' lang='lat' dir='ltr'><strong>post</strong></span> <span class='ocrx_word' id='word_1_122' title='bbox 749 2033 890 2088; x_wconf 88' lang='lat' dir='ltr'><strong>collectas</strong></span> 
     </span>
     <span class='ocr_line' id='line_1_23' title="bbox 59 2122 890 2206; baseline -0.007 -25"><span class='ocrx_word' id='word_1_123' title='bbox 59 2127 163 2199; x_wconf 80' lang='lat' dir='ltr'><strong>fruges</strong></span> <span class='ocrx_word' id='word_1_124' title='bbox 180 2129 323 2195; x_wconf 86' lang='lat' dir='ltr'><strong>remanet,</strong></span> <span class='ocrx_word' id='word_1_125' title='bbox 340 2124 432 2195; x_wconf 90' lang='lat' dir='ltr'><strong>arida,</strong></span> <span class='ocrx_word' id='word_1_126' title='bbox 442 2124 579 2179; x_wconf 90' lang='lat' dir='ltr'><strong>incendio</strong></span> <span class='ocrx_word' id='word_1_127' title='bbox 590 2126 665 2194; x_wconf 87' lang='lat' dir='ltr'><strong>apia,</strong></span> <span class='ocrx_word' id='word_1_128' title='bbox 678 2122 761 2191; x_wconf 90' lang='lat' dir='ltr'><strong>dura,</strong></span> <span class='ocrx_word' id='word_1_129' title='bbox 773 2137 890 2206; x_wconf 69' lang='lat' dir='ltr'><strong>uspera,</strong></span> 
     </span>
     <span class='ocr_line' id='line_1_24' title="bbox 57 2214 495 2287; baseline -0.007 -18"><span class='ocrx_word' id='word_1_130' title='bbox 57 2214 185 2287; x_wconf 78' lang='lat' dir='ltr'><strong>fragiliS,</strong></span> <span class='ocrx_word' id='word_1_131' title='bbox 202 2214 336 2283; x_wconf 90' lang='lat' dir='ltr'><strong>stridula,</strong></span> <span class='ocrx_word' id='word_1_132' title='bbox 355 2229 495 2268; x_wconf 85' lang='lat' dir='ltr'><strong>concava.</strong></span> 
     </span>
    </p>

    <p class='ocr_par' dir='ltr' id='par_1_13' title="bbox 58 2299 891 2640">
     <span class='ocr_line' id='line_1_25' title="bbox 87 2299 890 2373; baseline -0.007 -15"><span class='ocrx_word' id='word_1_133' title='bbox 87 2303 197 2359; x_wconf 87' lang='lat' dir='ltr'><strong>Storax</strong></span> <span class='ocrx_word' id='word_1_134' title='bbox 217 2301 265 2357; x_wconf 89' lang='lat' dir='ltr'><strong>vel</strong></span> <span class='ocrx_word' id='word_1_135' title='bbox 288 2306 390 2373; x_wconf 74' lang='lat' dir='ltr'><strong>styrax</strong></span> <span class='ocrx_word' id='word_1_136' title='bbox 405 2302 494 2356; x_wconf 85' lang='lat' dir='ltr'><strong>arbor</strong></span> <span class='ocrx_word' id='word_1_137' title='bbox 514 2304 561 2355; x_wconf 89' lang='lat' dir='ltr'><strong>est</strong></span> <span class='ocrx_word' id='word_1_138' title='bbox 583 2300 712 2369; x_wconf 78' lang='lat' dir='ltr'><strong>Arahiae,</strong></span> <span class='ocrx_word' id='word_1_139' title='bbox 739 2299 890 2353; x_wconf 85' lang='lat' dir='ltr'><strong>lacrimam</strong></span> 
     </span>
     <span class='ocr_line' id='line_1_26' title="bbox 58 2387 891 2461; baseline -0.007 -16"><span class='ocrx_word' id='word_1_140' title='bbox 58 2391 248 2447; x_wconf 86' lang='lat' dir='ltr'><strong>aromaticam</strong></span> <span class='ocrx_word' id='word_1_141' title='bbox 270 2390 400 2461; x_wconf 89' lang='lat' dir='ltr'><strong>distillat,</strong></span> <span class='ocrx_word' id='word_1_142' title='bbox 416 2389 545 2460; x_wconf 78' lang='lat' dir='ltr'><strong>lacryma</strong></span> <span class='ocrx_word' id='word_1_143' title='bbox 570 2405 636 2460; x_wconf 85' lang='lat' dir='ltr'><strong>quae</strong></span> <span class='ocrx_word' id='word_1_144' title='bbox 652 2388 762 2457; x_wconf 86' lang='lat' dir='ltr'><strong>defluit,</strong></span> <span class='ocrx_word' id='word_1_145' title='bbox 783 2387 891 2441; x_wconf 89' lang='lat' dir='ltr'><strong>munda</strong></span> 
     </span>
     <span class='ocr_line' id='line_1_27' title="bbox 62 2475 891 2550; baseline -0.013 -15"><span class='ocrx_word' id='word_1_146' title='bbox 62 2484 106 2535; x_wconf 90' lang='lat' dir='ltr'><strong>est</strong></span> <span class='ocrx_word' id='word_1_147' title='bbox 120 2482 150 2536; x_wconf 90' lang='lat' dir='ltr'><strong>et</strong></span> <span class='ocrx_word' id='word_1_148' title='bbox 163 2479 241 2549; x_wconf 89' lang='lat' dir='ltr'><strong>alba,</strong></span> <span class='ocrx_word' id='word_1_149' title='bbox 258 2478 325 2550; x_wconf 81' lang='lat' dir='ltr'><strong>ejus</strong></span> <span class='ocrx_word' id='word_1_150' title='bbox 336 2479 436 2534; x_wconf 88' lang='lat' dir='ltr'><strong>resina</strong></span> <span class='ocrx_word' id='word_1_151' title='bbox 445 2479 546 2534; x_wconf 88' lang='lat' dir='ltr'><strong>odoris</strong></span> <span class='ocrx_word' id='word_1_152' title='bbox 555 2476 741 2548; x_wconf 79' lang='lat' dir='ltr'><strong>estjucundi,</strong></span> <span class='ocrx_word' id='word_1_153' title='bbox 751 2475 891 2546; x_wconf 84' lang='lat' dir='ltr'><strong>humecti,</strong></span> 
     </span>
     <span class='ocr_line' id='line_1_28' title="bbox 64 2567 706 2640; baseline -0.012 -16"><span class='ocrx_word' id='word_1_154' title='bbox 64 2573 90 2624; x_wconf 91' lang='lat' dir='ltr'><strong>et</strong></span> <span class='ocrx_word' id='word_1_155' title='bbox 103 2569 192 2640; x_wconf 90' lang='lat' dir='ltr'><strong>quasi</strong></span> <span class='ocrx_word' id='word_1_156' title='bbox 206 2567 287 2622; x_wconf 89' lang='lat' dir='ltr'><strong>nullo</strong></span> <span class='ocrx_word' id='word_1_157' title='bbox 303 2567 371 2622; x_wconf 91' lang='lat' dir='ltr'><strong>usui</strong></span> <span class='ocrx_word' id='word_1_158' title='bbox 387 2567 531 2639; x_wconf 88' lang='lat' dir='ltr'><strong>liquorem</strong></span> <span class='ocrx_word' id='word_1_159' title='bbox 546 2567 706 2620; x_wconf 90' lang='lat' dir='ltr'><strong>emitttens.</strong></span> 
     </span>
    </p>

    <p class='ocr_par' dir='ltr' id='par_1_14' title="bbox 62 2653 893 2815">
     <span class='ocr_line' id='line_1_29' title="bbox 88 2653 893 2728; baseline -0.006 -16"><span class='ocrx_word' id='word_1_160' title='bbox 88 2655 223 2712; x_wconf 87' lang='lat' dir='ltr'><strong>Struthio</strong></span> <span class='ocrx_word' id='word_1_161' title='bbox 244 2656 309 2710; x_wconf 89' lang='lat' dir='ltr'><strong>avis</strong></span> <span class='ocrx_word' id='word_1_162' title='bbox 330 2656 439 2728; x_wconf 88' lang='lat' dir='ltr'><strong>ingens</strong></span> <span class='ocrx_word' id='word_1_163' title='bbox 464 2658 510 2709; x_wconf 89' lang='lat' dir='ltr'><strong>cst</strong></span> <span class='ocrx_word' id='word_1_164' title='bbox 532 2669 671 2725; x_wconf 89' lang='lat' dir='ltr'><strong>corpore,</strong></span> <span class='ocrx_word' id='word_1_165' title='bbox 695 2669 761 2707; x_wconf 90' lang='lat' dir='ltr'><strong>rara</strong></span> <span class='ocrx_word' id='word_1_166' title='bbox 783 2653 893 2724; x_wconf 88' lang='lat' dir='ltr'><strong>plumis</strong></span> 
     </span>
     <span class='ocr_line' id='line_1_30' title="bbox 62 2741 892 2815; baseline -0.008 -14"><span class='ocrx_word' id='word_1_167' title='bbox 62 2746 108 2803; x_wconf 76' lang='lat' dir='ltr'><strong>ael</strong></span> <span class='ocrx_word' id='word_1_168' title='bbox 117 2744 280 2815; x_wconf 90' lang='lat' dir='ltr'><strong>implumis,</strong></span> <span class='ocrx_word' id='word_1_169' title='bbox 289 2743 352 2798; x_wconf 88' lang='lat' dir='ltr'><strong>alas</strong></span> <span class='ocrx_word' id='word_1_170' title='bbox 361 2743 712 2813; x_wconf 87' lang='lat' dir='ltr'><strong>hahetsimilesaccipitri</strong></span> <span class='ocrx_word' id='word_1_171' title='bbox 722 2744 751 2798; x_wconf 90' lang='lat' dir='ltr'><strong>et</strong></span> <span class='ocrx_word' id='word_1_172' title='bbox 759 2741 892 2812; x_wconf 88' lang='lat' dir='ltr'><strong>herodio,</strong></span> 
     </span>
    </p>
   </div>
   <div class='ocr_carea' id='block_1_8' title="bbox 60 2831 896 2905">
    <p class='ocr_par' dir='ltr' id='par_1_15' title="bbox 60 2831 896 2905">
     <span class='ocr_line' id='line_1_31' title="bbox 60 2831 896 2905; baseline -0.007 -14"><span class='ocrx_word' id='word_1_173' title='bbox 60 2836 160 2891; x_wconf 72' lang='lat' dir='ltr'><strong>volare</strong></span> <span class='ocrx_word' id='word_1_174' title='bbox 176 2833 288 2905; x_wconf 89' lang='lat' dir='ltr'><strong>nequit,</strong></span> <span class='ocrx_word' id='word_1_175' title='bbox 303 2837 401 2887; x_wconf 86' lang='lat' dir='ltr'><strong>tamen</strong></span> <span class='ocrx_word' id='word_1_176' title='bbox 416 2831 573 2904; x_wconf 88' lang='lat' dir='ltr'><strong>aliquando</strong></span> <span class='ocrx_word' id='word_1_177' title='bbox 589 2831 651 2887; x_wconf 88' lang='lat' dir='ltr'><strong>alas</strong></span> <span class='ocrx_word' id='word_1_178' title='bbox 667 2831 764 2903; x_wconf 80' lang='lat' dir='ltr'><strong>erigit,</strong></span> <span class='ocrx_word' id='word_1_179' title='bbox 782 2846 836 2884; x_wconf 88' lang='lat' dir='ltr'><strong>ova</strong></span> <span class='ocrx_word' id='word_1_180' title='bbox 851 2845 896 2885; x_wconf 89' lang='lat' dir='ltr'><strong>re·</strong></span> 
     </span>
    </p>
   </div>
   <div class='ocr_carea' id='block_1_9' title="bbox 46 2920 894 3975">
    <p class='ocr_par' dir='ltr' id='par_1_16' title="bbox 58 2920 894 3158">
     <span class='ocr_line' id='line_1_32' title="bbox 58 2920 894 2996; baseline -0.008 -16"><span class='ocrx_word' id='word_1_181' title='bbox 58 2925 174 2996; x_wconf 87' lang='lat' dir='ltr'><strong>linquit,</strong></span> <span class='ocrx_word' id='word_1_182' title='bbox 200 2926 229 2978; x_wconf 89' lang='lat' dir='ltr'><strong>et</strong></span> <span class='ocrx_word' id='word_1_183' title='bbox 252 2920 540 2992; x_wconf 86' lang='lat' dir='ltr'><strong>obliviscitur-quod</strong></span> <span class='ocrx_word' id='word_1_184' title='bbox 560 2936 614 2992; x_wconf 89' lang='lat' dir='ltr'><strong>pes</strong></span> <span class='ocrx_word' id='word_1_185' title='bbox 629 2921 782 2975; x_wconf 91' lang='lat' dir='ltr'><strong>conculcet</strong></span> <span class='ocrx_word' id='word_1_186' title='bbox 799 2935 843 2989; x_wconf 88' lang='lat' dir='ltr'><strong>ea,</strong></span> <span class='ocrx_word' id='word_1_187' title='bbox 865 2923 894 2973; x_wconf 90' lang='lat' dir='ltr'><strong>et</strong></span> 
     </span>
     <span class='ocr_line' id='line_1_33' title="bbox 58 3009 892 3085; baseline -0.008 -16"><span class='ocrx_word' id='word_1_188' title='bbox 58 3014 153 3069; x_wconf 90' lang='lat' dir='ltr'><strong>hestia</strong></span> <span class='ocrx_word' id='word_1_189' title='bbox 163 3012 229 3085; x_wconf 89' lang='lat' dir='ltr'><strong>agri</strong></span> <span class='ocrx_word' id='word_1_190' title='bbox 245 3013 385 3081; x_wconf 87' lang='lat' dir='ltr'><strong>conterat,</strong></span> <span class='ocrx_word' id='word_1_191' title='bbox 399 3010 521 3064; x_wconf 90' lang='lat' dir='ltr'><strong>duratur</strong></span> <span class='ocrx_word' id='word_1_192' title='bbox 528 3010 564 3063; x_wconf 94' lang='lat' dir='ltr'><strong>ad</strong></span> <span class='ocrx_word' id='word_1_193' title='bbox 575 3009 653 3064; x_wconf 85' lang='lat' dir='ltr'><strong>filios</strong></span> <span class='ocrx_word' id='word_1_194' title='bbox 664 3025 738 3064; x_wconf 91' lang='lat' dir='ltr'><strong>suos</strong></span> <span class='ocrx_word' id='word_1_195' title='bbox 754 3012 892 3079; x_wconf 86' lang='lat' dir='ltr'><strong>tanquam</strong></span> 
     </span>
     <span class='ocr_line' id='line_1_34' title="bbox 58 3101 266 3158; baseline -0.014 0"><span class='ocrx_word' id='word_1_196' title='bbox 58 3119 114 3158; x_wconf 93' lang='lat' dir='ltr'><strong>non</strong></span> <span class='ocrx_word' id='word_1_197' title='bbox 131 3102 194 3157; x_wconf 87' lang='lat' dir='ltr'><strong>sint</strong></span> <span class='ocrx_word' id='word_1_198' title='bbox 209 3101 266 3156; x_wconf 90' lang='lat' dir='ltr'><strong>sui.</strong></span> 
     </span>
    </p>

    <p class='ocr_par' dir='ltr' id='par_1_17' title="bbox 58 3187 891 3532">
     <span class='ocr_line' id='line_1_35' title="bbox 89 3187 889 3262; baseline -0.009 -15"><span class='ocrx_word' id='word_1_199' title='bbox 89 3190 229 3247; x_wconf 89' lang='lat' dir='ltr'><strong>Studium</strong></span> <span class='ocrx_word' id='word_1_200' title='bbox 246 3189 327 3262; x_wconf 89' lang='lat' dir='ltr'><strong>aquit</strong></span> <span class='ocrx_word' id='word_1_201' title='bbox 343 3188 506 3261; x_wconf 89' lang='lat' dir='ltr'><strong>ingenium,</strong></span> <span class='ocrx_word' id='word_1_202' title='bbox 522 3188 606 3260; x_wconf 83' lang='lat' dir='ltr'><strong>fugat</strong></span> <span class='ocrx_word' id='word_1_203' title='bbox 628 3187 729 3258; x_wconf 92' lang='lat' dir='ltr'><strong>otium,</strong></span> <span class='ocrx_word' id='word_1_204' title='bbox 746 3187 889 3255; x_wconf 89' lang='lat' dir='ltr'><strong>scientiae,</strong></span> 
     </span>
     <span class='ocr_line' id='line_1_36' title="bbox 58 3277 891 3353; baseline -0.008 -17"><span class='ocrx_word' id='word_1_205' title='bbox 58 3282 134 3353; x_wconf 89' lang='lat' dir='ltr'><strong>parit</strong></span> <span class='ocrx_word' id='word_1_206' title='bbox 149 3294 291 3350; x_wconf 89' lang='lat' dir='ltr'><strong>amorem,</strong></span> <span class='ocrx_word' id='word_1_207' title='bbox 304 3279 459 3334; x_wconf 88' lang='lat' dir='ltr'><strong>scientiam</strong></span> <span class='ocrx_word' id='word_1_208' title='bbox 470 3279 636 3346; x_wconf 88' lang='lat' dir='ltr'><strong>conservat,</strong></span> <span class='ocrx_word' id='word_1_209' title='bbox 648 3277 753 3331; x_wconf 87' lang='lat' dir='ltr'><strong>avertit</strong></span> <span class='ocrx_word' id='word_1_210' title='bbox 761 3277 891 3331; x_wconf 91' lang='lat' dir='ltr'><strong>animum</strong></span> 
     </span>
     <span class='ocr_line' id='line_1_37' title="bbox 59 3365 891 3439; baseline -0.007 -14"><span class='ocrx_word' id='word_1_211' title='bbox 59 3389 73 3425; x_wconf 91' lang='lat' dir='ltr'><strong>a</strong></span> <span class='ocrx_word' id='word_1_212' title='bbox 86 3371 176 3425; x_wconf 86' lang='lat' dir='ltr'><strong>vanis</strong></span> <span class='ocrx_word' id='word_1_213' title='bbox 192 3372 220 3424; x_wconf 92' lang='lat' dir='ltr'><strong>et</strong></span> <span class='ocrx_word' id='word_1_214' title='bbox 235 3369 398 3439; x_wconf 89' lang='lat' dir='ltr'><strong>inutilibus,</strong></span> <span class='ocrx_word' id='word_1_215' title='bbox 410 3367 523 3438; x_wconf 87' lang='lat' dir='ltr'><strong>peccati</strong></span> <span class='ocrx_word' id='word_1_216' title='bbox 534 3368 633 3424; x_wconf 89' lang='lat' dir='ltr'><strong>odium</strong></span> <span class='ocrx_word' id='word_1_217' title='bbox 644 3365 750 3439; x_wconf 88' lang='lat' dir='ltr'><strong>gignit,</strong></span> <span class='ocrx_word' id='word_1_218' title='bbox 762 3366 891 3437; x_wconf 90' lang='lat' dir='ltr'><strong>quietem</strong></span> 
     </span>
     <span class='ocr_line' id='line_1_38' title="bbox 60 3458 336 3532; baseline -0.014 -17"><span class='ocrx_word' id='word_1_219' title='bbox 60 3465 85 3516; x_wconf 88' lang='lat' dir='ltr'><strong>et</strong></span> <span class='ocrx_word' id='word_1_220' title='bbox 98 3474 205 3532; x_wconf 88' lang='lat' dir='ltr'><strong>pacem</strong></span> <span class='ocrx_word' id='word_1_221' title='bbox 221 3458 336 3529; x_wconf 82' lang='lat' dir='ltr'><strong>quaerit.</strong></span> 
     </span>
    </p>

    <p class='ocr_par' dir='ltr' id='par_1_18' title="bbox 46 3544 892 3704">
     <span class='ocr_line' id='line_1_39' title="bbox 90 3544 892 3618; baseline -0.006 -15"><span class='ocrx_word' id='word_1_222' title='bbox 90 3549 182 3618; x_wconf 88' lang='lat' dir='ltr'><strong>Stupa</strong></span> <span class='ocrx_word' id='word_1_223' title='bbox 199 3549 423 3618; x_wconf 88' lang='lat' dir='ltr'><strong>purgamentum</strong></span> <span class='ocrx_word' id='word_1_224' title='bbox 432 3549 477 3600; x_wconf 91' lang='lat' dir='ltr'><strong>est</strong></span> <span class='ocrx_word' id='word_1_225' title='bbox 488 3545 551 3615; x_wconf 91' lang='lat' dir='ltr'><strong>lini,</strong></span> <span class='ocrx_word' id='word_1_226' title='bbox 564 3544 662 3599; x_wconf 89' lang='lat' dir='ltr'><strong>mollis</strong></span> <span class='ocrx_word' id='word_1_227' title='bbox 673 3549 728 3614; x_wconf 88' lang='lat' dir='ltr'><strong>cst,</strong></span> <span class='ocrx_word' id='word_1_228' title='bbox 746 3544 822 3600; x_wconf 86' lang='lat' dir='ltr'><strong>levis</strong></span> <span class='ocrx_word' id='word_1_229' title='bbox 833 3545 892 3614; x_wconf 92' lang='lat' dir='ltr'><strong>est,</strong></span> 
     </span>
     <span class='ocr_line' id='line_1_40' title="bbox 46 3636 339 3704; baseline -0.017 -11"><span class='ocrx_word' id='word_1_230' title='bbox 46 3640 119 3704; x_wconf 71' lang='lat' dir='ltr'><strong>¹cito</strong></span> <span class='ocrx_word' id='word_1_231' title='bbox 135 3636 339 3692; x_wconf 82' lang='lat' dir='ltr'><strong>succenditur.</strong></span> 
     </span>
    </p>

    <p class='ocr_par' dir='ltr' id='par_1_19' title="bbox 64 3723 892 3884">
     <span class='ocr_line' id='line_1_41' title="bbox 94 3723 892 3798; baseline -0.005 -16"><span class='ocrx_word' id='word_1_232' title='bbox 94 3725 198 3798; x_wconf 73' lang='lat' dir='ltr'><strong>Stylus</strong></span> <span class='ocrx_word' id='word_1_233' title='bbox 212 3725 332 3797; x_wconf 91' lang='lat' dir='ltr'><strong>longus,</strong></span> <span class='ocrx_word' id='word_1_234' title='bbox 348 3723 464 3794; x_wconf 91' lang='lat' dir='ltr'><strong>planus,</strong></span> <span class='ocrx_word' id='word_1_235' title='bbox 475 3723 608 3796; x_wconf 76' lang='lat' dir='ltr'><strong>graciliS,</strong></span> <span class='ocrx_word' id='word_1_236' title='bbox 620 3726 737 3794; x_wconf 87' lang='lat' dir='ltr'><strong>acutus,</strong></span> <span class='ocrx_word' id='word_1_237' title='bbox 749 3723 892 3795; x_wconf 90' lang='lat' dir='ltr'><strong>directus,</strong></span> 
     </span>
     <span class='ocr_line' id='line_1_42' title="bbox 64 3813 399 3884; baseline -0.015 -13"><span class='ocrx_word' id='word_1_238' title='bbox 64 3817 92 3871; x_wconf 90' lang='lat' dir='ltr'><strong>in</strong></span> <span class='ocrx_word' id='word_1_239' title='bbox 105 3816 200 3871; x_wconf 87' lang='lat' dir='ltr'><strong>altera</strong></span> <span class='ocrx_word' id='word_1_240' title='bbox 215 3816 297 3884; x_wconf 89' lang='lat' dir='ltr'><strong>parte</strong></span> <span class='ocrx_word' id='word_1_241' title='bbox 312 3813 399 3867; x_wconf 89' lang='lat' dir='ltr'><strong>latus.</strong></span> 
     </span>
    </p>

    <p class='ocr_par' dir='ltr' id='par_1_20' title="bbox 93 3902 668 3975">
     <span class='ocr_line' id='line_1_43' title="bbox 93 3902 668 3975; baseline -0.005 -15"><span class='ocrx_word' id='word_1_242' title='bbox 93 3904 225 3975; x_wconf 88' lang='lat' dir='ltr'><strong>Sulphur</strong></span> <span class='ocrx_word' id='word_1_243' title='bbox 236 3902 403 3972; x_wconf 88' lang='lat' dir='ltr'><strong>candidum,</strong></span> <span class='ocrx_word' id='word_1_244' title='bbox 421 3902 553 3972; x_wconf 80' lang='lat' dir='ltr'><strong>fetidum,</strong></span> <span class='ocrx_word' id='word_1_245' title='bbox 570 3905 668 3958; x_wconf 81' lang='lat' dir='ltr'><strong>tenax.</strong></span> 
     </span>
    </p>
   </div>
   <div class='ocr_carea' id='block_1_10' title="bbox 93 4044 884 4118">
    <p class='ocr_par' dir='ltr' id='par_1_21' title="bbox 93 4044 884 4118">
     <span class='ocr_line' id='line_1_44' title="bbox 93 4044 884 4118; baseline 0 -16"><span class='ocrx_word' id='word_1_246' title='bbox 93 4047 164 4102; x_wconf 68' lang='lat' dir='ltr'><strong>mr.</strong></span> <span class='ocrx_word' id='word_1_247' title='bbox 180 4045 288 4100; x_wconf 84' lang='lat' dir='ltr'><strong>xv111.</strong></span> <span class='ocrx_word' id='word_1_248' title='bbox 304 4044 629 4118; x_wconf 82' lang='lat' dir='ltr'><strong>Deliisquihnsprima</strong></span> <span class='ocrx_word' id='word_1_249' title='bbox 642 4045 747 4101; x_wconf 85' lang='lat' dir='ltr'><strong>littera</strong></span> <span class='ocrx_word' id='word_1_250' title='bbox 764 4054 810 4102; x_wconf 86' lang='lat' dir='ltr'><strong>est</strong></span> <span class='ocrx_word' id='word_1_251' title='bbox 827 4046 857 4102; x_wconf 84' lang='lat' dir='ltr'><strong>T.</strong></span> <span class='ocrx_word' id='word_1_252' title='bbox 880 4054 884 4061; x_wconf 92' lang='lat'>&#39;</span> 
     </span>
    </p>
   </div>
   <div class='ocr_carea' id='block_1_11' title="bbox 65 4169 893 4331">
    <p class='ocr_par' dir='ltr' id='par_1_22' title="bbox 65 4169 893 4331">
     <span class='ocr_line' id='line_1_45' title="bbox 92 4169 892 4245; baseline 0.004 -20"><span class='ocrx_word' id='word_1_253' title='bbox 92 4169 330 4225; x_wconf 89' lang='lat' dir='ltr'><strong>Tabernaculum</strong></span> <span class='ocrx_word' id='word_1_254' title='bbox 354 4169 470 4224; x_wconf 88' lang='lat' dir='ltr'><strong>Domini</strong></span> <span class='ocrx_word' id='word_1_255' title='bbox 499 4173 626 4241; x_wconf 88' lang='lat' dir='ltr'><strong>quatuor</strong></span> <span class='ocrx_word' id='word_1_256' title='bbox 648 4171 776 4226; x_wconf 87' lang='lat' dir='ltr'><strong>habebat</strong></span> <span class='ocrx_word' id='word_1_257' title='bbox 791 4171 892 4245; x_wconf 91' lang='lat' dir='ltr'><strong>latera,</strong></span> 
     </span>
     <span class='ocr_line' id='line_1_46' title="bbox 65 4258 893 4331; baseline 0.001 -17"><span class='ocrx_word' id='word_1_258' title='bbox 65 4259 92 4314; x_wconf 91' lang='lat' dir='ltr'><strong>in</strong></span> <span class='ocrx_word' id='word_1_259' title='bbox 114 4258 251 4331; x_wconf 89' lang='lat' dir='ltr'><strong>quolibet</strong></span> <span class='ocrx_word' id='word_1_260' title='bbox 264 4258 390 4313; x_wconf 89' lang='lat' dir='ltr'><strong>duorum</strong></span> <span class='ocrx_word' id='word_1_261' title='bbox 405 4259 529 4313; x_wconf 88' lang='lat' dir='ltr'><strong>laterum</strong></span> <span class='ocrx_word' id='word_1_262' title='bbox 544 4263 627 4313; x_wconf 88' lang='lat' dir='ltr'><strong>erant</strong></span> <span class='ocrx_word' id='word_1_263' title='bbox 649 4259 755 4331; x_wconf 88' lang='lat' dir='ltr'><strong>viginti</strong></span> <span class='ocrx_word' id='word_1_264' title='bbox 776 4261 893 4331; x_wconf 83' lang='lat' dir='ltr'><strong>tabulae,</strong></span> 
     </span>
    </p>
   </div>
   <div class='ocr_carea' id='block_1_12' title="bbox 942 533 1781 1754">
    <p class='ocr_par' dir='ltr' id='par_1_23' title="bbox 943 533 1777 680">
     <span class='ocr_line' id='line_1_47' title="bbox 943 533 1777 605; baseline -0.004 -14"><span class='ocrx_word' id='word_1_265' title='bbox 943 537 1032 592; x_wconf 89' lang='lat' dir='ltr'><strong>nihus</strong></span> <span class='ocrx_word' id='word_1_266' title='bbox 1047 539 1075 589; x_wconf 93' lang='lat' dir='ltr'><strong>et</strong></span> <span class='ocrx_word' id='word_1_267' title='bbox 1094 535 1255 590; x_wconf 88' lang='lat' dir='ltr'><strong>lotionibus</strong></span> <span class='ocrx_word' id='word_1_268' title='bbox 1280 534 1443 605; x_wconf 87' lang='lat' dir='ltr'><strong>dealbatur,</strong></span> <span class='ocrx_word' id='word_1_269' title='bbox 1459 533 1557 589; x_wconf 88' lang='lat' dir='ltr'><strong>tenuis</strong></span> <span class='ocrx_word' id='word_1_270' title='bbox 1581 535 1636 603; x_wconf 93' lang='lat' dir='ltr'><strong>cst,</strong></span> <span class='ocrx_word' id='word_1_271' title='bbox 1654 533 1777 589; x_wconf 85' lang='lat' dir='ltr'><strong>candida</strong></span> 
     </span>
     <span class='ocr_line' id='line_1_48' title="bbox 943 623 1096 680; baseline -0.02 -1"><span class='ocrx_word' id='word_1_272' title='bbox 943 628 971 680; x_wconf 89' lang='lat' dir='ltr'><strong>et</strong></span> <span class='ocrx_word' id='word_1_273' title='bbox 986 623 1096 678; x_wconf 90' lang='lat' dir='ltr'><strong>mollis.</strong></span> 
     </span>
    </p>

    <p class='ocr_par' dir='ltr' id='par_1_24' title="bbox 943 709 1779 956">
     <span class='ocr_line' id='line_1_49' title="bbox 980 709 1774 782; baseline 0 -17"><span class='ocrx_word' id='word_1_274' title='bbox 980 711 1134 781; x_wconf 89' lang='lat' dir='ltr'><strong>Templum</strong></span> <span class='ocrx_word' id='word_1_275' title='bbox 1155 712 1306 779; x_wconf 90' lang='lat' dir='ltr'><strong>mundum,</strong></span> <span class='ocrx_word' id='word_1_276' title='bbox 1329 710 1456 764; x_wconf 87' lang='lat' dir='ltr'><strong>cameris</strong></span> <span class='ocrx_word' id='word_1_277' title='bbox 1478 709 1659 779; x_wconf 89' lang='lat' dir='ltr'><strong>obvolutum,</strong></span> <span class='ocrx_word' id='word_1_278' title='bbox 1677 709 1774 782; x_wconf 88' lang='lat' dir='ltr'><strong>pallis,</strong></span> 
     </span>
     <span class='ocr_line' id='line_1_50' title="bbox 943 798 1779 871; baseline 0 -17"><span class='ocrx_word' id='word_1_279' title='bbox 943 800 1120 871; x_wconf 90' lang='lat' dir='ltr'><strong>appenditur</strong></span> <span class='ocrx_word' id='word_1_280' title='bbox 1134 803 1163 853; x_wconf 87' lang='lat' dir='ltr'><strong>et</strong></span> <span class='ocrx_word' id='word_1_281' title='bbox 1178 802 1308 867; x_wconf 86' lang='lat' dir='ltr'><strong>ornatur,</strong></span> <span class='ocrx_word' id='word_1_282' title='bbox 1326 798 1448 853; x_wconf 89' lang='lat' dir='ltr'><strong>iloribns</strong></span> <span class='ocrx_word' id='word_1_283' title='bbox 1465 798 1615 868; x_wconf 86' lang='lat' dir='ltr'><strong>sternitur,</strong></span> <span class='ocrx_word' id='word_1_284' title='bbox 1633 799 1711 853; x_wconf 84' lang='lat' dir='ltr'><strong>cerei</strong></span> <span class='ocrx_word' id='word_1_285' title='bbox 1727 814 1779 855; x_wconf 91' lang='lat' dir='ltr'><strong>ac·</strong></span> 
     </span>
     <span class='ocr_line' id='line_1_51' title="bbox 945 885 1634 956; baseline -0.003 -14"><span class='ocrx_word' id='word_1_286' title='bbox 945 888 1118 956; x_wconf 89' lang='lat' dir='ltr'><strong>cenduntur,</strong></span> <span class='ocrx_word' id='word_1_287' title='bbox 1137 889 1166 940; x_wconf 85' lang='lat' dir='ltr'><strong>et</strong></span> <span class='ocrx_word' id='word_1_288' title='bbox 1180 901 1329 956; x_wconf 76' lang='lat' dir='ltr'><strong>campanae</strong></span> <span class='ocrx_word' id='word_1_289' title='bbox 1345 886 1500 955; x_wconf 86' lang='lat' dir='ltr'><strong>pulsantur</strong></span> <span class='ocrx_word' id='word_1_290' title='bbox 1515 886 1544 938; x_wconf 93' lang='lat' dir='ltr'><strong>in</strong></span> <span class='ocrx_word' id='word_1_291' title='bbox 1559 885 1634 954; x_wconf 91' lang='lat' dir='ltr'><strong>ipso.</strong></span> 
     </span>
    </p>

    <p class='ocr_par' dir='ltr' id='par_1_25' title="bbox 944 973 1779 1133">
     <span class='ocr_line' id='line_1_52' title="bbox 980 973 1779 1046; baseline 0.001 -16"><span class='ocrx_word' id='word_1_292' title='bbox 980 977 1124 1030; x_wconf 88' lang='lat' dir='ltr'><strong>Tenebrae</strong></span> <span class='ocrx_word' id='word_1_293' title='bbox 1145 974 1282 1029; x_wconf 85' lang='lat' dir='ltr'><strong>ohscurae</strong></span> <span class='ocrx_word' id='word_1_294' title='bbox 1307 977 1385 1043; x_wconf 91' lang='lat' dir='ltr'><strong>sunt,</strong></span> <span class='ocrx_word' id='word_1_295' title='bbox 1403 973 1498 1027; x_wconf 90' lang='lat' dir='ltr'><strong>lucem</strong></span> <span class='ocrx_word' id='word_1_296' title='bbox 1515 973 1635 1046; x_wconf 88' lang='lat' dir='ltr'><strong>iugant;</strong></span> <span class='ocrx_word' id='word_1_297' title='bbox 1655 977 1686 1028; x_wconf 93' lang='lat' dir='ltr'><strong>ut</strong></span> <span class='ocrx_word' id='word_1_298' title='bbox 1703 974 1779 1046; x_wconf 85' lang='lat' dir='ltr'><strong>ipsse</strong></span> 
     </span>
     <span class='ocr_line' id='line_1_53' title="bbox 944 1062 1368 1133; baseline -0.009 -14"><span class='ocrx_word' id='word_1_299' title='bbox 944 1081 1003 1119; x_wconf 91' lang='lat' dir='ltr'><strong>non</strong></span> <span class='ocrx_word' id='word_1_300' title='bbox 1018 1065 1086 1133; x_wconf 87' lang='lat' dir='ltr'><strong>sint,</strong></span> <span class='ocrx_word' id='word_1_301' title='bbox 1104 1078 1120 1116; x_wconf 91' lang='lat' dir='ltr'><strong>a</strong></span> <span class='ocrx_word' id='word_1_302' title='bbox 1135 1063 1201 1117; x_wconf 84' lang='lat' dir='ltr'><strong>luce</strong></span> <span class='ocrx_word' id='word_1_303' title='bbox 1218 1062 1368 1133; x_wconf 84' lang='lat' dir='ltr'><strong>sugantur.</strong></span> 
     </span>
    </p>

    <p class='ocr_par' dir='ltr' id='par_1_26' title="bbox 942 1149 1781 1754">
     <span class='ocr_line' id='line_1_54' title="bbox 979 1149 1778 1220; baseline 0 -14"><span class='ocrx_word' id='word_1_304' title='bbox 979 1152 1176 1207; x_wconf 88' lang='lat' dir='ltr'><strong>Terebinthus</strong></span> <span class='ocrx_word' id='word_1_305' title='bbox 1186 1152 1216 1205; x_wconf 95' lang='lat' dir='ltr'><strong>in</strong></span> <span class='ocrx_word' id='word_1_306' title='bbox 1228 1149 1400 1204; x_wconf 84' lang='lat' dir='ltr'><strong>Macedonia</strong></span> <span class='ocrx_word' id='word_1_307' title='bbox 1408 1150 1509 1204; x_wconf 88' lang='lat' dir='ltr'><strong>brevis</strong></span> <span class='ocrx_word' id='word_1_308' title='bbox 1521 1151 1619 1220; x_wconf 86' lang='lat' dir='ltr'><strong>arhor,</strong></span> <span class='ocrx_word' id='word_1_309' title='bbox 1630 1151 1684 1206; x_wconf 89' lang='lat' dir='ltr'><strong>sed</strong></span> <span class='ocrx_word' id='word_1_310' title='bbox 1695 1150 1778 1206; x_wconf 84' lang='lat' dir='ltr'><strong>irue-</strong></span> 
     </span>
     <span class='ocr_line' id='line_1_55' title="bbox 942 1238 1777 1312; baseline -0.002 -16"><span class='ocrx_word' id='word_1_311' title='bbox 942 1246 1028 1296; x_wconf 89' lang='lat' dir='ltr'><strong>tuosa</strong></span> <span class='ocrx_word' id='word_1_312' title='bbox 1054 1243 1082 1295; x_wconf 89' lang='lat' dir='ltr'><strong>et</strong></span> <span class='ocrx_word' id='word_1_313' title='bbox 1105 1255 1212 1312; x_wconf 86' lang='lat' dir='ltr'><strong>magna</strong></span> <span class='ocrx_word' id='word_1_314' title='bbox 1227 1242 1273 1292; x_wconf 90' lang='lat' dir='ltr'><strong>est</strong></span> <span class='ocrx_word' id='word_1_315' title='bbox 1298 1238 1328 1292; x_wconf 95' lang='lat' dir='ltr'><strong>in</strong></span> <span class='ocrx_word' id='word_1_316' title='bbox 1352 1238 1508 1308; x_wconf 87' lang='lat' dir='ltr'><strong>Damasco,</strong></span> <span class='ocrx_word' id='word_1_317' title='bbox 1526 1238 1641 1293; x_wconf 88' lang='lat' dir='ltr'><strong>habens</strong></span> <span class='ocrx_word' id='word_1_318' title='bbox 1663 1238 1777 1312; x_wconf 89' lang='lat' dir='ltr'><strong>lignum</strong></span> 
     </span>
     <span class='ocr_line' id='line_1_56' title="bbox 945 1327 1779 1402; baseline -0.001 -19"><span class='ocrx_word' id='word_1_319' title='bbox 945 1331 1065 1402; x_wconf 88' lang='lat' dir='ltr'><strong>nigrum</strong></span> <span class='ocrx_word' id='word_1_320' title='bbox 1076 1344 1142 1383; x_wconf 86' lang='lat' dir='ltr'><strong>cunr</strong></span> <span class='ocrx_word' id='word_1_321' title='bbox 1158 1327 1317 1397; x_wconf 88' lang='lat' dir='ltr'><strong>splendore</strong></span> <span class='ocrx_word' id='word_1_322' title='bbox 1334 1330 1363 1381; x_wconf 89' lang='lat' dir='ltr'><strong>et</strong></span> <span class='ocrx_word' id='word_1_323' title='bbox 1378 1327 1506 1382; x_wconf 80' lang='lat' dir='ltr'><strong>solidum</strong></span> <span class='ocrx_word' id='word_1_324' title='bbox 1518 1327 1547 1380; x_wconf 93' lang='lat' dir='ltr'><strong>in</strong></span> <span class='ocrx_word' id='word_1_325' title='bbox 1561 1328 1633 1382; x_wconf 85' lang='lat' dir='ltr'><strong>buxi</strong></span> <span class='ocrx_word' id='word_1_326' title='bbox 1648 1328 1779 1398; x_wconf 87' lang='lat' dir='ltr'><strong>speciem</strong></span> 
     </span>
     <span class='ocr_line' id='line_1_57' title="bbox 943 1415 1778 1487; baseline -0.002 -15"><span class='ocrx_word' id='word_1_327' title='bbox 943 1419 999 1472; x_wconf 87' lang='lat' dir='ltr'><strong>iios</strong></span> <span class='ocrx_word' id='word_1_328' title='bbox 1022 1417 1120 1487; x_wconf 89' lang='lat' dir='ltr'><strong>habet,</strong></span> <span class='ocrx_word' id='word_1_329' title='bbox 1136 1432 1273 1470; x_wconf 84' lang='lat' dir='ltr'><strong>racemos</strong></span> <span class='ocrx_word' id='word_1_330' title='bbox 1296 1417 1374 1470; x_wconf 90' lang='lat' dir='ltr'><strong>sicut</strong></span> <span class='ocrx_word' id='word_1_331' title='bbox 1388 1416 1485 1486; x_wconf 85' lang='lat' dir='ltr'><strong>olivae,</strong></span> <span class='ocrx_word' id='word_1_332' title='bbox 1502 1416 1556 1469; x_wconf 91' lang='lat' dir='ltr'><strong>sed</strong></span> <span class='ocrx_word' id='word_1_333' title='bbox 1575 1415 1692 1486; x_wconf 88' lang='lat' dir='ltr'><strong>rubent,</strong></span> <span class='ocrx_word' id='word_1_334' title='bbox 1709 1415 1778 1471; x_wconf 86' lang='lat' dir='ltr'><strong>lolia</strong></span> 
     </span>
     <span class='ocr_line' id='line_1_58' title="bbox 944 1504 1781 1576; baseline -0.001 -16"><span class='ocrx_word' id='word_1_335' title='bbox 944 1506 1032 1560; x_wconf 86' lang='lat' dir='ltr'><strong>habet</strong></span> <span class='ocrx_word' id='word_1_336' title='bbox 1048 1506 1140 1559; x_wconf 89' lang='lat' dir='ltr'><strong>dcnsa</strong></span> <span class='ocrx_word' id='word_1_337' title='bbox 1156 1508 1185 1558; x_wconf 86' lang='lat' dir='ltr'><strong>et</strong></span> <span class='ocrx_word' id='word_1_338' title='bbox 1200 1504 1348 1558; x_wconf 80' lang='lat' dir='ltr'><strong>folliculos</strong></span> <span class='ocrx_word' id='word_1_339' title='bbox 1360 1504 1527 1558; x_wconf 87' lang='lat' dir='ltr'><strong>emittentes</strong></span> <span class='ocrx_word' id='word_1_340' title='bbox 1542 1504 1679 1559; x_wconf 89' lang='lat' dir='ltr'><strong>animalia</strong></span> <span class='ocrx_word' id='word_1_341' title='bbox 1694 1505 1781 1576; x_wconf 89' lang='lat' dir='ltr'><strong>quasi</strong></span> 
     </span>
     <span class='ocr_line' id='line_1_59' title="bbox 945 1592 1781 1664; baseline -0.001 -15"><span class='ocrx_word' id='word_1_342' title='bbox 945 1595 1068 1664; x_wconf 80' lang='lat' dir='ltr'><strong>aulicae,</strong></span> <span class='ocrx_word' id='word_1_343' title='bbox 1084 1595 1184 1648; x_wconf 90' lang='lat' dir='ltr'><strong>resina</strong></span> <span class='ocrx_word' id='word_1_344' title='bbox 1208 1592 1275 1663; x_wconf 80' lang='lat' dir='ltr'><strong>ejus</strong></span> <span class='ocrx_word' id='word_1_345' title='bbox 1292 1592 1471 1662; x_wconf 89' lang='lat' dir='ltr'><strong>castissima,</strong></span> <span class='ocrx_word' id='word_1_346' title='bbox 1497 1609 1563 1664; x_wconf 89' lang='lat' dir='ltr'><strong>quae</strong></span> <span class='ocrx_word' id='word_1_347' title='bbox 1585 1592 1781 1648; x_wconf 88' lang='lat' dir='ltr'><strong>terebinthina</strong></span> 
     </span>
     <span class='ocr_line' id='line_1_60' title="bbox 945 1677 1781 1754; baseline -0.001 -17"><span class='ocrx_word' id='word_1_348' title='bbox 945 1683 1063 1753; x_wconf 87' lang='lat' dir='ltr'><strong>dicitur,</strong></span> <span class='ocrx_word' id='word_1_349' title='bbox 1079 1677 1169 1754; x_wconf 82' lang='lat' dir='ltr'><strong>vulgo</strong></span> <span class='ocrx_word' id='word_1_350' title='bbox 1184 1681 1400 1735; x_wconf 84' lang='lat' dir='ltr'><strong>teremintlrina.</strong></span> <span class='ocrx_word' id='word_1_351' title='bbox 1418 1681 1541 1734; x_wconf 79' lang='lat' dir='ltr'><strong>Maeuiae</strong></span> <span class='ocrx_word' id='word_1_352' title='bbox 1557 1681 1649 1752; x_wconf 82' lang='lat' dir='ltr'><strong>hujus</strong></span> <span class='ocrx_word' id='word_1_353' title='bbox 1664 1681 1781 1737; x_wconf 89' lang='lat' dir='ltr'><strong>arboris</strong></span> 
     </span>
    </p>
   </div>
   <div class='ocr_carea' id='block_1_13' title="bbox 907 1744 1781 1841">
    <p class='ocr_par' dir='ltr' id='par_1_27' title="bbox 907 1744 1781 1841">
     <span class='ocr_line' id='line_1_61' title="bbox 907 1744 1781 1841; baseline -0.001 -15"><span class='ocrx_word' id='word_1_354' title='bbox 907 1744 932 1806; x_wconf 78' lang='grc' dir='ltr'><strong>Β</strong></span> <span class='ocrx_word' id='word_1_355' title='bbox 948 1771 1120 1840; x_wconf 80' lang='lat' dir='ltr'><strong>fructuosae,</strong></span> <span class='ocrx_word' id='word_1_356' title='bbox 1138 1770 1265 1824; x_wconf 80' lang='lat' dir='ltr'><strong>fructum</strong></span> <span class='ocrx_word' id='word_1_357' title='bbox 1280 1769 1348 1841; x_wconf 80' lang='lat' dir='ltr'><strong>ejus</strong></span> <span class='ocrx_word' id='word_1_358' title='bbox 1364 1770 1422 1824; x_wconf 92' lang='lat' dir='ltr'><strong>duo</strong></span> <span class='ocrx_word' id='word_1_359' title='bbox 1437 1774 1506 1823; x_wconf 88' lang='lat' dir='ltr'><strong>sunt</strong></span> <span class='ocrx_word' id='word_1_360' title='bbox 1522 1785 1642 1841; x_wconf 87' lang='lat' dir='ltr'><strong>genera,</strong></span> <span class='ocrx_word' id='word_1_361' title='bbox 1658 1769 1781 1826; x_wconf 88' lang='lat' dir='ltr'><strong>alterius</strong></span> 
     </span>
    </p>
   </div>
   <div class='ocr_carea' id='block_1_14' title="bbox 948 1858 1788 4329">
    <p class='ocr_par' dir='ltr' id='par_1_28' title="bbox 948 1858 1780 2018">
     <span class='ocr_line' id='line_1_62' title="bbox 948 1858 1780 1930; baseline -0.004 -15"><span class='ocrx_word' id='word_1_362' title='bbox 948 1861 1063 1915; x_wconf 85' lang='lat' dir='ltr'><strong>fructus</strong></span> <span class='ocrx_word' id='word_1_363' title='bbox 1079 1860 1170 1914; x_wconf 89' lang='lat' dir='ltr'><strong>ruber</strong></span> <span class='ocrx_word' id='word_1_364' title='bbox 1191 1859 1279 1913; x_wconf 88' lang='lat' dir='ltr'><strong>lentis</strong></span> <span class='ocrx_word' id='word_1_365' title='bbox 1306 1858 1518 1929; x_wconf 89' lang='lat' dir='ltr'><strong>magnitudine,</strong></span> <span class='ocrx_word' id='word_1_366' title='bbox 1544 1858 1665 1913; x_wconf 89' lang='lat' dir='ltr'><strong>alterius</strong></span> <span class='ocrx_word' id='word_1_367' title='bbox 1680 1858 1780 1930; x_wconf 87' lang='lat' dir='ltr'><strong>pallet,</strong></span> 
     </span>
     <span class='ocr_line' id='line_1_63' title="bbox 948 1945 1581 2018; baseline -0.005 -14"><span class='ocrx_word' id='word_1_368' title='bbox 948 1965 1003 2004; x_wconf 90' lang='lat' dir='ltr'><strong>nec</strong></span> <span class='ocrx_word' id='word_1_369' title='bbox 1020 1949 1087 2002; x_wconf 88' lang='lat' dir='ltr'><strong>faba</strong></span> <span class='ocrx_word' id='word_1_370' title='bbox 1102 1952 1148 2001; x_wconf 91' lang='lat' dir='ltr'><strong>est</strong></span> <span class='ocrx_word' id='word_1_371' title='bbox 1164 1946 1316 2018; x_wconf 90' lang='lat' dir='ltr'><strong>grandior,</strong></span> <span class='ocrx_word' id='word_1_372' title='bbox 1334 1946 1423 1999; x_wconf 91' lang='lat' dir='ltr'><strong>odore</strong></span> <span class='ocrx_word' id='word_1_373' title='bbox 1437 1945 1581 2016; x_wconf 81' lang='lat' dir='ltr'><strong>jucundo.</strong></span> 
     </span>
    </p>

    <p class='ocr_par' dir='ltr' id='par_1_29' title="bbox 949 2034 1783 2179">
     <span class='ocr_line' id='line_1_64' title="bbox 985 2034 1783 2107; baseline 0 -17"><span class='ocrx_word' id='word_1_374' title='bbox 985 2037 1073 2091; x_wconf 89' lang='lat' dir='ltr'><strong>Testa</strong></span> <span class='ocrx_word' id='word_1_375' title='bbox 1097 2035 1214 2107; x_wconf 79' lang='lat' dir='ltr'><strong>fragilis</strong></span> <span class='ocrx_word' id='word_1_376' title='bbox 1239 2038 1294 2104; x_wconf 89' lang='lat' dir='ltr'><strong>est,</strong></span> <span class='ocrx_word' id='word_1_377' title='bbox 1316 2034 1489 2104; x_wconf 89' lang='lat' dir='ltr'><strong>delutolit,</strong></span> <span class='ocrx_word' id='word_1_378' title='bbox 1510 2036 1685 2107; x_wconf 89' lang='lat' dir='ltr'><strong>perignem</strong></span> <span class='ocrx_word' id='word_1_379' title='bbox 1708 2035 1783 2091; x_wconf 89' lang='lat' dir='ltr'><strong>soli-</strong></span> 
     </span>
     <span class='ocr_line' id='line_1_65' title="bbox 949 2126 1043 2179; baseline 0 -1"><span class='ocrx_word' id='word_1_380' title='bbox 949 2126 1043 2179; x_wconf 91' lang='lat' dir='ltr'><strong>datur.</strong></span> 
     </span>
    </p>

    <p class='ocr_par' dir='ltr' id='par_1_30' title="bbox 949 2211 1780 2374">
     <span class='ocr_line' id='line_1_66' title="bbox 984 2211 1780 2283; baseline 0 -16"><span class='ocrx_word' id='word_1_381' title='bbox 984 2213 1144 2267; x_wconf 89' lang='lat' dir='ltr'><strong>Thalamus</strong></span> <span class='ocrx_word' id='word_1_382' title='bbox 1160 2211 1248 2266; x_wconf 89' lang='lat' dir='ltr'><strong>debet</strong></span> <span class='ocrx_word' id='word_1_383' title='bbox 1263 2226 1331 2266; x_wconf 89' lang='lat' dir='ltr'><strong>esse</strong></span> <span class='ocrx_word' id='word_1_384' title='bbox 1346 2214 1492 2281; x_wconf 88' lang='lat' dir='ltr'><strong>secretus,</strong></span> <span class='ocrx_word' id='word_1_385' title='bbox 1505 2214 1636 2283; x_wconf 77' lang='lat' dir='ltr'><strong>ornatuS,</strong></span> <span class='ocrx_word' id='word_1_386' title='bbox 1649 2212 1780 2283; x_wconf 85' lang='lat' dir='ltr'><strong>clausus,</strong></span> 
     </span>
     <span class='ocr_line' id='line_1_67' title="bbox 949 2304 1079 2374; baseline -0.015 -16"><span class='ocrx_word' id='word_1_387' title='bbox 949 2304 1079 2374; x_wconf 91' lang='lat' dir='ltr'><strong>quietus.</strong></span> 
     </span>
    </p>

    <p class='ocr_par' dir='ltr' id='par_1_31' title="bbox 951 2389 1784 2624">
     <span class='ocr_line' id='line_1_68' title="bbox 985 2389 1782 2464; baseline -0.001 -19"><span class='ocrx_word' id='word_1_388' title='bbox 985 2392 1159 2446; x_wconf 88' lang='lat' dir='ltr'><strong>Thesaurus</strong></span> <span class='ocrx_word' id='word_1_389' title='bbox 1179 2405 1217 2444; x_wconf 84' lang='lat' dir='ltr'><strong>ex</strong></span> <span class='ocrx_word' id='word_1_390' title='bbox 1239 2389 1380 2459; x_wconf 88' lang='lat' dir='ltr'><strong>pretiosis</strong></span> <span class='ocrx_word' id='word_1_391' title='bbox 1404 2389 1584 2461; x_wconf 90' lang='lat' dir='ltr'><strong>congeritur,</strong></span> <span class='ocrx_word' id='word_1_392' title='bbox 1600 2389 1782 2464; x_wconf 88' lang='lat' dir='ltr'><strong>reconditur,</strong></span> 
     </span>
     <span class='ocr_line' id='line_1_69' title="bbox 951 2478 1784 2550; baseline 0.001 -16"><span class='ocrx_word' id='word_1_393' title='bbox 951 2479 1125 2549; x_wconf 87' lang='lat' dir='ltr'><strong>custoditur,</strong></span> <span class='ocrx_word' id='word_1_394' title='bbox 1151 2480 1366 2550; x_wconf 86' lang='lat' dir='ltr'><strong>augmentatur,</strong></span> <span class='ocrx_word' id='word_1_395' title='bbox 1399 2478 1428 2532; x_wconf 92' lang='lat' dir='ltr'><strong>in</strong></span> <span class='ocrx_word' id='word_1_396' title='bbox 1449 2480 1564 2549; x_wconf 82' lang='lat' dir='ltr'><strong>tempus</strong></span> <span class='ocrx_word' id='word_1_397' title='bbox 1594 2479 1784 2537; x_wconf 83' lang='lat' dir='ltr'><strong>necessitatis</strong></span> 
     </span>
     <span class='ocr_line' id='line_1_70' title="bbox 951 2571 1133 2624; baseline -0.005 0"><span class='ocrx_word' id='word_1_398' title='bbox 951 2571 1133 2624; x_wconf 89' lang='lat' dir='ltr'><strong>reservatur.</strong></span> 
     </span>
    </p>

    <p class='ocr_par' dir='ltr' id='par_1_32' title="bbox 951 2656 1785 3352">
     <span class='ocr_line' id='line_1_71' title="bbox 987 2656 1784 2728; baseline 0.004 -16"><span class='ocrx_word' id='word_1_399' title='bbox 987 2657 1125 2712; x_wconf 90' lang='lat' dir='ltr'><strong>Thronus</strong></span> <span class='ocrx_word' id='word_1_400' title='bbox 1149 2656 1184 2711; x_wconf 90' lang='lat' dir='ltr'><strong>de</strong></span> <span class='ocrx_word' id='word_1_401' title='bbox 1209 2656 1298 2711; x_wconf 89' lang='lat' dir='ltr'><strong>ebore</strong></span> <span class='ocrx_word' id='word_1_402' title='bbox 1319 2658 1391 2725; x_wconf 89' lang='lat' dir='ltr'><strong>erat,</strong></span> <span class='ocrx_word' id='word_1_403' title='bbox 1412 2656 1544 2728; x_wconf 88' lang='lat' dir='ltr'><strong>grandis,</strong></span> <span class='ocrx_word' id='word_1_404' title='bbox 1567 2656 1694 2712; x_wconf 89' lang='lat' dir='ltr'><strong>vestitus</strong></span> <span class='ocrx_word' id='word_1_405' title='bbox 1711 2672 1784 2716; x_wconf 84' lang='lat' dir='ltr'><strong>auro</strong></span> 
     </span>
     <span class='ocr_line' id='line_1_72' title="bbox 951 2744 1784 2818; baseline 0.004 -18"><span class='ocrx_word' id='word_1_406' title='bbox 951 2746 1033 2801; x_wconf 80' lang='lat' dir='ltr'><strong>fulvo</strong></span> <span class='ocrx_word' id='word_1_407' title='bbox 1056 2745 1154 2814; x_wconf 89' lang='lat' dir='ltr'><strong>nimis,</strong></span> <span class='ocrx_word' id='word_1_408' title='bbox 1180 2760 1215 2798; x_wconf 93' lang='lat' dir='ltr'><strong>ac</strong></span> <span class='ocrx_word' id='word_1_409' title='bbox 1237 2744 1433 2799; x_wconf 89' lang='lat' dir='ltr'><strong>mundissimo</strong></span> <span class='ocrx_word' id='word_1_410' title='bbox 1456 2745 1535 2800; x_wconf 89' lang='lat' dir='ltr'><strong>intus</strong></span> <span class='ocrx_word' id='word_1_411' title='bbox 1560 2749 1588 2800; x_wconf 92' lang='lat' dir='ltr'><strong>et</strong></span> <span class='ocrx_word' id='word_1_412' title='bbox 1610 2745 1695 2816; x_wconf 79' lang='lat' dir='ltr'><strong>foris‘,</strong></span> <span class='ocrx_word' id='word_1_413' title='bbox 1715 2745 1784 2818; x_wconf 81' lang='lat' dir='ltr'><strong>ejus</strong></span> 
     </span>
     <span class='ocr_line' id='line_1_73' title="bbox 951 2833 1781 2905; baseline 0.002 -17"><span class='ocrx_word' id='word_1_414' title='bbox 951 2850 1098 2890; x_wconf 87' lang='lat' dir='ltr'><strong>ascensus</strong></span> <span class='ocrx_word' id='word_1_415' title='bbox 1110 2839 1291 2903; x_wconf 82' lang='lat' dir='ltr'><strong>eratpersex</strong></span> <span class='ocrx_word' id='word_1_416' title='bbox 1300 2833 1423 2905; x_wconf 90' lang='lat' dir='ltr'><strong>gradus,</strong></span> <span class='ocrx_word' id='word_1_417' title='bbox 1433 2848 1781 2904; x_wconf 86' lang='lat' dir='ltr'><strong>ascensusmarmoreus,</strong></span> 
     </span>
     <span class='ocr_line' id='line_1_74' title="bbox 953 2921 1784 2993; baseline 0.002 -16"><span class='ocrx_word' id='word_1_418' title='bbox 953 2939 1008 2977; x_wconf 85' lang='lat' dir='ltr'><strong>sex</strong></span> <span class='ocrx_word' id='word_1_419' title='bbox 1023 2922 1151 2977; x_wconf 89' lang='lat' dir='ltr'><strong>leunculi</strong></span> <span class='ocrx_word' id='word_1_420' title='bbox 1168 2937 1324 2992; x_wconf 71' lang='lat' dir='ltr'><strong>superseri</strong></span> <span class='ocrx_word' id='word_1_421' title='bbox 1339 2921 1451 2993; x_wconf 89' lang='lat' dir='ltr'><strong>gradus</strong></span> <span class='ocrx_word' id='word_1_422' title='bbox 1463 2922 1620 2993; x_wconf 87' lang='lat' dir='ltr'><strong>hincinde,</strong></span> <span class='ocrx_word' id='word_1_423' title='bbox 1632 2924 1784 2979; x_wconf 88' lang='lat' dir='ltr'><strong>reclinatio</strong></span> 
     </span>
     <span class='ocr_line' id='line_1_75' title="bbox 951 3011 1784 3082; baseline 0.001 -16"><span class='ocrx_word' id='word_1_424' title='bbox 951 3013 1050 3067; x_wconf 90' lang='lat' dir='ltr'><strong>throni</strong></span> <span class='ocrx_word' id='word_1_425' title='bbox 1072 3011 1220 3082; x_wconf 88' lang='lat' dir='ltr'><strong>posterior</strong></span> <span class='ocrx_word' id='word_1_426' title='bbox 1243 3011 1367 3064; x_wconf 88' lang='lat' dir='ltr'><strong>rotunda</strong></span> <span class='ocrx_word' id='word_1_427' title='bbox 1389 3012 1461 3080; x_wconf 88' lang='lat' dir='ltr'><strong>erat,</strong></span> <span class='ocrx_word' id='word_1_428' title='bbox 1484 3027 1576 3081; x_wconf 89' lang='lat' dir='ltr'><strong>super</strong></span> <span class='ocrx_word' id='word_1_429' title='bbox 1592 3011 1716 3067; x_wconf 88' lang='lat' dir='ltr'><strong>vitulum</strong></span> <span class='ocrx_word' id='word_1_430' title='bbox 1734 3029 1784 3068; x_wconf 90' lang='lat' dir='ltr'><strong>re-</strong></span> 
     </span>
     <span class='ocr_line' id='line_1_76' title="bbox 952 3099 1785 3171; baseline 0.004 -17"><span class='ocrx_word' id='word_1_431' title='bbox 952 3102 1126 3171; x_wconf 89' lang='lat' dir='ltr'><strong>spicientem</strong></span> <span class='ocrx_word' id='word_1_432' title='bbox 1147 3100 1280 3167; x_wconf 84' lang='lat' dir='ltr'><strong>sedehat,</strong></span> <span class='ocrx_word' id='word_1_433' title='bbox 1304 3099 1369 3152; x_wconf 78' lang='lat' dir='ltr'><strong>duaa</strong></span> <span class='ocrx_word' id='word_1_434' title='bbox 1390 3115 1495 3153; x_wconf 90' lang='lat' dir='ltr'><strong>manus</strong></span> <span class='ocrx_word' id='word_1_435' title='bbox 1524 3100 1594 3154; x_wconf 93' lang='lat' dir='ltr'><strong>hinc</strong></span> <span class='ocrx_word' id='word_1_436' title='bbox 1615 3104 1702 3171; x_wconf 88' lang='lat' dir='ltr'><strong>atque</strong></span> <span class='ocrx_word' id='word_1_437' title='bbox 1716 3101 1785 3157; x_wconf 90' lang='lat' dir='ltr'><strong>iude</strong></span> 
     </span>
     <span class='ocr_line' id='line_1_77' title="bbox 951 3187 1784 3259; baseline 0.001 -15"><span class='ocrx_word' id='word_1_438' title='bbox 951 3190 1090 3244; x_wconf 90' lang='lat' dir='ltr'><strong>tenebant</strong></span> <span class='ocrx_word' id='word_1_439' title='bbox 1110 3189 1201 3258; x_wconf 91' lang='lat' dir='ltr'><strong>illum,</strong></span> <span class='ocrx_word' id='word_1_440' title='bbox 1224 3189 1281 3242; x_wconf 92' lang='lat' dir='ltr'><strong>duo</strong></span> <span class='ocrx_word' id='word_1_441' title='bbox 1304 3187 1406 3242; x_wconf 87' lang='lat' dir='ltr'><strong>leones</strong></span> <span class='ocrx_word' id='word_1_442' title='bbox 1432 3187 1549 3242; x_wconf 89' lang='lat' dir='ltr'><strong>stabant</strong></span> <span class='ocrx_word' id='word_1_443' title='bbox 1569 3187 1655 3259; x_wconf 78' lang='lat' dir='ltr'><strong>juxta</strong></span> <span class='ocrx_word' id='word_1_444' title='bbox 1678 3205 1784 3246; x_wconf 86' lang='lat' dir='ltr'><strong>manus</strong></span> 
     </span>
     <span class='ocr_line' id='line_1_78' title="bbox 952 3276 1746 3352; baseline 0.001 -19"><span class='ocrx_word' id='word_1_445' title='bbox 952 3278 1104 3350; x_wconf 84' lang='lat' dir='ltr'><strong>singulas3</strong></span> <span class='ocrx_word' id='word_1_446' title='bbox 1120 3294 1179 3332; x_wconf 93' lang='lat' dir='ltr'><strong>non</strong></span> <span class='ocrx_word' id='word_1_447' title='bbox 1194 3276 1249 3331; x_wconf 86' lang='lat' dir='ltr'><strong>luit</strong></span> <span class='ocrx_word' id='word_1_448' title='bbox 1264 3277 1320 3331; x_wconf 92' lang='lat' dir='ltr'><strong>tale</strong></span> <span class='ocrx_word' id='word_1_449' title='bbox 1335 3293 1411 3347; x_wconf 92' lang='lat' dir='ltr'><strong>opus</strong></span> <span class='ocrx_word' id='word_1_450' title='bbox 1423 3277 1452 3331; x_wconf 91' lang='lat' dir='ltr'><strong>iu</strong></span> <span class='ocrx_word' id='word_1_451' title='bbox 1467 3277 1618 3332; x_wconf 88' lang='lat' dir='ltr'><strong>universis</strong></span> <span class='ocrx_word' id='word_1_452' title='bbox 1633 3279 1746 3352; x_wconf 89' lang='lat' dir='ltr'><strong>reguis.</strong></span> 
     </span>
    </p>

    <p class='ocr_par' dir='ltr' id='par_1_33' title="bbox 952 3365 1787 3794">
     <span class='ocr_line' id='line_1_79' title="bbox 986 3365 1782 3438; baseline 0.003 -16"><span class='ocrx_word' id='word_1_453' title='bbox 986 3368 1068 3422; x_wconf 89' lang='lat' dir='ltr'><strong>Thus</strong></span> <span class='ocrx_word' id='word_1_454' title='bbox 1083 3366 1231 3438; x_wconf 85' lang='lat' dir='ltr'><strong>virgulam</strong></span> <span class='ocrx_word' id='word_1_455' title='bbox 1255 3365 1327 3419; x_wconf 86' lang='lat' dir='ltr'><strong>fumi</strong></span> <span class='ocrx_word' id='word_1_456' title='bbox 1339 3366 1451 3436; x_wconf 89' lang='lat' dir='ltr'><strong>emittit,</strong></span> <span class='ocrx_word' id='word_1_457' title='bbox 1469 3366 1499 3420; x_wconf 92' lang='lat' dir='ltr'><strong>in</strong></span> <span class='ocrx_word' id='word_1_458' title='bbox 1514 3382 1584 3421; x_wconf 89' lang='lat' dir='ltr'><strong>vere</strong></span> <span class='ocrx_word' id='word_1_459' title='bbox 1599 3371 1627 3421; x_wconf 91' lang='lat' dir='ltr'><strong>et</strong></span> <span class='ocrx_word' id='word_1_460' title='bbox 1642 3371 1782 3425; x_wconf 89' lang='lat' dir='ltr'><strong>autumno</strong></span> 
     </span>
     <span class='ocr_line' id='line_1_80' title="bbox 952 3455 1787 3529; baseline 0.001 -17"><span class='ocrx_word' id='word_1_461' title='bbox 952 3455 1787 3529; x_wconf 73' lang='lat' dir='ltr'><strong>colligitur,aeccensummagisredolet.RegiothuriIeza</strong></span> 
     </span>
     <span class='ocr_line' id='line_1_81' title="bbox 952 3544 1786 3617; baseline 0.002 -17"><span class='ocrx_word' id='word_1_462' title='bbox 952 3546 1029 3601; x_wconf 88' lang='lat' dir='ltr'><strong>Saba</strong></span> <span class='ocrx_word' id='word_1_463' title='bbox 1053 3545 1169 3614; x_wconf 89' lang='lat' dir='ltr'><strong>dicitur,</strong></span> <span class='ocrx_word' id='word_1_464' title='bbox 1187 3544 1266 3615; x_wconf 91' lang='lat' dir='ltr'><strong>quod</strong></span> <span class='ocrx_word' id='word_1_465' title='bbox 1280 3545 1489 3614; x_wconf 87' lang='lat' dir='ltr'><strong>interpretatur</strong></span> <span class='ocrx_word' id='word_1_466' title='bbox 1512 3547 1697 3617; x_wconf 80' lang='lat' dir='ltr'><strong>mysterium,</strong></span> <span class='ocrx_word' id='word_1_467' title='bbox 1724 3550 1786 3602; x_wconf 90' lang='lat' dir='ltr'><strong>est-</strong></span> 
     </span>
     <span class='ocr_line' id='line_1_82' title="bbox 953 3635 1787 3717; baseline 0.004 -27"><span class='ocrx_word' id='word_1_468' title='bbox 953 3651 1009 3707; x_wconf 87' lang='lat' dir='ltr'><strong>que</strong></span> <span class='ocrx_word' id='word_1_469' title='bbox 1024 3635 1153 3717; x_wconf 72' lang='lat' dir='ltr'><strong>updiquc</strong></span> <span class='ocrx_word' id='word_1_470' title='bbox 1170 3635 1294 3705; x_wconf 88' lang='lat' dir='ltr'><strong>rupibus</strong></span> <span class='ocrx_word' id='word_1_471' title='bbox 1311 3635 1409 3704; x_wconf 67' lang='lat' dir='ltr'><strong>invia,</strong></span> <span class='ocrx_word' id='word_1_472' title='bbox 1435 3635 1592 3690; x_wconf 89' lang='lat' dir='ltr'><strong>arboribus</strong></span> <span class='ocrx_word' id='word_1_473' title='bbox 1612 3638 1643 3690; x_wconf 93' lang='lat' dir='ltr'><strong>ut</strong></span> <span class='ocrx_word' id='word_1_474' title='bbox 1657 3637 1787 3709; x_wconf 73' lang='lat' dir='ltr'><strong>lacryma</strong></span> 
     </span>
     <span class='ocr_line' id='line_1_83' title="bbox 953 3724 1448 3794; baseline -0.002 -15"><span class='ocrx_word' id='word_1_475' title='bbox 953 3725 1056 3794; x_wconf 85' lang='lat' dir='ltr'><strong>effluit,</strong></span> <span class='ocrx_word' id='word_1_476' title='bbox 1072 3728 1170 3779; x_wconf 90' lang='lat' dir='ltr'><strong>motus</strong></span> <span class='ocrx_word' id='word_1_477' title='bbox 1187 3724 1286 3779; x_wconf 86' lang='lat' dir='ltr'><strong>carnis</strong></span> <span class='ocrx_word' id='word_1_478' title='bbox 1307 3725 1448 3794; x_wconf 89' lang='lat' dir='ltr'><strong>reprimit.</strong></span> 
     </span>
    </p>

    <p class='ocr_par' dir='ltr' id='par_1_34' title="bbox 953 3813 1788 4329">
     <span class='ocr_line' id='line_1_84' title="bbox 989 3813 1785 3893; baseline 0.004 -25"><span class='ocrx_word' id='word_1_479' title='bbox 989 3813 1184 3868; x_wconf 86' lang='lat' dir='ltr'><strong>Thuribulum</strong></span> <span class='ocrx_word' id='word_1_480' title='bbox 1193 3814 1266 3867; x_wconf 92' lang='lat' dir='ltr'><strong>duas</strong></span> <span class='ocrx_word' id='word_1_481' title='bbox 1277 3816 1375 3893; x_wconf 86' lang='lat' dir='ltr'><strong>partes</strong></span> <span class='ocrx_word' id='word_1_482' title='bbox 1385 3813 1473 3867; x_wconf 87' lang='lat' dir='ltr'><strong>habet</strong></span> <span class='ocrx_word' id='word_1_483' title='bbox 1483 3817 1548 3883; x_wconf 90' lang='lat' dir='ltr'><strong>apte</strong></span> <span class='ocrx_word' id='word_1_484' title='bbox 1563 3815 1785 3887; x_wconf 86' lang='lat' dir='ltr'><strong>convenientes,</strong></span> 
     </span>
     <span class='ocr_line' id='line_1_85' title="bbox 953 3901 1786 3974; baseline 0.004 -17"><span class='ocrx_word' id='word_1_485' title='bbox 953 3902 1154 3974; x_wconf 88' lang='lat' dir='ltr'><strong>parsiulerior</strong></span> <span class='ocrx_word' id='word_1_486' title='bbox 1164 3901 1320 3971; x_wconf 89' lang='lat' dir='ltr'><strong>solidaest,</strong></span> <span class='ocrx_word' id='word_1_487' title='bbox 1334 3904 1471 3972; x_wconf 90' lang='lat' dir='ltr'><strong>superior</strong></span> <span class='ocrx_word' id='word_1_488' title='bbox 1478 3902 1635 3973; x_wconf 87' lang='lat' dir='ltr'><strong>perforata,</strong></span> <span class='ocrx_word' id='word_1_489' title='bbox 1647 3906 1786 3974; x_wconf 89' lang='lat' dir='ltr'><strong>superius</strong></span> 
     </span>
     <span class='ocr_line' id='line_1_86' title="bbox 954 3990 1785 4063; baseline 0.004 -18"><span class='ocrx_word' id='word_1_490' title='bbox 954 3991 1042 4046; x_wconf 91' lang='lat' dir='ltr'><strong>hahet</strong></span> <span class='ocrx_word' id='word_1_491' title='bbox 1057 3991 1208 4060; x_wconf 86' lang='lat' dir='ltr'><strong>annulum,</strong></span> <span class='ocrx_word' id='word_1_492' title='bbox 1225 3991 1404 4061; x_wconf 87' lang='lat' dir='ltr'><strong>protendunt</strong></span> <span class='ocrx_word' id='word_1_493' title='bbox 1415 3990 1511 4060; x_wconf 89' lang='lat' dir='ltr'><strong>ipsum</strong></span> <span class='ocrx_word' id='word_1_494' title='bbox 1522 3992 1652 4063; x_wconf 88' lang='lat' dir='ltr'><strong>quinque</strong></span> <span class='ocrx_word' id='word_1_495' title='bbox 1663 3996 1785 4063; x_wconf 73' lang='lat' dir='ltr'><strong>catenae,</strong></span> 
     </span>
     <span class='ocr_line' id='line_1_87' title="bbox 955 4079 1788 4151; baseline 0.002 -17"><span class='ocrx_word' id='word_1_496' title='bbox 955 4095 1078 4151; x_wconf 90' lang='lat' dir='ltr'><strong>quarum</strong></span> <span class='ocrx_word' id='word_1_497' title='bbox 1094 4083 1221 4150; x_wconf 90' lang='lat' dir='ltr'><strong>quatuor</strong></span> <span class='ocrx_word' id='word_1_498' title='bbox 1236 4079 1402 4134; x_wconf 89' lang='lat' dir='ltr'><strong>immobiles</strong></span> <span class='ocrx_word' id='word_1_499' title='bbox 1417 4083 1496 4150; x_wconf 91' lang='lat' dir='ltr'><strong>suut,</strong></span> <span class='ocrx_word' id='word_1_500' title='bbox 1507 4081 1677 4137; x_wconf 83' lang='lat' dir='ltr'><strong>elevaturet</strong></span> <span class='ocrx_word' id='word_1_501' title='bbox 1691 4084 1788 4138; x_wconf 89' lang='lat' dir='ltr'><strong>dimit·</strong></span> 
     </span>
     <span class='ocr_line' id='line_1_88' title="bbox 955 4168 1788 4243; baseline 0.005 -20"><span class='ocrx_word' id='word_1_502' title='bbox 955 4169 1024 4223; x_wconf 90' lang='lat' dir='ltr'><strong>titur</strong></span> <span class='ocrx_word' id='word_1_503' title='bbox 1040 4171 1069 4223; x_wconf 92' lang='lat' dir='ltr'><strong>in</strong></span> <span class='ocrx_word' id='word_1_504' title='bbox 1089 4173 1169 4239; x_wconf 86' lang='lat' dir='ltr'><strong>parto</strong></span> <span class='ocrx_word' id='word_1_505' title='bbox 1195 4168 1337 4237; x_wconf 80' lang='lat' dir='ltr'><strong>inferiori,</strong></span> <span class='ocrx_word' id='word_1_506' title='bbox 1361 4169 1460 4240; x_wconf 90' lang='lat' dir='ltr'><strong>ignem</strong></span> <span class='ocrx_word' id='word_1_507' title='bbox 1475 4170 1613 4239; x_wconf 92' lang='lat' dir='ltr'><strong>continet,</strong></span> <span class='ocrx_word' id='word_1_508' title='bbox 1640 4172 1788 4243; x_wconf 90' lang='lat' dir='ltr'><strong>superiori</strong></span> 
     </span>
     <span class='ocr_line' id='line_1_89' title="bbox 955 4258 1788 4329; baseline 0.006 -18"><span class='ocrx_word' id='word_1_509' title='bbox 955 4258 1024 4313; x_wconf 91' lang='lat' dir='ltr'><strong>thus</strong></span> <span class='ocrx_word' id='word_1_510' title='bbox 1040 4258 1188 4312; x_wconf 81' lang='lat' dir='ltr'><strong>excutitur</strong></span> <span class='ocrx_word' id='word_1_511' title='bbox 1203 4260 1231 4312; x_wconf 90' lang='lat' dir='ltr'><strong>et</strong></span> <span class='ocrx_word' id='word_1_512' title='bbox 1246 4260 1390 4328; x_wconf 89' lang='lat' dir='ltr'><strong>movetur,</strong></span> <span class='ocrx_word' id='word_1_513' title='bbox 1406 4260 1438 4311; x_wconf 91' lang='lat' dir='ltr'><strong>ut</strong></span> <span class='ocrx_word' id='word_1_514' title='bbox 1452 4258 1596 4329; x_wconf 79' lang='lat' dir='ltr'><strong>majoram</strong></span> <span class='ocrx_word' id='word_1_515' title='bbox 1612 4259 1724 4317; x_wconf 88' lang='lat' dir='ltr'><strong>fumum</strong></span> <span class='ocrx_word' id='word_1_516' title='bbox 1740 4277 1788 4316; x_wconf 82' lang='lat' dir='ltr'><strong>ex·</strong></span> 
     </span>
    </p>
   </div>
   <div class='ocr_carea' id='block_1_15' title="bbox 63 4345 1679 4432">
    <p class='ocr_par' dir='ltr' id='par_1_35' title="bbox 63 4345 1679 4432">
     <span class='ocr_line' id='line_1_90' title="bbox 63 4345 1679 4432; baseline 0.001 -30"><span class='ocrx_word' id='word_1_517' title='bbox 63 4348 235 4402; x_wconf 82' lang='lat' dir='ltr'><strong>occidentali</strong></span> <span class='ocrx_word' id='word_1_518' title='bbox 252 4347 342 4401; x_wconf 89' lang='lat' dir='ltr'><strong>latere</strong></span> <span class='ocrx_word' id='word_1_519' title='bbox 358 4347 471 4417; x_wconf 90' lang='lat' dir='ltr'><strong>decem,</strong></span> <span class='ocrx_word' id='word_1_520' title='bbox 488 4348 627 4418; x_wconf 75' lang='lat' dir='ltr'><strong>quaelibet</strong></span> <span class='ocrx_word' id='word_1_521' title='bbox 637 4349 735 4402; x_wconf 87' lang='lat' dir='ltr'><strong>tabula</strong></span> <span class='ocrx_word' id='word_1_522' title='bbox 749 4349 896 4404; x_wconf 88' lang='lat' dir='ltr'><strong>nitebatur</strong></span> <span class='ocrx_word' id='word_1_523' title='bbox 913 4370 939 4432; x_wconf 73' lang='lat' dir='ltr'>D</span> <span class='ocrx_word' id='word_1_524' title='bbox 956 4345 1043 4416; x_wconf 91' lang='lat' dir='ltr'><strong>halet,</strong></span> <span class='ocrx_word' id='word_1_525' title='bbox 1060 4347 1218 4402; x_wconf 88' lang='lat' dir='ltr'><strong>rotundum</strong></span> <span class='ocrx_word' id='word_1_526' title='bbox 1237 4349 1283 4400; x_wconf 90' lang='lat' dir='ltr'><strong>est</strong></span> <span class='ocrx_word' id='word_1_527' title='bbox 1299 4347 1489 4416; x_wconf 88' lang='lat' dir='ltr'><strong>etsculptura</strong></span> <span class='ocrx_word' id='word_1_528' title='bbox 1505 4348 1679 4403; x_wconf 84' lang='lat' dir='ltr'><strong>terebratur.</strong></span> 
     </span>
    </p>
   </div>
   <div class='ocr_carea' id='block_1_16' title="bbox 63 4435 898 4936">
    <p class='ocr_par' dir='ltr' id='par_1_36' title="bbox 63 4435 898 4936">
     <span class='ocr_line' id='line_1_91' title="bbox 63 4435 895 4510; baseline 0.002 -20"><span class='ocrx_word' id='word_1_529' title='bbox 63 4435 175 4491; x_wconf 88' lang='lat' dir='ltr'><strong>duabus</strong></span> <span class='ocrx_word' id='word_1_530' title='bbox 185 4435 312 4491; x_wconf 89' lang='lat' dir='ltr'><strong>basibus</strong></span> <span class='ocrx_word' id='word_1_531' title='bbox 322 4436 472 4508; x_wconf 86' lang='lat' dir='ltr'><strong>argenteis</strong></span> <span class='ocrx_word' id='word_1_532' title='bbox 483 4451 490 4506; x_wconf 90' lang='lat'>;</span> <span class='ocrx_word' id='word_1_533' title='bbox 502 4436 532 4489; x_wconf 90' lang='lat' dir='ltr'><strong>iu</strong></span> <span class='ocrx_word' id='word_1_534' title='bbox 543 4436 673 4510; x_wconf 89' lang='lat' dir='ltr'><strong>singulis</strong></span> <span class='ocrx_word' id='word_1_535' title='bbox 682 4437 790 4492; x_wconf 90' lang='lat' dir='ltr'><strong>tabulis</strong></span> <span class='ocrx_word' id='word_1_536' title='bbox 802 4437 895 4492; x_wconf 88' lang='lat' dir='ltr'><strong>habe-</strong></span> 
     </span>
     <span class='ocr_line' id='line_1_92' title="bbox 65 4524 893 4597; baseline 0.001 -18"><span class='ocrx_word' id='word_1_537' title='bbox 65 4524 111 4579; x_wconf 86' lang='lat' dir='ltr'><strong>hat</strong></span> <span class='ocrx_word' id='word_1_538' title='bbox 132 4525 261 4579; x_wconf 87' lang='lat' dir='ltr'><strong>annulos</strong></span> <span class='ocrx_word' id='word_1_539' title='bbox 275 4540 403 4594; x_wconf 85' lang='lat' dir='ltr'><strong>aureos;</strong></span> <span class='ocrx_word' id='word_1_540' title='bbox 420 4525 450 4579; x_wconf 94' lang='lat' dir='ltr'><strong>in</strong></span> <span class='ocrx_word' id='word_1_541' title='bbox 464 4525 582 4579; x_wconf 87' lang='lat' dir='ltr'><strong>annulis</strong></span> <span class='ocrx_word' id='word_1_542' title='bbox 609 4530 710 4580; x_wconf 90' lang='lat' dir='ltr'><strong>vectes</strong></span> <span class='ocrx_word' id='word_1_543' title='bbox 726 4525 893 4597; x_wconf 89' lang='lat' dir='ltr'><strong>deauratos,</strong></span> 
     </span>
     <span class='ocr_line' id='line_1_93' title="bbox 67 4612 896 4670; baseline 0.002 -3"><span class='ocrx_word' id='word_1_544' title='bbox 67 4614 189 4668; x_wconf 84' lang='lat' dir='ltr'><strong>civisum</strong></span> <span class='ocrx_word' id='word_1_545' title='bbox 199 4612 255 4667; x_wconf 81' lang='lat' dir='ltr'><strong>fuit</strong></span> <span class='ocrx_word' id='word_1_546' title='bbox 268 4613 299 4668; x_wconf 93' lang='lat' dir='ltr'><strong>in</strong></span> <span class='ocrx_word' id='word_1_547' title='bbox 310 4617 411 4669; x_wconf 88' lang='lat' dir='ltr'><strong>sancta</strong></span> <span class='ocrx_word' id='word_1_548' title='bbox 423 4617 562 4669; x_wconf 85' lang='lat' dir='ltr'><strong>etsaneta</strong></span> <span class='ocrx_word' id='word_1_549' title='bbox 573 4617 753 4669; x_wconf 87' lang='lat' dir='ltr'><strong>sanctorum.</strong></span> <span class='ocrx_word' id='word_1_550' title='bbox 767 4614 799 4668; x_wconf 97' lang='lat' dir='ltr'><strong>ln</strong></span> <span class='ocrx_word' id='word_1_551' title='bbox 810 4631 896 4670; x_wconf 92' lang='lat' dir='ltr'><strong>sanc·</strong></span> 
     </span>
     <span class='ocr_line' id='line_1_94' title="bbox 65 4701 897 4773; baseline 0.006 -17"><span class='ocrx_word' id='word_1_552' title='bbox 65 4702 101 4756; x_wconf 86' lang='lat' dir='ltr'><strong>tis</strong></span> <span class='ocrx_word' id='word_1_553' title='bbox 115 4706 179 4758; x_wconf 88' lang='lat' dir='ltr'><strong>erat</strong></span> <span class='ocrx_word' id='word_1_554' title='bbox 198 4701 290 4757; x_wconf 85' lang='lat' dir='ltr'><strong>nitere</strong></span> <span class='ocrx_word' id='word_1_555' title='bbox 305 4702 512 4773; x_wconf 74' lang='lat' dir='ltr'><strong>thymiamatis,</strong></span> <span class='ocrx_word' id='word_1_556' title='bbox 536 4706 707 4773; x_wconf 87' lang='lat' dir='ltr'><strong>coopertum</strong></span> <span class='ocrx_word' id='word_1_557' title='bbox 729 4703 782 4758; x_wconf 86' lang='lat' dir='ltr'><strong>suit</strong></span> <span class='ocrx_word' id='word_1_558' title='bbox 804 4721 897 4761; x_wconf 89' lang='lat' dir='ltr'><strong>cornu</strong></span> 
     </span>
     <span class='ocr_line' id='line_1_95' title="bbox 67 4790 898 4863; baseline 0.004 -18"><span class='ocrx_word' id='word_1_559' title='bbox 67 4790 130 4862; x_wconf 76' lang='lat' dir='ltr'><strong>ejus</strong></span> <span class='ocrx_word' id='word_1_560' title='bbox 158 4790 289 4863; x_wconf 83' lang='lat' dir='ltr'><strong>pellibus</strong></span> <span class='ocrx_word' id='word_1_561' title='bbox 317 4791 485 4847; x_wconf 88' lang='lat' dir='ltr'><strong>rubricatis.</strong></span> <span class='ocrx_word' id='word_1_562' title='bbox 511 4792 545 4846; x_wconf 93' lang='lat' dir='ltr'><strong>ln</strong></span> <span class='ocrx_word' id='word_1_563' title='bbox 573 4793 647 4847; x_wconf 90' lang='lat' dir='ltr'><strong>atrio</strong></span> <span class='ocrx_word' id='word_1_564' title='bbox 672 4792 729 4847; x_wconf 91' lang='lat' dir='ltr'><strong>suh</strong></span> <span class='ocrx_word' id='word_1_565' title='bbox 759 4793 806 4848; x_wconf 91' lang='lat' dir='ltr'><strong>dio</strong></span> <span class='ocrx_word' id='word_1_566' title='bbox 836 4797 898 4849; x_wconf 89' lang='lat' dir='ltr'><strong>erat</strong></span> 
     </span>
     <span class='ocr_line' id='line_1_96' title="bbox 65 4879 426 4936; baseline 0.006 -2"><span class='ocrx_word' id='word_1_567' title='bbox 65 4879 154 4936; x_wconf 80' lang='lat' dir='ltr'><strong>altare</strong></span> <span class='ocrx_word' id='word_1_568' title='bbox 170 4880 426 4936; x_wconf 88' lang='lat' dir='ltr'><strong>holocaustorum.</strong></span> 
     </span>
    </p>
   </div>
   <div class='ocr_carea' id='block_1_17' title="bbox 68 4969 900 5222">
    <p class='ocr_par' dir='ltr' id='par_1_37' title="bbox 68 4969 900 5222">
     <span class='ocr_line' id='line_1_97' title="bbox 98 4969 900 5042; baseline 0.004 -18"><span class='ocrx_word' id='word_1_569' title='bbox 98 4969 189 5040; x_wconf 92' lang='lat' dir='ltr'><strong>Talpa</strong></span> <span class='ocrx_word' id='word_1_570' title='bbox 205 4969 365 5041; x_wconf 88' lang='lat' dir='ltr'><strong>nigerrima</strong></span> <span class='ocrx_word' id='word_1_571' title='bbox 380 4972 487 5023; x_wconf 88' lang='lat' dir='ltr'><strong>terram</strong></span> <span class='ocrx_word' id='word_1_572' title='bbox 502 4971 638 5040; x_wconf 89' lang='lat' dir='ltr'><strong>comedit,</strong></span> <span class='ocrx_word' id='word_1_573' title='bbox 648 4973 757 5026; x_wconf 89' lang='lat' dir='ltr'><strong>terram</strong></span> <span class='ocrx_word' id='word_1_574' title='bbox 772 4971 854 5042; x_wconf 88' lang='lat' dir='ltr'><strong>ledit,</strong></span> <span class='ocrx_word' id='word_1_575' title='bbox 872 4977 900 5028; x_wconf 86' lang='lat' dir='ltr'><strong>et</strong></span> 
     </span>
     <span class='ocr_line' id='line_1_98' title="bbox 68 5057 899 5133; baseline 0.006 -22"><span class='ocrx_word' id='word_1_576' title='bbox 68 5057 204 5114; x_wconf 76' lang='lat' dir='ltr'><strong>fodiendo</strong></span> <span class='ocrx_word' id='word_1_577' title='bbox 219 5061 328 5113; x_wconf 87' lang='lat' dir='ltr'><strong>terram</strong></span> <span class='ocrx_word' id='word_1_578' title='bbox 343 5073 434 5130; x_wconf 89' lang='lat' dir='ltr'><strong>super</strong></span> <span class='ocrx_word' id='word_1_579' title='bbox 448 5074 481 5114; x_wconf 90' lang='lat' dir='ltr'><strong>se</strong></span> <span class='ocrx_word' id='word_1_580' title='bbox 495 5060 669 5129; x_wconf 87' lang='lat' dir='ltr'><strong>accumulat,</strong></span> <span class='ocrx_word' id='word_1_581' title='bbox 679 5065 787 5131; x_wconf 89' lang='lat' dir='ltr'><strong>quanto</strong></span> <span class='ocrx_word' id='word_1_582' title='bbox 804 5061 899 5133; x_wconf 86' lang='lat' dir='ltr'><strong>magis</strong></span> 
     </span>
     <span class='ocr_line' id='line_1_99' title="bbox 69 5147 899 5222; baseline 0.006 -22"><span class='ocrx_word' id='word_1_583' title='bbox 69 5147 139 5203; x_wconf 79' lang='lat' dir='ltr'><strong>lodii</strong></span> <span class='ocrx_word' id='word_1_584' title='bbox 161 5150 241 5202; x_wconf 89' lang='lat' dir='ltr'><strong>tanto</strong></span> <span class='ocrx_word' id='word_1_585' title='bbox 257 5147 354 5219; x_wconf 90' lang='lat' dir='ltr'><strong>magis</strong></span> <span class='ocrx_word' id='word_1_586' title='bbox 369 5150 458 5219; x_wconf 89' lang='lat' dir='ltr'><strong>auget</strong></span> <span class='ocrx_word' id='word_1_587' title='bbox 474 5149 622 5202; x_wconf 86' lang='lat' dir='ltr'><strong>cumulum</strong></span> <span class='ocrx_word' id='word_1_588' title='bbox 640 5152 728 5204; x_wconf 80' lang='lat' dir='ltr'><strong>terrae</strong></span> <span class='ocrx_word' id='word_1_589' title='bbox 743 5165 836 5220; x_wconf 88' lang='lat' dir='ltr'><strong>super</strong></span> <span class='ocrx_word' id='word_1_590' title='bbox 850 5166 899 5222; x_wconf 85' lang='lat' dir='ltr'><strong>se3</strong></span> 
     </span>
    </p>
   </div>
   <div class='ocr_carea' id='block_1_18' title="bbox 955 4435 1790 5222">
    <p class='ocr_par' dir='ltr' id='par_1_38' title="bbox 955 4435 1788 4774">
     <span class='ocr_line' id='line_1_100' title="bbox 989 4435 1786 4510; baseline 0.004 -21"><span class='ocrx_word' id='word_1_591' title='bbox 989 4435 1160 4506; x_wconf 73' lang='lat' dir='ltr'><strong>Thymiama</strong></span> <span class='ocrx_word' id='word_1_592' title='bbox 1184 4435 1415 4505; x_wconf 89' lang='lat' dir='ltr'><strong>componebatur</strong></span> <span class='ocrx_word' id='word_1_593' title='bbox 1430 4451 1467 4490; x_wconf 86' lang='lat' dir='ltr'><strong>ex</strong></span> <span class='ocrx_word' id='word_1_594' title='bbox 1482 4439 1565 4491; x_wconf 89' lang='lat' dir='ltr'><strong>aceto</strong></span> <span class='ocrx_word' id='word_1_595' title='bbox 1586 4437 1633 4491; x_wconf 91' lang='lat' dir='ltr'><strong>vel</strong></span> <span class='ocrx_word' id='word_1_596' title='bbox 1656 4438 1786 4510; x_wconf 79' lang='lat' dir='ltr'><strong>myrrha,</strong></span> 
     </span>
     <span class='ocr_line' id='line_1_101' title="bbox 955 4524 1788 4597; baseline 0.005 -19"><span class='ocrx_word' id='word_1_597' title='bbox 955 4540 993 4579; x_wconf 85' lang='lat' dir='ltr'><strong>ex</strong></span> <span class='ocrx_word' id='word_1_598' title='bbox 1008 4524 1122 4597; x_wconf 79' lang='lat' dir='ltr'><strong>onycha</strong></span> <span class='ocrx_word' id='word_1_599' title='bbox 1137 4525 1201 4578; x_wconf 88' lang='lat' dir='ltr'><strong>sive</strong></span> <span class='ocrx_word' id='word_1_600' title='bbox 1218 4524 1342 4595; x_wconf 88' lang='lat' dir='ltr'><strong>albeola,</strong></span> <span class='ocrx_word' id='word_1_601' title='bbox 1360 4539 1397 4579; x_wconf 81' lang='lat' dir='ltr'><strong>ex</strong></span> <span class='ocrx_word' id='word_1_602' title='bbox 1407 4525 1534 4596; x_wconf 89' lang='lat' dir='ltr'><strong>galbano</strong></span> <span class='ocrx_word' id='word_1_603' title='bbox 1546 4525 1615 4580; x_wconf 92' lang='lat' dir='ltr'><strong>honi</strong></span> <span class='ocrx_word' id='word_1_604' title='bbox 1626 4526 1738 4597; x_wconf 88' lang='lat' dir='ltr'><strong>odoris,</strong></span> <span class='ocrx_word' id='word_1_605' title='bbox 1749 4542 1788 4582; x_wconf 86' lang='lat' dir='ltr'><strong>ex</strong></span> 
     </span>
     <span class='ocr_line' id='line_1_102' title="bbox 956 4613 1788 4685; baseline 0.005 -17"><span class='ocrx_word' id='word_1_606' title='bbox 956 4614 1041 4668; x_wconf 89' lang='lat' dir='ltr'><strong>thure</strong></span> <span class='ocrx_word' id='word_1_607' title='bbox 1066 4613 1243 4685; x_wconf 87' lang='lat' dir='ltr'><strong>purissimo,</strong></span> <span class='ocrx_word' id='word_1_608' title='bbox 1269 4613 1465 4683; x_wconf 90' lang='lat' dir='ltr'><strong>lucidissimo,</strong></span> <span class='ocrx_word' id='word_1_609' title='bbox 1492 4617 1520 4668; x_wconf 90' lang='lat' dir='ltr'><strong>et</strong></span> <span class='ocrx_word' id='word_1_610' title='bbox 1547 4615 1610 4669; x_wconf 84' lang='lat' dir='ltr'><strong>haec</strong></span> <span class='ocrx_word' id='word_1_611' title='bbox 1636 4615 1733 4671; x_wconf 91' lang='lat' dir='ltr'><strong>omnia</strong></span> <span class='ocrx_word' id='word_1_612' title='bbox 1757 4616 1788 4672; x_wconf 89' lang='lat' dir='ltr'><strong>in</strong></span> 
     </span>
     <span class='ocr_line' id='line_1_103' title="bbox 956 4703 1282 4774; baseline -0.006 -16"><span class='ocrx_word' id='word_1_613' title='bbox 956 4719 1047 4758; x_wconf 90' lang='lat' dir='ltr'><strong>unum</strong></span> <span class='ocrx_word' id='word_1_614' title='bbox 1062 4703 1282 4774; x_wconf 87' lang='lat' dir='ltr'><strong>redigebantur.</strong></span> 
     </span>
    </p>

    <p class='ocr_par' dir='ltr' id='par_1_39' title="bbox 957 4791 1787 4954">
     <span class='ocr_line' id='line_1_104' title="bbox 992 4791 1787 4862; baseline 0.006 -17"><span class='ocrx_word' id='word_1_615' title='bbox 992 4792 1082 4846; x_wconf 88' lang='lat' dir='ltr'><strong>Tinea</strong></span> <span class='ocrx_word' id='word_1_616' title='bbox 1097 4795 1197 4846; x_wconf 86' lang='lat' dir='ltr'><strong>vestes</strong></span> <span class='ocrx_word' id='word_1_617' title='bbox 1213 4791 1350 4861; x_wconf 88' lang='lat' dir='ltr'><strong>comedit,</strong></span> <span class='ocrx_word' id='word_1_618' title='bbox 1367 4792 1482 4846; x_wconf 86' lang='lat' dir='ltr'><strong>modica</strong></span> <span class='ocrx_word' id='word_1_619' title='bbox 1497 4795 1552 4862; x_wconf 92' lang='lat' dir='ltr'><strong>est,</strong></span> <span class='ocrx_word' id='word_1_620' title='bbox 1574 4795 1603 4848; x_wconf 91' lang='lat' dir='ltr'><strong>et</strong></span> <span class='ocrx_word' id='word_1_621' title='bbox 1621 4809 1659 4849; x_wconf 86' lang='lat' dir='ltr'><strong>ex</strong></span> <span class='ocrx_word' id='word_1_622' title='bbox 1674 4794 1787 4850; x_wconf 90' lang='lat' dir='ltr'><strong>eisdem</strong></span> 
     </span>
     <span class='ocr_line' id='line_1_105' title="bbox 957 4880 1409 4954; baseline -0.002 -19"><span class='ocrx_word' id='word_1_623' title='bbox 957 4897 1031 4954; x_wconf 88' lang='lat' dir='ltr'><strong>quas</strong></span> <span class='ocrx_word' id='word_1_624' title='bbox 1046 4880 1173 4935; x_wconf 90' lang='lat' dir='ltr'><strong>comedit</strong></span> <span class='ocrx_word' id='word_1_625' title='bbox 1187 4883 1291 4949; x_wconf 88' lang='lat' dir='ltr'><strong>postea</strong></span> <span class='ocrx_word' id='word_1_626' title='bbox 1307 4881 1409 4934; x_wconf 89' lang='lat' dir='ltr'><strong>oritur.</strong></span> 
     </span>
    </p>

    <p class='ocr_par' dir='ltr' id='par_1_40' title="bbox 958 4967 1790 5130">
     <span class='ocr_line' id='line_1_106' title="bbox 964 4967 1790 5047; baseline 0.004 -21"><span class='ocrx_word' id='word_1_627' title='bbox 964 5020 971 5026; x_wconf 88' lang='lat'><strong>.</strong></span> <span class='ocrx_word' id='word_1_628' title='bbox 992 4969 1165 5024; x_wconf 85' lang='lat' dir='ltr'><strong>Tonitrunm</strong></span> <span class='ocrx_word' id='word_1_629' title='bbox 1186 4967 1337 5038; x_wconf 88' lang='lat' dir='ltr'><strong>horribile,</strong></span> <span class='ocrx_word' id='word_1_630' title='bbox 1355 4985 1392 5023; x_wconf 86' lang='lat' dir='ltr'><strong>ex</strong></span> <span class='ocrx_word' id='word_1_631' title='bbox 1412 4969 1509 5025; x_wconf 87' lang='lat' dir='ltr'><strong>calore</strong></span> <span class='ocrx_word' id='word_1_632' title='bbox 1525 4971 1671 5044; x_wconf 83' lang='lat' dir='ltr'><strong>provenit,</strong></span> <span class='ocrx_word' id='word_1_633' title='bbox 1688 4972 1790 5047; x_wconf 87' lang='lat' dir='ltr'><strong>iulgur</strong></span> 
     </span>
     <span class='ocr_line' id='line_1_107' title="bbox 958 5056 1397 5130; baseline -0.002 -17"><span class='ocrx_word' id='word_1_634' title='bbox 958 5059 1117 5130; x_wconf 72' lang='lat' dir='ltr'><strong>praemittit,</strong></span> <span class='ocrx_word' id='word_1_635' title='bbox 1135 5056 1246 5110; x_wconf 81' lang='lat' dir='ltr'><strong>fulmen</strong></span> <span class='ocrx_word' id='word_1_636' title='bbox 1261 5057 1397 5113; x_wconf 89' lang='lat' dir='ltr'><strong>immittit.</strong></span> 
     </span>
    </p>

    <p class='ocr_par' dir='ltr' id='par_1_41' title="bbox 993 5146 1789 5222">
     <span class='ocr_line' id='line_1_108' title="bbox 993 5146 1789 5222; baseline 0.009 -21"><span class='ocrx_word' id='word_1_637' title='bbox 993 5146 1136 5201; x_wconf 90' lang='lat' dir='ltr'><strong>Torcular</strong></span> <span class='ocrx_word' id='word_1_638' title='bbox 1153 5146 1299 5201; x_wconf 85' lang='lat' dir='ltr'><strong>volvendo</strong></span> <span class='ocrx_word' id='word_1_639' title='bbox 1315 5147 1449 5203; x_wconf 89' lang='lat' dir='ltr'><strong>ascendit</strong></span> <span class='ocrx_word' id='word_1_640' title='bbox 1464 5152 1492 5203; x_wconf 91' lang='lat' dir='ltr'><strong>ct</strong></span> <span class='ocrx_word' id='word_1_641' title='bbox 1507 5148 1671 5222; x_wconf 88' lang='lat' dir='ltr'><strong>descendit,</strong></span> <span class='ocrx_word' id='word_1_642' title='bbox 1687 5152 1789 5208; x_wconf 91' lang='lat' dir='ltr'><strong>vinum</strong></span> 
     </span>
    </p>
   </div>
   <div class='ocr_carea' id='block_1_19' title="bbox 68 5234 1786 5311">
    <p class='ocr_par' dir='ltr' id='par_1_42' title="bbox 68 5234 1786 5311">
     <span class='ocr_line' id='line_1_109' title="bbox 68 5234 1786 5311; baseline 0.004 -21"><span class='ocrx_word' id='word_1_643' title='bbox 68 5234 142 5292; x_wconf 77' lang='lat' dir='ltr'><strong>lavis</strong></span> <span class='ocrx_word' id='word_1_644' title='bbox 163 5239 210 5291; x_wconf 91' lang='lat' dir='ltr'><strong>est</strong></span> <span class='ocrx_word' id='word_1_645' title='bbox 224 5235 311 5308; x_wconf 91' lang='lat' dir='ltr'><strong>pelle,</strong></span> <span class='ocrx_word' id='word_1_646' title='bbox 327 5236 384 5292; x_wconf 88' lang='lat' dir='ltr'><strong>sub</strong></span> <span class='ocrx_word' id='word_1_647' title='bbox 414 5241 491 5292; x_wconf 89' lang='lat' dir='ltr'><strong>terra</strong></span> <span class='ocrx_word' id='word_1_648' title='bbox 519 5240 660 5308; x_wconf 87' lang='lat' dir='ltr'><strong>moratur,</strong></span> <span class='ocrx_word' id='word_1_649' title='bbox 685 5252 777 5308; x_wconf 87' lang='lat' dir='ltr'><strong>super</strong></span> <span class='ocrx_word' id='word_1_650' title='bbox 791 5242 900 5295; x_wconf 89' lang='lat' dir='ltr'><strong>terram</strong></span> <span class='ocrx_word' id='word_1_651' title='bbox 958 5237 994 5293; x_wconf 90' lang='lat' dir='ltr'><strong>ah</strong></span> <span class='ocrx_word' id='word_1_652' title='bbox 1011 5236 1095 5290; x_wconf 91' lang='lat' dir='ltr'><strong>acino</strong></span> <span class='ocrx_word' id='word_1_653' title='bbox 1111 5237 1238 5306; x_wconf 87' lang='lat' dir='ltr'><strong>separat,</strong></span> <span class='ocrx_word' id='word_1_654' title='bbox 1255 5251 1329 5291; x_wconf 88' lang='lat' dir='ltr'><strong>uvas</strong></span> <span class='ocrx_word' id='word_1_655' title='bbox 1344 5237 1460 5309; x_wconf 86' lang='lat' dir='ltr'><strong>premit,</strong></span> <span class='ocrx_word' id='word_1_656' title='bbox 1481 5240 1626 5311; x_wconf 88' lang='lat' dir='ltr'><strong>gradatim</strong></span> <span class='ocrx_word' id='word_1_657' title='bbox 1642 5242 1786 5299; x_wconf 90' lang='lat' dir='ltr'><strong>ascendit.</strong></span> 
     </span>
    </p>
   </div>
   <div class='ocr_carea' id='block_1_20' title="bbox 66 5324 264 5381">
    <p class='ocr_par' dir='ltr' id='par_1_43' title="bbox 66 5324 264 5381">
     <span class='ocr_line' id='line_1_110' title="bbox 66 5324 264 5381; baseline -0.01 0"><span class='ocrx_word' id='word_1_658' title='bbox 66 5340 124 5381; x_wconf 79' lang='lat' dir='ltr'><strong>non</strong></span> <span class='ocrx_word' id='word_1_659' title='bbox 137 5324 264 5380; x_wconf 77' lang='lat' dir='ltr'><strong>viveret.</strong></span> 
     </span>
    </p>
   </div>
   <div class='ocr_carea' id='block_1_21' title="bbox 66 5413 901 5580">
    <p class='ocr_par' dir='ltr' id='par_1_44' title="bbox 66 5413 901 5580">
     <span class='ocr_line' id='line_1_111' title="bbox 99 5413 901 5486; baseline 0.006 -17"><span class='ocrx_word' id='word_1_660' title='bbox 99 5414 217 5469; x_wconf 85' lang='lat' dir='ltr'><strong>Taurus</strong></span> <span class='ocrx_word' id='word_1_661' title='bbox 234 5413 292 5469; x_wconf 92' lang='lat' dir='ltr'><strong>duo</strong></span> <span class='ocrx_word' id='word_1_662' title='bbox 308 5429 418 5469; x_wconf 88' lang='lat' dir='ltr'><strong>cornua</strong></span> <span class='ocrx_word' id='word_1_663' title='bbox 433 5413 530 5485; x_wconf 91' lang='lat' dir='ltr'><strong>hahet,</strong></span> <span class='ocrx_word' id='word_1_664' title='bbox 544 5414 629 5471; x_wconf 79' lang='lat' dir='ltr'><strong>sortis</strong></span> <span class='ocrx_word' id='word_1_665' title='bbox 646 5419 701 5486; x_wconf 87' lang='lat' dir='ltr'><strong>est,</strong></span> <span class='ocrx_word' id='word_1_666' title='bbox 716 5431 809 5474; x_wconf 91' lang='lat' dir='ltr'><strong>cornu</strong></span> <span class='ocrx_word' id='word_1_667' title='bbox 820 5420 901 5474; x_wconf 90' lang='lat' dir='ltr'><strong>tene·</strong></span> 
     </span>
     <span class='ocr_line' id='line_1_112' title="bbox 66 5501 900 5580; baseline 0.007 -20"><span class='ocrx_word' id='word_1_668' title='bbox 66 5506 120 5575; x_wconf 83' lang='lat' dir='ltr'><strong>tur,</strong></span> <span class='ocrx_word' id='word_1_669' title='bbox 143 5504 310 5560; x_wconf 89' lang='lat' dir='ltr'><strong>armentum</strong></span> <span class='ocrx_word' id='word_1_670' title='bbox 323 5503 418 5575; x_wconf 85' lang='lat' dir='ltr'><strong>praeit,</strong></span> <span class='ocrx_word' id='word_1_671' title='bbox 435 5501 528 5574; x_wconf 81' lang='lat' dir='ltr'><strong>ierus,</strong></span> <span class='ocrx_word' id='word_1_672' title='bbox 542 5502 650 5580; x_wconf 82' lang='lat' dir='ltr'><strong>jugum</strong></span> <span class='ocrx_word' id='word_1_673' title='bbox 665 5503 763 5578; x_wconf 88' lang='lat' dir='ltr'><strong>trahit,</strong></span> <span class='ocrx_word' id='word_1_674' title='bbox 781 5522 900 5566; x_wconf 86' lang='lat' dir='ltr'><strong>ermen·</strong></span> 
     </span>
    </p>
   </div>
   <div class='ocr_carea' id='block_1_22' title="bbox 66 5591 552 5672">
    <p class='ocr_par' dir='ltr' id='par_1_45' title="bbox 66 5591 552 5672">
     <span class='ocr_line' id='line_1_113' title="bbox 66 5591 552 5672; baseline 0 -17"><span class='ocrx_word' id='word_1_675' title='bbox 66 5596 125 5655; x_wconf 80' lang='lat' dir='ltr'><strong>um</strong></span> <span class='ocrx_word' id='word_1_676' title='bbox 137 5591 289 5672; x_wconf 72' lang='lat' dir='ltr'><strong>fecundat,</strong></span> <span class='ocrx_word' id='word_1_677' title='bbox 305 5592 480 5653; x_wconf 85' lang='lat' dir='ltr'><strong>luxuriosus</strong></span> <span class='ocrx_word' id='word_1_678' title='bbox 495 5596 552 5655; x_wconf 83' lang='lat' dir='ltr'><strong>est.</strong></span> 
     </span>
    </p>
   </div>
   <div class='ocr_carea' id='block_1_23' title="bbox 958 5325 1789 5674">
    <p class='ocr_par' dir='ltr' id='par_1_46' title="bbox 958 5325 1789 5580">
     <span class='ocr_line' id='line_1_114' title="bbox 994 5325 1789 5398; baseline 0.008 -17"><span class='ocrx_word' id='word_1_679' title='bbox 994 5326 1124 5381; x_wconf 89' lang='lat' dir='ltr'><strong>Torrens</strong></span> <span class='ocrx_word' id='word_1_680' title='bbox 1135 5325 1319 5397; x_wconf 83' lang='lat' dir='ltr'><strong>estrepidus,</strong></span> <span class='ocrx_word' id='word_1_681' title='bbox 1332 5327 1389 5381; x_wconf 90' lang='lat' dir='ltr'><strong>cito</strong></span> <span class='ocrx_word' id='word_1_682' title='bbox 1400 5329 1515 5398; x_wconf 89' lang='lat' dir='ltr'><strong>transit,</strong></span> <span class='ocrx_word' id='word_1_683' title='bbox 1528 5329 1626 5384; x_wconf 88' lang='lat' dir='ltr'><strong>omnia</strong></span> <span class='ocrx_word' id='word_1_684' title='bbox 1635 5329 1789 5388; x_wconf 85' lang='lat' dir='ltr'><strong>obstacula</strong></span> 
     </span>
     <span class='ocr_line' id='line_1_115' title="bbox 959 5416 1789 5490; baseline 0.006 -19"><span class='ocrx_word' id='word_1_685' title='bbox 959 5416 1076 5486; x_wconf 90' lang='lat' dir='ltr'><strong>rumpit,</strong></span> <span class='ocrx_word' id='word_1_686' title='bbox 1092 5416 1210 5471; x_wconf 90' lang='lat' dir='ltr'><strong>subitus</strong></span> <span class='ocrx_word' id='word_1_687' title='bbox 1226 5418 1282 5487; x_wconf 90' lang='lat' dir='ltr'><strong>est,</strong></span> <span class='ocrx_word' id='word_1_688' title='bbox 1299 5430 1337 5472; x_wconf 88' lang='lat' dir='ltr'><strong>ex</strong></span> <span class='ocrx_word' id='word_1_689' title='bbox 1345 5417 1613 5487; x_wconf 87' lang='lat' dir='ltr'><strong>superabundantia</strong></span> <span class='ocrx_word' id='word_1_690' title='bbox 1623 5417 1789 5490; x_wconf 81' lang='lat' dir='ltr'><strong>pluviarum</strong></span> 
     </span>
     <span class='ocr_line' id='line_1_116' title="bbox 958 5505 1104 5580; baseline -0.014 -19"><span class='ocrx_word' id='word_1_691' title='bbox 958 5505 1104 5580; x_wconf 89' lang='lat' dir='ltr'><strong>provenit.</strong></span> 
     </span>
    </p>

    <p class='ocr_par' dir='ltr' id='par_1_47' title="bbox 995 5593 1636 5674">
     <span class='ocr_line' id='line_1_117' title="bbox 995 5593 1636 5674; baseline 0 -18"><span class='ocrx_word' id='word_1_692' title='bbox 995 5594 1069 5656; x_wconf 87' lang='lat' dir='ltr'><strong>Tres</strong></span> <span class='ocrx_word' id='word_1_693' title='bbox 1084 5594 1199 5654; x_wconf 82' lang='lat' dir='ltr'><strong>fructus</strong></span> <span class='ocrx_word' id='word_1_694' title='bbox 1214 5597 1302 5655; x_wconf 84' lang='lat' dir='ltr'><strong>terrae</strong></span> <span class='ocrx_word' id='word_1_695' title='bbox 1316 5594 1404 5656; x_wconf 77' lang='lat' dir='ltr'><strong>bone</strong></span> <span class='ocrx_word' id='word_1_696' title='bbox 1419 5595 1450 5655; x_wconf 84' lang='lat' dir='ltr'><strong>in</strong></span> <span class='ocrx_word' id='word_1_697' title='bbox 1464 5593 1636 5674; x_wconf 83' lang='lat' dir='ltr'><strong>Evangelio.</strong></span> 
     </span>
    </p>
   </div>
   <div class='ocr_carea' id='block_1_24' title="bbox 0 0 1914 6022">
    <p class='ocr_par' dir='ltr' id='par_1_48' title="bbox 0 0 1914 6022">
     <span class='ocr_line' id='line_1_118' title="bbox 0 0 1914 6022; baseline 0 0"><span class='ocrx_word' id='word_1_698' title='bbox 0 0 1914 6022; x_wconf 95' lang='lat' dir='ltr'><strong> </strong></span> 
     </span>
    </p>
   </div>
  </div>
 </body>
</html>
