<?xml version="1.0" encoding="UTF-8"?>
<!DOCTYPE html PUBLIC "-//W3C//DTD XHTML 1.0 Transitional//EN"
    "http://www.w3.org/TR/xhtml1/DTD/xhtml1-transitional.dtd">
<html xmlns="http://www.w3.org/1999/xhtml" xml:lang="en" lang="en">
 <head>
  <title>
</title>
<meta http-equiv="Content-Type" content="text/html;charset=utf-8" />
  <meta name='ocr-system' content='tesseract 3.04.00' />
  <meta name='ocr-capabilities' content='ocr_page ocr_carea ocr_par ocr_line ocrx_word'/>
</head>
<body>
  <div class='ocr_page' id='page_1' title='image "./patrologiaecurs28unkngoog_0188.png"; bbox 0 0 3816 6030; ppageno 0'>
   <div class='ocr_carea' id='block_1_1' title="bbox 95 107 159 181">
    <p class='ocr_par' dir='ltr' id='par_1_1' title="bbox 95 107 159 181">
     <span class='ocr_line' id='line_1_1' title="bbox 95 107 159 181; baseline 0 0"><span class='ocrx_word' id='word_1_1' title='bbox 95 107 159 181; x_wconf 64' lang='lat'>835</span> 
     </span>
    </p>
   </div>
   <div class='ocr_carea' id='block_1_2' title="bbox 689 98 1171 185">
    <p class='ocr_par' dir='ltr' id='par_1_2' title="bbox 689 98 1171 185">
     <span class='ocr_line' id='line_1_2' title="bbox 689 98 1171 185; baseline 0.012 -8"><span class='ocrx_word' id='word_1_2' title='bbox 689 98 921 181; x_wconf 64' lang='lat' dir='ltr'>sanctatis</span> <span class='ocrx_word' id='word_1_3' title='bbox 942 101 1171 185; x_wconf 63' lang='lat' dir='ltr'>emensae.</span> 
     </span>
    </p>
   </div>
   <div class='ocr_carea' id='block_1_3' title="bbox 1689 40 1833 212">
    <p class='ocr_par' dir='ltr' id='par_1_3' title="bbox 1689 40 1833 212">
     <span class='ocr_line' id='line_1_3' title="bbox 1689 40 1833 212; baseline 0 0"><span class='ocrx_word' id='word_1_4' title='bbox 1689 40 1696 53; x_wconf 67' lang='grc'><strong>’</strong></span> <span class='ocrx_word' id='word_1_5' title='bbox 1771 109 1833 212; x_wconf 71' lang='lat' dir='ltr'>aa</span> 
     </span>
    </p>
   </div>
   <div class='ocr_carea' id='block_1_4' title="bbox 97 298 1832 389">
    <p class='ocr_par' dir='ltr' id='par_1_4' title="bbox 97 298 1832 389">
     <span class='ocr_line' id='line_1_4' title="bbox 97 298 1832 389; baseline 0.005 -16"><span class='ocrx_word' id='word_1_6' title='bbox 97 315 419 389; x_wconf 82' lang='lat' dir='ltr'>eutertureorporalie.</span> <span class='ocrx_word' id='word_1_7' title='bbox 431 315 592 387; x_wconf 85' lang='lat' dir='ltr'>Postquam</span> <span class='ocrx_word' id='word_1_8' title='bbox 602 318 699 370; x_wconf 88' lang='lat' dir='ltr'>autern</span> <span class='ocrx_word' id='word_1_9' title='bbox 710 329 821 371; x_wconf 85' lang='lat' dir='ltr'>sensus</span> <span class='ocrx_word' id='word_1_10' title='bbox 832 328 937 387; x_wconf 87' lang='lat' dir='ltr'>corpo·</span> <span class='ocrx_word' id='word_1_11' title='bbox 951 298 982 360; x_wconf 76' lang='grc' dir='ltr'><strong>Α</strong></span> <span class='ocrx_word' id='word_1_12' title='bbox 995 315 1144 389; x_wconf 87' lang='lat' dir='ltr'>baptismo</span> <span class='ocrx_word' id='word_1_13' title='bbox 1158 320 1324 378; x_wconf 80' lang='lat' dir='ltr'>membrum</span> <span class='ocrx_word' id='word_1_14' title='bbox 1337 322 1449 380; x_wconf 89' lang='lat' dir='ltr'>Christi</span> <span class='ocrx_word' id='word_1_15' title='bbox 1459 322 1597 382; x_wconf 85' lang='lat' dir='ltr'>eltloitur.</span> <span class='ocrx_word' id='word_1_16' title='bbox 1609 323 1674 381; x_wconf 88' lang='lat' dir='ltr'>Nec</span> <span class='ocrx_word' id='word_1_17' title='bbox 1684 326 1765 381; x_wconf 85' lang='lat' dir='ltr'>tanto</span> <span class='ocrx_word' id='word_1_18' title='bbox 1780 341 1832 382; x_wconf 82' lang='lat' dir='ltr'>ea-</span> 
     </span>
    </p>
   </div>
   <div class='ocr_carea' id='block_1_5' title="bbox 98 402 940 1625">
    <p class='ocr_par' dir='ltr' id='par_1_5' title="bbox 98 402 940 1536">
     <span class='ocr_line' id='line_1_5' title="bbox 98 402 938 476; baseline -0.005 -13"><span class='ocrx_word' id='word_1_19' title='bbox 98 406 175 463; x_wconf 80' lang='lat' dir='ltr'>ralis</span> <span class='ocrx_word' id='word_1_20' title='bbox 196 405 228 459; x_wconf 91' lang='lat' dir='ltr'>ia</span> <span class='ocrx_word' id='word_1_21' title='bbox 252 403 443 476; x_wconf 89' lang='lat' dir='ltr'>percipiendo</span> <span class='ocrx_word' id='word_1_22' title='bbox 461 402 581 470; x_wconf 81' lang='lat' dir='ltr'>deficit,</span> <span class='ocrx_word' id='word_1_23' title='bbox 606 402 748 472; x_wconf 73' lang='lat' dir='ltr'><strong>deinceps</strong></span> <span class='ocrx_word' id='word_1_24' title='bbox 772 403 938 474; x_wconf 86' lang='lat' dir='ltr'>corporalis</span> 
     </span>
     <span class='ocr_line' id='line_1_6' title="bbox 98 491 938 564; baseline -0.006 -13"><span class='ocrx_word' id='word_1_25' title='bbox 98 494 213 551; x_wconf 86' lang='lat' dir='ltr'>Christi</span> <span class='ocrx_word' id='word_1_26' title='bbox 224 493 383 564; x_wconf 80' lang='lat' dir='ltr'>praesentia</span> <span class='ocrx_word' id='word_1_27' title='bbox 395 496 510 547; x_wconf 90' lang='lat' dir='ltr'>nonest</span> <span class='ocrx_word' id='word_1_28' title='bbox 521 492 692 562; x_wconf 86' lang='lat' dir='ltr'>quaerenda,</span> <span class='ocrx_word' id='word_1_29' title='bbox 704 491 759 547; x_wconf 88' lang='lat' dir='ltr'>sed</span> <span class='ocrx_word' id='word_1_30' title='bbox 774 491 938 562; x_wconf 86' lang='lat' dir='ltr'>spiritualis</span> 
     </span>
     <span class='ocr_line' id='line_1_7' title="bbox 100 578 937 653; baseline -0.006 -14"><span class='ocrx_word' id='word_1_31' title='bbox 100 584 267 639; x_wconf 87' lang='lat' dir='ltr'>retinenda.</span> <span class='ocrx_word' id='word_1_32' title='bbox 285 582 474 653; x_wconf 89' lang='lat' dir='ltr'>Dispensatio</span> <span class='ocrx_word' id='word_1_33' title='bbox 489 580 634 650; x_wconf 89' lang='lat' dir='ltr'>completa</span> <span class='ocrx_word' id='word_1_34' title='bbox 649 583 711 649; x_wconf 89' lang='lat' dir='ltr'>est,</span> <span class='ocrx_word' id='word_1_35' title='bbox 734 578 865 651; x_wconf 82' lang='lat' dir='ltr'>perlecta</span> <span class='ocrx_word' id='word_1_36' title='bbox 881 584 937 650; x_wconf 89' lang='lat' dir='ltr'>est,</span> 
     </span>
     <span class='ocr_line' id='line_1_8' title="bbox 100 668 938 742; baseline -0.002 -17"><span class='ocrx_word' id='word_1_37' title='bbox 100 672 268 742; x_wconf 82' lang='lat' dir='ltr'>perfectum</span> <span class='ocrx_word' id='word_1_38' title='bbox 278 673 495 726; x_wconf 87' lang='lat' dir='ltr'>sacramentum</span> <span class='ocrx_word' id='word_1_39' title='bbox 508 685 514 723; x_wconf 92' lang='lat'>:</span> <span class='ocrx_word' id='word_1_40' title='bbox 527 669 622 722; x_wconf 87' lang='lat' dir='ltr'>virtus</span> <span class='ocrx_word' id='word_1_41' title='bbox 634 672 740 723; x_wconf 87' lang='lat' dir='ltr'>manet.</span> <span class='ocrx_word' id='word_1_42' title='bbox 754 668 892 723; x_wconf 86' lang='lat' dir='ltr'>Christus</span> <span class='ocrx_word' id='word_1_43' title='bbox 902 668 938 723; x_wconf 89' lang='lat' dir='ltr'>do</span> 
     </span>
     <span class='ocr_line' id='line_1_9' title="bbox 101 756 937 829; baseline -0.004 -14"><span class='ocrx_word' id='word_1_44' title='bbox 101 777 155 815; x_wconf 88' lang='lat' dir='ltr'>ore</span> <span class='ocrx_word' id='word_1_45' title='bbox 170 761 208 814; x_wconf 91' lang='lat' dir='ltr'>ad</span> <span class='ocrx_word' id='word_1_46' title='bbox 223 775 275 814; x_wconf 91' lang='lat' dir='ltr'>cor</span> <span class='ocrx_word' id='word_1_47' title='bbox 290 758 406 829; x_wconf 78' lang='lat' dir='ltr'>transit,</span> <span class='ocrx_word' id='word_1_48' title='bbox 417 774 476 814; x_wconf 92' lang='lat' dir='ltr'>nou</span> <span class='ocrx_word' id='word_1_49' title='bbox 491 757 577 811; x_wconf 89' lang='lat' dir='ltr'>cibus</span> <span class='ocrx_word' id='word_1_50' title='bbox 594 756 740 827; x_wconf 89' lang='lat' dir='ltr'>corporis,</span> <span class='ocrx_word' id='word_1_51' title='bbox 753 757 806 811; x_wconf 91' lang='lat' dir='ltr'>sed</span> <span class='ocrx_word' id='word_1_52' title='bbox 821 757 937 812; x_wconf 86' lang='lat' dir='ltr'>animae.</span> 
     </span>
     <span class='ocr_line' id='line_1_10' title="bbox 102 846 939 918; baseline -0.002 -17"><span class='ocrx_word' id='word_1_53' title='bbox 102 850 192 904; x_wconf 80' lang='lat' dir='ltr'>Venit</span> <span class='ocrx_word' id='word_1_54' title='bbox 201 849 238 903; x_wconf 93' lang='lat' dir='ltr'>ad</span> <span class='ocrx_word' id='word_1_55' title='bbox 252 852 280 902; x_wconf 92' lang='lat' dir='ltr'>te</span> <span class='ocrx_word' id='word_1_56' title='bbox 291 863 345 918; x_wconf 91' lang='lat' dir='ltr'>per</span> <span class='ocrx_word' id='word_1_57' title='bbox 355 846 540 917; x_wconf 76' lang='lat' dir='ltr'>corporalem</span> <span class='ocrx_word' id='word_1_58' title='bbox 551 846 751 916; x_wconf 80' lang='lat' dir='ltr'>praesentiam,</span> <span class='ocrx_word' id='word_1_59' title='bbox 763 848 795 899; x_wconf 94' lang='lat' dir='ltr'>ut</span> <span class='ocrx_word' id='word_1_60' title='bbox 803 846 939 901; x_wconf 88' lang='lat' dir='ltr'>comeda·</span> 
     </span>
     <span class='ocr_line' id='line_1_11' title="bbox 100 935 939 1008; baseline -0.005 -15"><span class='ocrx_word' id='word_1_61' title='bbox 100 942 160 1008; x_wconf 89' lang='lat' dir='ltr'>tur,</span> <span class='ocrx_word' id='word_1_62' title='bbox 177 954 236 993; x_wconf 92' lang='lat' dir='ltr'>non</span> <span class='ocrx_word' id='word_1_63' title='bbox 251 938 282 991; x_wconf 91' lang='lat' dir='ltr'>nt</span> <span class='ocrx_word' id='word_1_64' title='bbox 299 939 500 1005; x_wconf 78' lang='lat' dir='ltr'>consumatur,</span> <span class='ocrx_word' id='word_1_65' title='bbox 517 937 548 990; x_wconf 91' lang='lat' dir='ltr'>ut</span> <span class='ocrx_word' id='word_1_66' title='bbox 562 937 709 1006; x_wconf 73' lang='lat' dir='ltr'>gustetur,</span> <span class='ocrx_word' id='word_1_67' title='bbox 722 949 782 988; x_wconf 92' lang='lat' dir='ltr'>non</span> <span class='ocrx_word' id='word_1_68' title='bbox 797 935 939 990; x_wconf 90' lang='lat' dir='ltr'>utinoor-</span> 
     </span>
     <span class='ocr_line' id='line_1_12' title="bbox 100 1023 940 1099; baseline -0.002 -17"><span class='ocrx_word' id='word_1_69' title='bbox 100 1032 234 1099; x_wconf 88' lang='lat' dir='ltr'>porctur.</span> <span class='ocrx_word' id='word_1_70' title='bbox 244 1025 302 1080; x_wconf 85' lang='lat' dir='ltr'>Sed</span> <span class='ocrx_word' id='word_1_71' title='bbox 313 1024 431 1097; x_wconf 89' lang='lat' dir='ltr'>quanda</span> <span class='ocrx_word' id='word_1_72' title='bbox 443 1040 512 1078; x_wconf 90' lang='lat' dir='ltr'>caro</span> <span class='ocrx_word' id='word_1_73' title='bbox 523 1023 643 1090; x_wconf 86' lang='lat' dir='ltr'>Christi,</span> <span class='ocrx_word' id='word_1_74' title='bbox 656 1023 857 1088; x_wconf 90' lang='lat' dir='ltr'>manducatur,</span> <span class='ocrx_word' id='word_1_75' title='bbox 880 1040 940 1080; x_wconf 93' lang='lat' dir='ltr'>noa</span> 
     </span>
     <span class='ocr_line' id='line_1_13' title="bbox 100 1112 939 1187; baseline -0.005 -16"><span class='ocrx_word' id='word_1_76' title='bbox 100 1117 153 1187; x_wconf 93' lang='lat' dir='ltr'>qui</span> <span class='ocrx_word' id='word_1_77' title='bbox 167 1115 373 1182; x_wconf 89' lang='lat' dir='ltr'>manducatur,</span> <span class='ocrx_word' id='word_1_78' title='bbox 389 1113 442 1167; x_wconf 89' lang='lat' dir='ltr'>scd</span> <span class='ocrx_word' id='word_1_79' title='bbox 458 1112 510 1183; x_wconf 89' lang='lat' dir='ltr'>qui</span> <span class='ocrx_word' id='word_1_80' title='bbox 524 1112 689 1181; x_wconf 90' lang='lat' dir='ltr'>manducat,</span> <span class='ocrx_word' id='word_1_81' title='bbox 707 1113 734 1166; x_wconf 92' lang='lat' dir='ltr'>ei</span> <span class='ocrx_word' id='word_1_82' title='bbox 749 1127 837 1184; x_wconf 90' lang='lat' dir='ltr'>quem</span> <span class='ocrx_word' id='word_1_83' title='bbox 854 1128 939 1168; x_wconf 89' lang='lat' dir='ltr'>maa-</span> 
     </span>
     <span class='ocr_line' id='line_1_14' title="bbox 100 1201 940 1273; baseline -0.002 -14"><span class='ocrx_word' id='word_1_84' title='bbox 100 1205 191 1259; x_wconf 87' lang='lat' dir='ltr'>ducat</span> <span class='ocrx_word' id='word_1_85' title='bbox 215 1205 429 1273; x_wconf 75' lang='lat' dir='ltr'>incorporetur.</span> <span class='ocrx_word' id='word_1_86' title='bbox 454 1201 575 1255; x_wconf 78' lang='lat' dir='ltr'>Audiuit</span> <span class='ocrx_word' id='word_1_87' title='bbox 598 1201 785 1273; x_wconf 71' lang='lat' dir='ltr'>Augustinus</span> <span class='ocrx_word' id='word_1_88' title='bbox 807 1201 842 1256; x_wconf 91' lang='lat' dir='ltr'>de</span> <span class='ocrx_word' id='word_1_89' title='bbox 863 1202 940 1257; x_wconf 86' lang='lat' dir='ltr'>coelo</span> 
     </span>
     <span class='ocr_line' id='line_1_15' title="bbox 100 1289 940 1360; baseline 0 -17"><span class='ocrx_word' id='word_1_90' title='bbox 100 1292 422 1347; x_wconf 76' lang='lat' dir='ltr'>tlhristumdicentem:</span> <span class='ocrx_word' id='word_1_91' title='bbox 433 1289 525 1343; x_wconf 83' lang='lat' dir='ltr'>Cibus</span> <span class='ocrx_word' id='word_1_92' title='bbox 530 1289 689 1360; x_wconf 73' lang='lat' dir='ltr'>prandiam</span> <span class='ocrx_word' id='word_1_93' title='bbox 698 1304 771 1345; x_wconf 85' lang='lat' dir='ltr'>sum.</span> <span class='ocrx_word' id='word_1_94' title='bbox 800 1289 899 1345; x_wconf 83' lang='lat' dir='ltr'>Crede</span> <span class='ocrx_word' id='word_1_95' title='bbox 910 1296 940 1344; x_wconf 87' lang='lat' dir='ltr'>et</span> 
     </span>
     <span class='ocr_line' id='line_1_16' title="bbox 100 1378 939 1444; baseline -0.001 -9"><span class='ocrx_word' id='word_1_96' title='bbox 100 1379 296 1435; x_wconf 83' lang='lat' dir='ltr'>manducabis</span> <span class='ocrx_word' id='word_1_97' title='bbox 312 1394 367 1444; x_wconf 85' lang='lat' dir='ltr'>mc,</span> <span class='ocrx_word' id='word_1_98' title='bbox 384 1394 440 1432; x_wconf 90' lang='lat' dir='ltr'>noa</span> <span class='ocrx_word' id='word_1_99' title='bbox 451 1382 480 1430; x_wconf 89' lang='lat' dir='ltr'>at</span> <span class='ocrx_word' id='word_1_100' title='bbox 495 1393 541 1431; x_wconf 88' lang='lat' dir='ltr'>mc</span> <span class='ocrx_word' id='word_1_101' title='bbox 554 1382 651 1432; x_wconf 87' lang='lat' dir='ltr'>mutes</span> <span class='ocrx_word' id='word_1_102' title='bbox 666 1378 697 1431; x_wconf 91' lang='lat' dir='ltr'>in</span> <span class='ocrx_word' id='word_1_103' title='bbox 715 1378 831 1433; x_wconf 86' lang='lat' dir='ltr'>tesiout</span> <span class='ocrx_word' id='word_1_104' title='bbox 842 1378 939 1434; x_wconf 83' lang='lat' dir='ltr'>cibum</span> 
     </span>
     <span class='ocr_line' id='line_1_17' title="bbox 101 1465 711 1536; baseline -0.007 -13"><span class='ocrx_word' id='word_1_105' title='bbox 101 1469 207 1523; x_wconf 86' lang='lat' dir='ltr'>carnis</span> <span class='ocrx_word' id='word_1_106' title='bbox 223 1472 289 1536; x_wconf 73' lang='lat' dir='ltr'>ture,</span> <span class='ocrx_word' id='word_1_107' title='bbox 306 1466 361 1520; x_wconf 84' lang='lat' dir='ltr'>scd</span> <span class='ocrx_word' id='word_1_108' title='bbox 376 1471 405 1518; x_wconf 91' lang='lat' dir='ltr'>ut</span> <span class='ocrx_word' id='word_1_109' title='bbox 422 1469 450 1518; x_wconf 88' lang='lat' dir='ltr'>te</span> <span class='ocrx_word' id='word_1_110' title='bbox 466 1465 594 1518; x_wconf 87' lang='lat' dir='ltr'>muteris</span> <span class='ocrx_word' id='word_1_111' title='bbox 608 1465 639 1519; x_wconf 92' lang='lat' dir='ltr'>in</span> <span class='ocrx_word' id='word_1_112' title='bbox 655 1480 711 1520; x_wconf 87' lang='lat' dir='ltr'>me.</span> 
     </span>
    </p>

    <p class='ocr_par' dir='ltr' id='par_1_6' title="bbox 138 1551 938 1625">
     <span class='ocr_line' id='line_1_18' title="bbox 138 1551 938 1625; baseline 0 -15"><span class='ocrx_word' id='word_1_113' title='bbox 138 1555 290 1625; x_wconf 72' lang='lat' dir='ltr'>ltompleta</span> <span class='ocrx_word' id='word_1_114' title='bbox 298 1569 372 1625; x_wconf 84' lang='lat' dir='ltr'>ergo</span> <span class='ocrx_word' id='word_1_115' title='bbox 383 1551 589 1607; x_wconf 78' lang='lat' dir='ltr'>sacramentali</span> <span class='ocrx_word' id='word_1_116' title='bbox 600 1552 824 1623; x_wconf 86' lang='lat' dir='ltr'>dispensatione</span> <span class='ocrx_word' id='word_1_117' title='bbox 835 1555 863 1610; x_wconf 90' lang='lat' dir='ltr'>si</span> <span class='ocrx_word' id='word_1_118' title='bbox 871 1571 938 1612; x_wconf 91' lang='lat' dir='ltr'>cor-</span> 
     </span>
    </p>
   </div>
   <div class='ocr_carea' id='block_1_6' title="bbox 997 408 1835 1636">
    <p class='ocr_par' dir='ltr' id='par_1_7' title="bbox 997 408 1833 742">
     <span class='ocr_line' id='line_1_19' title="bbox 997 408 1833 486; baseline 0.014 -27"><span class='ocrx_word' id='word_1_119' title='bbox 997 408 1147 463; x_wconf 75' lang='lat' dir='ltr'>ammento</span> <span class='ocrx_word' id='word_1_120' title='bbox 1167 409 1303 479; x_wconf 83' lang='lat' dir='ltr'>privatur</span> <span class='ocrx_word' id='word_1_121' title='bbox 1317 411 1366 468; x_wconf 91' lang='lat' dir='ltr'>ille</span> <span class='ocrx_word' id='word_1_122' title='bbox 1385 412 1416 468; x_wconf 92' lang='lat' dir='ltr'>in</span> <span class='ocrx_word' id='word_1_123' title='bbox 1438 428 1497 484; x_wconf 87' lang='lat' dir='ltr'>quo</span> <span class='ocrx_word' id='word_1_124' title='bbox 1517 413 1575 470; x_wconf 91' lang='lat' dir='ltr'>hoc</span> <span class='ocrx_word' id='word_1_125' title='bbox 1589 412 1740 471; x_wconf 85' lang='lat' dir='ltr'>iuvenitur</span> <span class='ocrx_word' id='word_1_126' title='bbox 1753 415 1833 486; x_wconf 86' lang='lat' dir='ltr'>quod</span> 
     </span>
     <span class='ocr_line' id='line_1_20' title="bbox 997 498 1831 575; baseline 0.016 -29"><span class='ocrx_word' id='word_1_127' title='bbox 997 499 1216 552; x_wconf 90' lang='lat' dir='ltr'>sacramentum</span> <span class='ocrx_word' id='word_1_128' title='bbox 1226 498 1297 555; x_wconf 92' lang='lat' dir='ltr'>illud</span> <span class='ocrx_word' id='word_1_129' title='bbox 1309 500 1468 573; x_wconf 81' lang='lat' dir='ltr'>significat,</span> <span class='ocrx_word' id='word_1_130' title='bbox 1483 501 1540 558; x_wconf 89' lang='lat' dir='ltr'>hoc</span> <span class='ocrx_word' id='word_1_131' title='bbox 1551 506 1598 558; x_wconf 91' lang='lat' dir='ltr'>est</span> <span class='ocrx_word' id='word_1_132' title='bbox 1608 502 1673 573; x_wconf 88' lang='lat' dir='ltr'>ipsa</span> <span class='ocrx_word' id='word_1_133' title='bbox 1687 501 1831 575; x_wconf 86' lang='lat' dir='ltr'>eltlcacia,</span> 
     </span>
     <span class='ocr_line' id='line_1_21' title="bbox 998 583 1832 663; baseline 0.013 -27"><span class='ocrx_word' id='word_1_134' title='bbox 998 597 1065 653; x_wconf 81' lang='lat' dir='ltr'>qurs</span> <span class='ocrx_word' id='word_1_135' title='bbox 1080 583 1176 639; x_wconf 89' lang='lat' dir='ltr'>virtus</span> <span class='ocrx_word' id='word_1_136' title='bbox 1191 589 1367 642; x_wconf 88' lang='lat' dir='ltr'>sacramenti</span> <span class='ocrx_word' id='word_1_137' title='bbox 1384 592 1412 644; x_wconf 87' lang='lat' dir='ltr'>et</span> <span class='ocrx_word' id='word_1_138' title='bbox 1427 605 1496 645; x_wconf 90' lang='lat' dir='ltr'>caro</span> <span class='ocrx_word' id='word_1_139' title='bbox 1507 590 1649 661; x_wconf 90' lang='lat' dir='ltr'>spiritalis</span> <span class='ocrx_word' id='word_1_140' title='bbox 1658 591 1832 663; x_wconf 91' lang='lat' dir='ltr'>appellatur.</span> 
     </span>
     <span class='ocr_line' id='line_1_22' title="bbox 997 673 1289 742; baseline 0.021 -17"><span class='ocrx_word' id='word_1_141' title='bbox 997 675 1030 725; x_wconf 88' lang='lat' dir='ltr'>ut</span> <span class='ocrx_word' id='word_1_142' title='bbox 1044 687 1135 742; x_wconf 90' lang='lat' dir='ltr'>supra</span> <span class='ocrx_word' id='word_1_143' title='bbox 1149 673 1289 731; x_wconf 84' lang='lat' dir='ltr'>diximus.</span> 
     </span>
    </p>

    <p class='ocr_par' dir='ltr' id='par_1_8' title="bbox 997 760 1835 1636">
     <span class='ocr_line' id='line_1_23' title="bbox 1035 760 1833 839; baseline 0.016 -26"><span class='ocrx_word' id='word_1_144' title='bbox 1035 760 1090 815; x_wconf 89' lang='lat' dir='ltr'>Hic</span> <span class='ocrx_word' id='word_1_145' title='bbox 1104 763 1288 832; x_wconf 90' lang='lat' dir='ltr'>perpendere</span> <span class='ocrx_word' id='word_1_146' title='bbox 1303 768 1389 835; x_wconf 89' lang='lat' dir='ltr'>potes</span> <span class='ocrx_word' id='word_1_147' title='bbox 1406 766 1484 838; x_wconf 89' lang='lat' dir='ltr'>quod</span> <span class='ocrx_word' id='word_1_148' title='bbox 1500 767 1578 823; x_wconf 91' lang='lat' dir='ltr'>sicut</span> <span class='ocrx_word' id='word_1_149' title='bbox 1593 767 1750 839; x_wconf 88' lang='lat' dir='ltr'>dupliciter</span> <span class='ocrx_word' id='word_1_150' title='bbox 1762 785 1833 826; x_wconf 91' lang='lat' dir='ltr'>caro</span> 
     </span>
     <span class='ocr_line' id='line_1_24' title="bbox 997 846 1835 929; baseline 0.016 -28"><span class='ocrx_word' id='word_1_151' title='bbox 997 846 1108 903; x_wconf 85' lang='lat' dir='ltr'>Christi</span> <span class='ocrx_word' id='word_1_152' title='bbox 1129 849 1312 923; x_wconf 77' lang='lat' dir='ltr'>intelligitur,</span> <span class='ocrx_word' id='word_1_153' title='bbox 1324 856 1353 907; x_wconf 93' lang='lat' dir='ltr'>at</span> <span class='ocrx_word' id='word_1_154' title='bbox 1363 851 1425 924; x_wconf 77' lang='lat' dir='ltr'>jam</span> <span class='ocrx_word' id='word_1_155' title='bbox 1435 854 1575 926; x_wconf 87' lang='lat' dir='ltr'>diximus,</span> <span class='ocrx_word' id='word_1_156' title='bbox 1587 856 1627 910; x_wconf 88' lang='lat' dir='ltr'>ita</span> <span class='ocrx_word' id='word_1_157' title='bbox 1641 858 1770 929; x_wconf 88' lang='lat' dir='ltr'>sumptio</span> <span class='ocrx_word' id='word_1_158' title='bbox 1780 857 1835 914; x_wconf 91' lang='lat' dir='ltr'>du·</span> 
     </span>
     <span class='ocr_line' id='line_1_25' title="bbox 998 936 1832 1017; baseline 0.012 -27"><span class='ocrx_word' id='word_1_159' title='bbox 998 936 1067 1007; x_wconf 84' lang='lat' dir='ltr'>plex</span> <span class='ocrx_word' id='word_1_160' title='bbox 1080 941 1135 1007; x_wconf 87' lang='lat' dir='ltr'>est,</span> <span class='ocrx_word' id='word_1_161' title='bbox 1159 941 1383 995; x_wconf 88' lang='lat' dir='ltr'>sacramentalis</span> <span class='ocrx_word' id='word_1_162' title='bbox 1402 944 1431 996; x_wconf 87' lang='lat' dir='ltr'>et</span> <span class='ocrx_word' id='word_1_163' title='bbox 1453 943 1613 1014; x_wconf 84' lang='lat' dir='ltr'>spiritalis,</span> <span class='ocrx_word' id='word_1_164' title='bbox 1634 945 1702 1017; x_wconf 88' lang='lat' dir='ltr'>quia</span> <span class='ocrx_word' id='word_1_165' title='bbox 1716 945 1788 1002; x_wconf 90' lang='lat' dir='ltr'>boni</span> <span class='ocrx_word' id='word_1_166' title='bbox 1802 950 1832 1001; x_wconf 85' lang='lat' dir='ltr'>et</span> 
     </span>
     <span class='ocr_line' id='line_1_26' title="bbox 998 1024 1832 1099; baseline 0.017 -22"><span class='ocrx_word' id='word_1_167' title='bbox 998 1024 1066 1078; x_wconf 92' lang='lat' dir='ltr'>mali</span> <span class='ocrx_word' id='word_1_168' title='bbox 1083 1031 1300 1083; x_wconf 87' lang='lat' dir='ltr'>sacramentum</span> <span class='ocrx_word' id='word_1_169' title='bbox 1316 1032 1447 1099; x_wconf 89' lang='lat' dir='ltr'>sumunt,</span> <span class='ocrx_word' id='word_1_170' title='bbox 1458 1045 1522 1086; x_wconf 83' lang='lat' dir='ltr'>rein</span> <span class='ocrx_word' id='word_1_171' title='bbox 1532 1034 1710 1089; x_wconf 90' lang='lat' dir='ltr'>sacramenti</span> <span class='ocrx_word' id='word_1_172' title='bbox 1719 1037 1832 1091; x_wconf 80' lang='lat' dir='ltr'>tanturn</span> 
     </span>
     <span class='ocr_line' id='line_1_27' title="bbox 998 1112 1833 1195; baseline 0.013 -28"><span class='ocrx_word' id='word_1_173' title='bbox 998 1112 1079 1169; x_wconf 89' lang='lat' dir='ltr'>boni.</span> <span class='ocrx_word' id='word_1_174' title='bbox 1096 1114 1317 1172; x_wconf 88' lang='lat' dir='ltr'>Sacramentum</span> <span class='ocrx_word' id='word_1_175' title='bbox 1328 1119 1358 1172; x_wconf 92' lang='lat' dir='ltr'>in</span> <span class='ocrx_word' id='word_1_176' title='bbox 1374 1118 1511 1176; x_wconf 91' lang='lat' dir='ltr'>hocloco</span> <span class='ocrx_word' id='word_1_177' title='bbox 1527 1136 1636 1191; x_wconf 89' lang='lat' dir='ltr'>corpus</span> <span class='ocrx_word' id='word_1_178' title='bbox 1652 1122 1768 1178; x_wconf 85' lang='lat' dir='ltr'>Domini</span> <span class='ocrx_word' id='word_1_179' title='bbox 1781 1138 1833 1195; x_wconf 82' lang='lat' dir='ltr'>ap-</span> 
     </span>
     <span class='ocr_line' id='line_1_28' title="bbox 997 1203 1832 1284; baseline 0.013 -29"><span class='ocrx_word' id='word_1_180' title='bbox 997 1203 1160 1274; x_wconf 73' lang='lat' dir='ltr'>pellamus,</span> <span class='ocrx_word' id='word_1_181' title='bbox 1176 1220 1239 1259; x_wconf 89' lang='lat' dir='ltr'>rem</span> <span class='ocrx_word' id='word_1_182' title='bbox 1250 1207 1428 1262; x_wconf 88' lang='lat' dir='ltr'>sacramenti</span> <span class='ocrx_word' id='word_1_183' title='bbox 1443 1208 1539 1278; x_wconf 89' lang='lat' dir='ltr'>ipsam</span> <span class='ocrx_word' id='word_1_184' title='bbox 1547 1209 1712 1265; x_wconf 80' lang='lat' dir='ltr'>sitloaciam</span> <span class='ocrx_word' id='word_1_185' title='bbox 1721 1214 1749 1266; x_wconf 95' lang='lat' dir='ltr'>et</span> <span class='ocrx_word' id='word_1_186' title='bbox 1759 1224 1832 1284; x_wconf 79' lang='lat' dir='ltr'>gra-</span> 
     </span>
     <span class='ocr_line' id='line_1_29' title="bbox 997 1292 1833 1372; baseline 0.013 -28"><span class='ocrx_word' id='word_1_187' title='bbox 997 1292 1067 1345; x_wconf 87' lang='lat' dir='ltr'>tiam</span> <span class='ocrx_word' id='word_1_188' title='bbox 1078 1292 1271 1365; x_wconf 89' lang='lat' dir='ltr'>spiritualem,</span> <span class='ocrx_word' id='word_1_189' title='bbox 1283 1311 1381 1366; x_wconf 90' lang='lat' dir='ltr'>quam,</span> <span class='ocrx_word' id='word_1_190' title='bbox 1392 1299 1524 1368; x_wconf 85' lang='lat' dir='ltr'>utsupra</span> <span class='ocrx_word' id='word_1_191' title='bbox 1534 1296 1674 1369; x_wconf 85' lang='lat' dir='ltr'>diximus,</span> <span class='ocrx_word' id='word_1_192' title='bbox 1687 1298 1833 1372; x_wconf 64' lang='lat' dir='ltr'>Hierony·</span> 
     </span>
     <span class='ocr_line' id='line_1_30' title="bbox 999 1383 1833 1459; baseline 0.011 -25"><span class='ocrx_word' id='word_1_193' title='bbox 999 1386 1168 1436; x_wconf 81' lang='lat' dir='ltr'>maereant</span> <span class='ocrx_word' id='word_1_194' title='bbox 1189 1383 1373 1454; x_wconf 87' lang='lat' dir='ltr'>spiritualem</span> <span class='ocrx_word' id='word_1_195' title='bbox 1392 1400 1512 1440; x_wconf 90' lang='lat' dir='ltr'>caraem</span> <span class='ocrx_word' id='word_1_196' title='bbox 1530 1385 1652 1456; x_wconf 87' lang='lat' dir='ltr'>Christi,</span> <span class='ocrx_word' id='word_1_197' title='bbox 1668 1402 1758 1459; x_wconf 89' lang='lat' dir='ltr'>quara</span> <span class='ocrx_word' id='word_1_198' title='bbox 1773 1402 1833 1444; x_wconf 89' lang='lat' dir='ltr'>aon</span> 
     </span>
     <span class='ocr_line' id='line_1_31' title="bbox 998 1469 1834 1533; baseline 0.013 -11"><span class='ocrx_word' id='word_1_199' title='bbox 998 1469 1175 1525; x_wconf 91' lang='lat' dir='ltr'>manducant</span> <span class='ocrx_word' id='word_1_200' title='bbox 1190 1472 1248 1526; x_wconf 88' lang='lat' dir='ltr'>nisi</span> <span class='ocrx_word' id='word_1_201' title='bbox 1261 1471 1343 1528; x_wconf 90' lang='lat' dir='ltr'>boni.</span> <span class='ocrx_word' id='word_1_202' title='bbox 1356 1472 1584 1530; x_wconf 90' lang='lat' dir='ltr'>Sacramentalis</span> <span class='ocrx_word' id='word_1_203' title='bbox 1593 1478 1692 1531; x_wconf 87' lang='lat' dir='ltr'>autem</span> <span class='ocrx_word' id='word_1_204' title='bbox 1702 1490 1834 1533; x_wconf 89' lang='lat' dir='ltr'>commu·</span> 
     </span>
     <span class='ocr_line' id='line_1_32' title="bbox 998 1557 1834 1636; baseline 0.011 -25"><span class='ocrx_word' id='word_1_205' title='bbox 998 1557 1047 1612; x_wconf 91' lang='lat' dir='ltr'>nio</span> <span class='ocrx_word' id='word_1_206' title='bbox 1056 1561 1103 1613; x_wconf 87' lang='lat' dir='ltr'>ast</span> <span class='ocrx_word' id='word_1_207' title='bbox 1112 1561 1278 1615; x_wconf 89' lang='lat' dir='ltr'>commanis</span> <span class='ocrx_word' id='word_1_208' title='bbox 1289 1561 1377 1617; x_wconf 88' lang='lat' dir='ltr'>bonis</span> <span class='ocrx_word' id='word_1_209' title='bbox 1388 1567 1416 1617; x_wconf 91' lang='lat' dir='ltr'>et</span> <span class='ocrx_word' id='word_1_210' title='bbox 1426 1563 1524 1633; x_wconf 87' lang='lat' dir='ltr'>malie,</span> <span class='ocrx_word' id='word_1_211' title='bbox 1534 1571 1601 1635; x_wconf 84' lang='lat' dir='ltr'>quae</span> <span class='ocrx_word' id='word_1_212' title='bbox 1610 1563 1675 1620; x_wconf 91' lang='lat' dir='ltr'>sine</span> <span class='ocrx_word' id='word_1_213' title='bbox 1686 1564 1834 1636; x_wconf 88' lang='lat' dir='ltr'>spirituali</span> 
     </span>
    </p>
   </div>
   <div class='ocr_carea' id='block_1_7' title="bbox 101 1639 1835 1727">
    <p class='ocr_par' dir='ltr' id='par_1_9' title="bbox 101 1639 1835 1727">
     <span class='ocr_line' id='line_1_33' title="bbox 101 1639 1835 1727; baseline 0.006 -28"><span class='ocrx_word' id='word_1_214' title='bbox 101 1643 237 1716; x_wconf 85' lang='lat' dir='ltr'>poralem</span> <span class='ocrx_word' id='word_1_215' title='bbox 246 1641 435 1712; x_wconf 81' lang='lat' dir='ltr'>praesentiam</span> <span class='ocrx_word' id='word_1_216' title='bbox 444 1639 554 1694; x_wconf 84' lang='lat' dir='ltr'>Christi</span> <span class='ocrx_word' id='word_1_217' title='bbox 564 1641 686 1711; x_wconf 73' lang='lat' dir='ltr'>quaeris,</span> <span class='ocrx_word' id='word_1_218' title='bbox 696 1641 727 1694; x_wconf 93' lang='lat' dir='ltr'>in</span> <span class='ocrx_word' id='word_1_219' title='bbox 742 1641 938 1714; x_wconf 79' lang='lat' dir='ltr'>coeloqumre.</span> <span class='ocrx_word' id='word_1_220' title='bbox 955 1661 982 1724; x_wconf 80' lang='grc' dir='ltr'><strong>Β</strong></span> <span class='ocrx_word' id='word_1_221' title='bbox 998 1662 1057 1702; x_wconf 91' lang='lat' dir='ltr'>non</span> <span class='ocrx_word' id='word_1_222' title='bbox 1067 1647 1200 1717; x_wconf 88' lang='lat' dir='ltr'>prodest.</span> <span class='ocrx_word' id='word_1_223' title='bbox 1211 1648 1467 1707; x_wconf 89' lang='lat' dir='ltr'>UndeDominus:</span> <span class='ocrx_word' id='word_1_224' title='bbox 1482 1652 1622 1707; x_wconf 86' lang='lat' dir='ltr'>Caranon</span> <span class='ocrx_word' id='word_1_225' title='bbox 1627 1652 1753 1724; x_wconf 81' lang='lat' dir='ltr'>prodeat</span> <span class='ocrx_word' id='word_1_226' title='bbox 1764 1653 1835 1727; x_wconf 86' lang='lat' dir='ltr'>quid</span> 
     </span>
    </p>
   </div>
   <div class='ocr_carea' id='block_1_8' title="bbox 86 1728 941 2957">
    <p class='ocr_par' dir='ltr' id='par_1_10' title="bbox 86 1728 941 2957">
     <span class='ocr_line' id='line_1_34' title="bbox 103 1728 939 1803; baseline 0 -16"><span class='ocrx_word' id='word_1_227' title='bbox 103 1735 148 1789; x_wconf 92' lang='lat' dir='ltr'>lbi</span> <span class='ocrx_word' id='word_1_228' title='bbox 173 1746 274 1803; x_wconf 77' lang='lat' dir='ltr'>qaaere</span> <span class='ocrx_word' id='word_1_229' title='bbox 299 1731 349 1785; x_wconf 94' lang='lat' dir='ltr'>ubi</span> <span class='ocrx_word' id='word_1_230' title='bbox 364 1731 447 1800; x_wconf 90' lang='lat' dir='ltr'>prius</span> <span class='ocrx_word' id='word_1_231' title='bbox 467 1728 521 1784; x_wconf 85' lang='lat' dir='ltr'>luit</span> <span class='ocrx_word' id='word_1_232' title='bbox 540 1745 628 1800; x_wconf 86' lang='lat' dir='ltr'>quarn</span> <span class='ocrx_word' id='word_1_233' title='bbox 650 1744 703 1800; x_wconf 89' lang='lat' dir='ltr'>per</span> <span class='ocrx_word' id='word_1_234' title='bbox 721 1736 939 1787; x_wconf 89' lang='lat' dir='ltr'>sacramentum</span> 
     </span>
     <span class='ocr_line' id='line_1_35' title="bbox 102 1818 940 1890; baseline 0 -15"><span class='ocrx_word' id='word_1_235' title='bbox 102 1819 300 1890; x_wconf 86' lang='lat' dir='ltr'>corporaliter</span> <span class='ocrx_word' id='word_1_236' title='bbox 314 1823 489 1873; x_wconf 88' lang='lat' dir='ltr'>tecumessc</span> <span class='ocrx_word' id='word_1_237' title='bbox 504 1818 657 1887; x_wconf 88' lang='lat' dir='ltr'>inciperet,</span> <span class='ocrx_word' id='word_1_238' title='bbox 674 1822 703 1871; x_wconf 91' lang='lat' dir='ltr'>et</span> <span class='ocrx_word' id='word_1_239' title='bbox 714 1819 791 1873; x_wconf 92' lang='lat' dir='ltr'>unde</span> <span class='ocrx_word' id='word_1_240' title='bbox 806 1835 865 1875; x_wconf 92' lang='lat' dir='ltr'>non</span> <span class='ocrx_word' id='word_1_241' title='bbox 875 1821 940 1876; x_wconf 92' lang='lat' dir='ltr'>dis-</span> 
     </span>
     <span class='ocr_line' id='line_1_36' title="bbox 102 1906 939 1979; baseline 0.001 -15"><span class='ocrx_word' id='word_1_242' title='bbox 102 1911 197 1964; x_wconf 87' lang='lat' dir='ltr'>cessit</span> <span class='ocrx_word' id='word_1_243' title='bbox 208 1908 325 1979; x_wconf 91' lang='lat' dir='ltr'>quando</span> <span class='ocrx_word' id='word_1_244' title='bbox 335 1908 371 1960; x_wconf 93' lang='lat' dir='ltr'>ad</span> <span class='ocrx_word' id='word_1_245' title='bbox 382 1910 410 1961; x_wconf 90' lang='lat' dir='ltr'>tc</span> <span class='ocrx_word' id='word_1_246' title='bbox 422 1907 511 1962; x_wconf 89' lang='lat' dir='ltr'>venit.</span> <span class='ocrx_word' id='word_1_247' title='bbox 523 1906 622 1977; x_wconf 88' lang='lat' dir='ltr'>ltaque</span> <span class='ocrx_word' id='word_1_248' title='bbox 632 1906 939 1977; x_wconf 90' lang='lat' dir='ltr'>prudenterdiseerue</span> 
     </span>
     <span class='ocr_line' id='line_1_37' title="bbox 101 1995 937 2071; baseline -0.001 -18"><span class='ocrx_word' id='word_1_249' title='bbox 101 1998 176 2071; x_wconf 89' lang='lat' dir='ltr'>quid</span> <span class='ocrx_word' id='word_1_250' title='bbox 191 1998 220 2050; x_wconf 89' lang='lat' dir='ltr'>ia</span> <span class='ocrx_word' id='word_1_251' title='bbox 241 2000 427 2050; x_wconf 88' lang='lat' dir='ltr'>sacramento</span> <span class='ocrx_word' id='word_1_252' title='bbox 450 1995 552 2049; x_wconf 91' lang='lat' dir='ltr'>altaris</span> <span class='ocrx_word' id='word_1_253' title='bbox 575 1995 678 2049; x_wconf 89' lang='lat' dir='ltr'>sensui</span> <span class='ocrx_word' id='word_1_254' title='bbox 702 1995 868 2050; x_wconf 86' lang='lat' dir='ltr'>exhibitum</span> <span class='ocrx_word' id='word_1_255' title='bbox 889 1998 937 2068; x_wconf 91' lang='lat' dir='ltr'>sit,</span> 
     </span>
     <span class='ocr_line' id='line_1_38' title="bbox 102 2084 939 2160; baseline 0 -19"><span class='ocrx_word' id='word_1_256' title='bbox 102 2084 939 2160; x_wconf 86' lang='lat' dir='ltr'>quidspirituiaccommodatamlahocenimsacramen-</span> 
     </span>
     <span class='ocr_line' id='line_1_39' title="bbox 101 2172 940 2243; baseline -0.001 -13"><span class='ocrx_word' id='word_1_257' title='bbox 101 2180 132 2230; x_wconf 91' lang='lat' dir='ltr'>to</span> <span class='ocrx_word' id='word_1_258' title='bbox 140 2177 197 2230; x_wconf 92' lang='lat' dir='ltr'>tria</span> <span class='ocrx_word' id='word_1_259' title='bbox 207 2174 434 2229; x_wconf 89' lang='lat' dir='ltr'>considerantur</span> <span class='ocrx_word' id='word_1_260' title='bbox 445 2189 451 2229; x_wconf 92' lang='lat'>:</span> <span class='ocrx_word' id='word_1_261' title='bbox 466 2173 563 2226; x_wconf 75' lang='lat' dir='ltr'>Unum</span> <span class='ocrx_word' id='word_1_262' title='bbox 574 2172 652 2243; x_wconf 92' lang='lat' dir='ltr'>quod</span> <span class='ocrx_word' id='word_1_263' title='bbox 663 2177 709 2226; x_wconf 91' lang='lat' dir='ltr'>est</span> <span class='ocrx_word' id='word_1_264' title='bbox 719 2176 830 2228; x_wconf 90' lang='lat' dir='ltr'>tautum</span> <span class='ocrx_word' id='word_1_265' title='bbox 840 2189 940 2229; x_wconf 91' lang='lat' dir='ltr'>sacra·</span> 
     </span>
     <span class='ocr_line' id='line_1_40' title="bbox 101 2263 939 2333; baseline -0.001 -14"><span class='ocrx_word' id='word_1_266' title='bbox 101 2270 251 2333; x_wconf 80' lang='lat' dir='ltr'>mentam3</span> <span class='ocrx_word' id='word_1_267' title='bbox 267 2264 391 2318; x_wconf 87' lang='lat' dir='ltr'>alterum</span> <span class='ocrx_word' id='word_1_268' title='bbox 407 2263 485 2333; x_wconf 91' lang='lat' dir='ltr'>quod</span> <span class='ocrx_word' id='word_1_269' title='bbox 502 2265 548 2316; x_wconf 89' lang='lat' dir='ltr'>est</span> <span class='ocrx_word' id='word_1_270' title='bbox 559 2264 776 2316; x_wconf 88' lang='lat' dir='ltr'>sacramentum</span> <span class='ocrx_word' id='word_1_271' title='bbox 791 2266 877 2318; x_wconf 87' lang='lat' dir='ltr'>atres</span> <span class='ocrx_word' id='word_1_272' title='bbox 888 2280 939 2318; x_wconf 87' lang='lat' dir='ltr'>sa-</span> 
     </span>
     <span class='ocr_line' id='line_1_41' title="bbox 102 2352 940 2423; baseline -0.002 -14"><span class='ocrx_word' id='word_1_273' title='bbox 102 2352 263 2422; x_wconf 78' lang='lat' dir='ltr'>cramenti3</span> <span class='ocrx_word' id='word_1_274' title='bbox 279 2353 406 2423; x_wconf 90' lang='lat' dir='ltr'>tertiam,</span> <span class='ocrx_word' id='word_1_275' title='bbox 424 2352 503 2423; x_wconf 86' lang='lat' dir='ltr'>qaod</span> <span class='ocrx_word' id='word_1_276' title='bbox 518 2354 564 2405; x_wconf 88' lang='lat' dir='ltr'>est</span> <span class='ocrx_word' id='word_1_277' title='bbox 579 2366 629 2405; x_wconf 90' lang='lat' dir='ltr'>res</span> <span class='ocrx_word' id='word_1_278' title='bbox 644 2354 755 2405; x_wconf 68' lang='lat' dir='ltr'>matum</span> <span class='ocrx_word' id='word_1_279' title='bbox 770 2354 799 2407; x_wconf 92' lang='lat' dir='ltr'>et</span> <span class='ocrx_word' id='word_1_280' title='bbox 814 2367 873 2407; x_wconf 93' lang='lat' dir='ltr'>non</span> <span class='ocrx_word' id='word_1_281' title='bbox 889 2369 940 2407; x_wconf 90' lang='lat' dir='ltr'>sa-</span> 
     </span>
     <span class='ocr_line' id='line_1_42' title="bbox 103 2441 940 2513; baseline 0 -15"><span class='ocrx_word' id='word_1_282' title='bbox 103 2444 299 2498; x_wconf 81' lang='lat' dir='ltr'>cramentam.</span> <span class='ocrx_word' id='word_1_283' title='bbox 315 2441 537 2497; x_wconf 87' lang='lat' dir='ltr'>Sacramentum</span> <span class='ocrx_word' id='word_1_284' title='bbox 548 2444 659 2495; x_wconf 89' lang='lat' dir='ltr'>tentum</span> <span class='ocrx_word' id='word_1_285' title='bbox 668 2445 714 2495; x_wconf 90' lang='lat' dir='ltr'>est</span> <span class='ocrx_word' id='word_1_286' title='bbox 726 2441 854 2496; x_wconf 88' lang='lat' dir='ltr'>visibilis</span> <span class='ocrx_word' id='word_1_287' title='bbox 869 2458 940 2513; x_wconf 93' lang='lat' dir='ltr'>spe-</span> 
     </span>
     <span class='ocr_line' id='line_1_43' title="bbox 86 2512 940 2602; baseline -0.001 -14"><span class='ocrx_word' id='word_1_288' title='bbox 86 2512 90 2533; x_wconf 58' lang='lat'><em>¹</em></span> <span class='ocrx_word' id='word_1_289' title='bbox 103 2534 169 2588; x_wconf 90' lang='lat' dir='ltr'>cies</span> <span class='ocrx_word' id='word_1_290' title='bbox 185 2532 270 2602; x_wconf 90' lang='lat' dir='ltr'>panis</span> <span class='ocrx_word' id='word_1_291' title='bbox 291 2533 319 2585; x_wconf 90' lang='lat' dir='ltr'>et</span> <span class='ocrx_word' id='word_1_292' title='bbox 336 2531 408 2585; x_wconf 77' lang='lat' dir='ltr'>vini.</span> <span class='ocrx_word' id='word_1_293' title='bbox 424 2531 646 2585; x_wconf 84' lang='lat' dir='ltr'>Sacramentum</span> <span class='ocrx_word' id='word_1_294' title='bbox 661 2534 691 2584; x_wconf 87' lang='lat' dir='ltr'>et</span> <span class='ocrx_word' id='word_1_295' title='bbox 704 2544 754 2584; x_wconf 88' lang='lat' dir='ltr'>res</span> <span class='ocrx_word' id='word_1_296' title='bbox 770 2533 815 2585; x_wconf 91' lang='lat' dir='ltr'>est</span> <span class='ocrx_word' id='word_1_297' title='bbox 831 2546 940 2602; x_wconf 87' lang='lat' dir='ltr'>corpus</span> 
     </span>
     <span class='ocr_line' id='line_1_44' title="bbox 102 2618 941 2692; baseline -0.004 -15"><span class='ocrx_word' id='word_1_298' title='bbox 102 2622 216 2677; x_wconf 83' lang='lat' dir='ltr'>Christi</span> <span class='ocrx_word' id='word_1_299' title='bbox 231 2624 261 2675; x_wconf 90' lang='lat' dir='ltr'>et</span> <span class='ocrx_word' id='word_1_300' title='bbox 274 2636 410 2692; x_wconf 81' lang='lat' dir='ltr'>sanguis,</span> <span class='ocrx_word' id='word_1_301' title='bbox 423 2635 472 2674; x_wconf 90' lang='lat' dir='ltr'>res</span> <span class='ocrx_word' id='word_1_302' title='bbox 484 2622 624 2690; x_wconf 89' lang='lat' dir='ltr'>quantum</span> <span class='ocrx_word' id='word_1_303' title='bbox 635 2618 671 2672; x_wconf 89' lang='lat' dir='ltr'>ad</span> <span class='ocrx_word' id='word_1_304' title='bbox 683 2619 865 2688; x_wconf 88' lang='lat' dir='ltr'>specieseub</span> <span class='ocrx_word' id='word_1_305' title='bbox 876 2621 941 2691; x_wconf 88' lang='lat' dir='ltr'>qui·</span> 
     </span>
     <span class='ocr_line' id='line_1_45' title="bbox 101 2709 940 2781; baseline -0.002 -16"><span class='ocrx_word' id='word_1_306' title='bbox 101 2712 163 2765; x_wconf 88' lang='lat' dir='ltr'>bus</span> <span class='ocrx_word' id='word_1_307' title='bbox 186 2711 321 2764; x_wconf 89' lang='lat' dir='ltr'>sumitur.</span> <span class='ocrx_word' id='word_1_308' title='bbox 339 2711 560 2764; x_wconf 83' lang='lat' dir='ltr'>Sacramentum</span> <span class='ocrx_word' id='word_1_309' title='bbox 584 2711 630 2762; x_wconf 88' lang='lat' dir='ltr'>est</span> <span class='ocrx_word' id='word_1_310' title='bbox 654 2709 776 2762; x_wconf 88' lang='lat' dir='ltr'>atterius</span> <span class='ocrx_word' id='word_1_311' title='bbox 796 2709 849 2778; x_wconf 89' lang='lat' dir='ltr'>rei,</span> <span class='ocrx_word' id='word_1_312' title='bbox 871 2711 940 2781; x_wconf 88' lang='lat' dir='ltr'>qaia</span> 
     </span>
     <span class='ocr_line' id='line_1_46' title="bbox 103 2795 938 2872; baseline -0.002 -18"><span class='ocrx_word' id='word_1_313' title='bbox 103 2795 938 2872; x_wconf 77' lang='lat' dir='ltr'>signumestilliusgratiaeetvirtutisquaeibipercipitur,</span> 
     </span>
     <span class='ocr_line' id='line_1_47' title="bbox 102 2885 940 2957; baseline -0.002 -12"><span class='ocrx_word' id='word_1_314' title='bbox 102 2889 223 2945; x_wconf 86' lang='lat' dir='ltr'>scilicet</span> <span class='ocrx_word' id='word_1_315' title='bbox 242 2889 361 2943; x_wconf 90' lang='lat' dir='ltr'>unionis</span> <span class='ocrx_word' id='word_1_316' title='bbox 379 2890 408 2941; x_wconf 88' lang='lat' dir='ltr'>et</span> <span class='ocrx_word' id='word_1_317' title='bbox 422 2886 527 2957; x_wconf 87' lang='lat' dir='ltr'>capitis</span> <span class='ocrx_word' id='word_1_318' title='bbox 547 2890 576 2940; x_wconf 89' lang='lat' dir='ltr'>et</span> <span class='ocrx_word' id='word_1_319' title='bbox 593 2885 804 2941; x_wconf 87' lang='lat' dir='ltr'>membrorum.</span> <span class='ocrx_word' id='word_1_320' title='bbox 824 2886 860 2941; x_wconf 86' lang='lat' dir='ltr'>Et</span> <span class='ocrx_word' id='word_1_321' title='bbox 875 2887 940 2943; x_wconf 86' lang='lat' dir='ltr'>haec</span> 
     </span>
    </p>
   </div>
   <div class='ocr_carea' id='block_1_9' title="bbox 997 1737 1836 2964">
    <p class='ocr_par' dir='ltr' id='par_1_11' title="bbox 997 1737 1836 2964">
     <span class='ocr_line' id='line_1_48' title="bbox 998 1737 1835 1812; baseline 0.01 -23"><span class='ocrx_word' id='word_1_322' title='bbox 998 1752 1092 1808; x_wconf 82' lang='lat' dir='ltr'>qnam,</span> <span class='ocrx_word' id='word_1_323' title='bbox 1102 1737 1228 1806; x_wconf 87' lang='lat' dir='ltr'>spiritus</span> <span class='ocrx_word' id='word_1_324' title='bbox 1239 1744 1335 1793; x_wconf 87' lang='lat' dir='ltr'>autem</span> <span class='ocrx_word' id='word_1_325' title='bbox 1350 1739 1481 1794; x_wconf 76' lang='lat' dir='ltr'>ririhcat</span> <span class='ocrx_word' id='word_1_326' title='bbox 1492 1739 1587 1810; x_wconf 74' lang='lat' dir='ltr'>(dean.</span> <span class='ocrx_word' id='word_1_327' title='bbox 1599 1744 1650 1812; x_wconf 87' lang='lat' dir='ltr'>vr).</span> <span class='ocrx_word' id='word_1_328' title='bbox 1663 1743 1706 1796; x_wconf 80' lang='grc' dir='ltr'>Αο</span> <span class='ocrx_word' id='word_1_329' title='bbox 1716 1741 1744 1796; x_wconf 89' lang='lat' dir='ltr'>si</span> <span class='ocrx_word' id='word_1_330' title='bbox 1754 1741 1835 1797; x_wconf 86' lang='lat' dir='ltr'>dice·</span> 
     </span>
     <span class='ocr_line' id='line_1_49' title="bbox 997 1826 1835 1899; baseline 0.007 -20"><span class='ocrx_word' id='word_1_331' title='bbox 997 1828 1042 1879; x_wconf 89' lang='lat' dir='ltr'>ret</span> <span class='ocrx_word' id='word_1_332' title='bbox 1058 1840 1064 1878; x_wconf 92' lang='lat'>:</span> <span class='ocrx_word' id='word_1_333' title='bbox 1080 1826 1206 1879; x_wconf 81' lang='lat' dir='ltr'>Carnem</span> <span class='ocrx_word' id='word_1_334' title='bbox 1217 1840 1311 1880; x_wconf 87' lang='lat' dir='ltr'>meam</span> <span class='ocrx_word' id='word_1_335' title='bbox 1322 1842 1440 1882; x_wconf 89' lang='lat' dir='ltr'>sumere</span> <span class='ocrx_word' id='word_1_336' title='bbox 1456 1843 1515 1882; x_wconf 91' lang='lat' dir='ltr'>noa</span> <span class='ocrx_word' id='word_1_337' title='bbox 1530 1829 1653 1899; x_wconf 89' lang='lat' dir='ltr'>prodest</span> <span class='ocrx_word' id='word_1_338' title='bbox 1663 1829 1835 1885; x_wconf 83' lang='lat' dir='ltr'>nisieaara·</span> 
     </span>
     <span class='ocr_line' id='line_1_50' title="bbox 997 1908 1835 1990; baseline 0.01 -25"><span class='ocrx_word' id='word_1_339' title='bbox 997 1915 1045 1966; x_wconf 92' lang='lat' dir='ltr'>tur</span> <span class='ocrx_word' id='word_1_340' title='bbox 1059 1913 1089 1966; x_wconf 92' lang='lat' dir='ltr'>in</span> <span class='ocrx_word' id='word_1_341' title='bbox 1104 1914 1197 1984; x_wconf 85' lang='lat' dir='ltr'>gratia</span> <span class='ocrx_word' id='word_1_342' title='bbox 1212 1914 1368 1984; x_wconf 89' lang='lat' dir='ltr'>spirituali.</span> <span class='ocrx_word' id='word_1_343' title='bbox 1387 1915 1447 1970; x_wconf 91' lang='lat' dir='ltr'>lma</span> <span class='ocrx_word' id='word_1_344' title='bbox 1467 1917 1516 1988; x_wconf 81' lang='lat' dir='ltr'>qai</span> <span class='ocrx_word' id='word_1_345' title='bbox 1526 1916 1752 1990; x_wconf 74' lang='lat' dir='ltr'>saraitindiqne</span> <span class='ocrx_word' id='word_1_346' title='bbox 1762 1908 1835 1973; x_wconf 79' lang='lat' dir='ltr'>reus</span> 
     </span>
     <span class='ocr_line' id='line_1_51' title="bbox 999 2002 1833 2077; baseline 0.008 -23"><span class='ocrx_word' id='word_1_347' title='bbox 999 2006 1044 2054; x_wconf 85' lang='lat' dir='ltr'>est</span> <span class='ocrx_word' id='word_1_348' title='bbox 1055 2002 1190 2073; x_wconf 88' lang='lat' dir='ltr'>corporis</span> <span class='ocrx_word' id='word_1_349' title='bbox 1198 2003 1391 2075; x_wconf 69' lang='lat' dir='ltr'>etsanqaiais</span> <span class='ocrx_word' id='word_1_350' title='bbox 1396 2004 1516 2060; x_wconf 89' lang='lat' dir='ltr'>Domini</span> <span class='ocrx_word' id='word_1_351' title='bbox 1521 2005 1544 2075; x_wconf 85' lang='lat' dir='ltr'>(l</span> <span class='ocrx_word' id='word_1_352' title='bbox 1554 2004 1621 2059; x_wconf 86' lang='lat' dir='ltr'>Cor.</span> <span class='ocrx_word' id='word_1_353' title='bbox 1630 2005 1833 2077; x_wconf 83' lang='lat' dir='ltr'>xi).Spiritalis</span> 
     </span>
     <span class='ocr_line' id='line_1_52' title="bbox 998 2090 1835 2165; baseline 0.01 -23"><span class='ocrx_word' id='word_1_354' title='bbox 998 2093 1095 2144; x_wconf 90' lang='lat' dir='ltr'>autem</span> <span class='ocrx_word' id='word_1_355' title='bbox 1104 2090 1242 2161; x_wconf 88' lang='lat' dir='ltr'>sumptio,</span> <span class='ocrx_word' id='word_1_356' title='bbox 1252 2106 1320 2161; x_wconf 83' lang='lat' dir='ltr'>qaae</span> <span class='ocrx_word' id='word_1_357' title='bbox 1331 2107 1402 2147; x_wconf 87' lang='lat' dir='ltr'>vera</span> <span class='ocrx_word' id='word_1_358' title='bbox 1411 2091 1468 2147; x_wconf 90' lang='lat' dir='ltr'>llde</span> <span class='ocrx_word' id='word_1_359' title='bbox 1476 2093 1648 2165; x_wconf 88' lang='lat' dir='ltr'>percipitur,</span> <span class='ocrx_word' id='word_1_360' title='bbox 1656 2092 1721 2149; x_wconf 87' lang='lat' dir='ltr'>siae</span> <span class='ocrx_word' id='word_1_361' title='bbox 1733 2108 1835 2150; x_wconf 72' lang='lat' dir='ltr'>mora·</span> 
     </span>
     <span class='ocr_line' id='line_1_53' title="bbox 998 2178 1831 2254; baseline 0.01 -23"><span class='ocrx_word' id='word_1_362' title='bbox 998 2178 1126 2247; x_wconf 89' lang='lat' dir='ltr'>mentali,</span> <span class='ocrx_word' id='word_1_363' title='bbox 1140 2178 1189 2233; x_wconf 93' lang='lat' dir='ltr'>ubi</span> <span class='ocrx_word' id='word_1_364' title='bbox 1205 2195 1264 2234; x_wconf 93' lang='lat' dir='ltr'>aon</span> <span class='ocrx_word' id='word_1_365' title='bbox 1275 2183 1321 2235; x_wconf 90' lang='lat' dir='ltr'>est</span> <span class='ocrx_word' id='word_1_366' title='bbox 1332 2183 1519 2252; x_wconf 88' lang='lat' dir='ltr'>contemptas</span> <span class='ocrx_word' id='word_1_367' title='bbox 1533 2182 1831 2254; x_wconf 83' lang='lat' dir='ltr'>religionis,sntlleit.</span> 
     </span>
     <span class='ocr_line' id='line_1_54' title="bbox 998 2267 1835 2342; baseline 0.008 -22"><span class='ocrx_word' id='word_1_368' title='bbox 998 2267 1053 2332; x_wconf 83' lang='lat' dir='ltr'>Qui</span> <span class='ocrx_word' id='word_1_369' title='bbox 1068 2283 1141 2340; x_wconf 88' lang='lat' dir='ltr'>ergo</span> <span class='ocrx_word' id='word_1_370' title='bbox 1157 2269 1313 2323; x_wconf 84' lang='lat' dir='ltr'>manducat</span> <span class='ocrx_word' id='word_1_371' title='bbox 1327 2270 1437 2342; x_wconf 88' lang='lat' dir='ltr'>digne,</span> <span class='ocrx_word' id='word_1_372' title='bbox 1463 2270 1552 2326; x_wconf 90' lang='lat' dir='ltr'>habet</span> <span class='ocrx_word' id='word_1_373' title='bbox 1572 2274 1789 2327; x_wconf 89' lang='lat' dir='ltr'>sacramentum</span> <span class='ocrx_word' id='word_1_374' title='bbox 1805 2275 1835 2327; x_wconf 89' lang='lat' dir='ltr'>et</span> 
     </span>
     <span class='ocr_line' id='line_1_55' title="bbox 998 2356 1835 2432; baseline 0.006 -21"><span class='ocrx_word' id='word_1_375' title='bbox 998 2373 1062 2411; x_wconf 81' lang='lat' dir='ltr'>rem</span> <span class='ocrx_word' id='word_1_376' title='bbox 1076 2357 1266 2412; x_wconf 88' lang='lat' dir='ltr'>sacramenti.</span> <span class='ocrx_word' id='word_1_377' title='bbox 1278 2356 1334 2424; x_wconf 87' lang='lat' dir='ltr'>Qui</span> <span class='ocrx_word' id='word_1_378' title='bbox 1345 2359 1439 2414; x_wconf 90' lang='lat' dir='ltr'>credit</span> <span class='ocrx_word' id='word_1_379' title='bbox 1449 2363 1478 2415; x_wconf 91' lang='lat' dir='ltr'>et</span> <span class='ocrx_word' id='word_1_380' title='bbox 1488 2359 1593 2432; x_wconf 77' lang='lat' dir='ltr'>diligit,</span> <span class='ocrx_word' id='word_1_381' title='bbox 1606 2360 1663 2415; x_wconf 86' lang='lat' dir='ltr'>etsi</span> <span class='ocrx_word' id='word_1_382' title='bbox 1673 2360 1835 2416; x_wconf 87' lang='lat' dir='ltr'>manduca·</span> 
     </span>
     <span class='ocr_line' id='line_1_56' title="bbox 998 2444 1835 2520; baseline 0.007 -21"><span class='ocrx_word' id='word_1_383' title='bbox 998 2461 1030 2500; x_wconf 91' lang='lat' dir='ltr'>re</span> <span class='ocrx_word' id='word_1_384' title='bbox 1047 2444 1103 2500; x_wconf 91' lang='lat' dir='ltr'>sub</span> <span class='ocrx_word' id='word_1_385' title='bbox 1120 2449 1306 2501; x_wconf 89' lang='lat' dir='ltr'>sacramento</span> <span class='ocrx_word' id='word_1_386' title='bbox 1328 2463 1388 2503; x_wconf 93' lang='lat' dir='ltr'>aou</span> <span class='ocrx_word' id='word_1_387' title='bbox 1404 2448 1512 2520; x_wconf 88' lang='lat' dir='ltr'>possit,</span> <span class='ocrx_word' id='word_1_388' title='bbox 1533 2464 1597 2504; x_wconf 90' lang='lat' dir='ltr'>rem</span> <span class='ocrx_word' id='word_1_389' title='bbox 1612 2453 1711 2505; x_wconf 65' lang='lat' dir='ltr'>umen</span> <span class='ocrx_word' id='word_1_390' title='bbox 1731 2464 1835 2505; x_wconf 86' lang='lat' dir='ltr'>sacra·</span> 
     </span>
     <span class='ocr_line' id='line_1_57' title="bbox 998 2534 1836 2608; baseline 0.008 -20"><span class='ocrx_word' id='word_1_391' title='bbox 998 2535 1089 2589; x_wconf 87' lang='lat' dir='ltr'>menti</span> <span class='ocrx_word' id='word_1_392' title='bbox 1105 2534 1203 2605; x_wconf 91' lang='lat' dir='ltr'>habet,</span> <span class='ocrx_word' id='word_1_393' title='bbox 1220 2538 1248 2590; x_wconf 90' lang='lat' dir='ltr'>et</span> <span class='ocrx_word' id='word_1_394' title='bbox 1264 2535 1458 2606; x_wconf 90' lang='lat' dir='ltr'>spiritualiter</span> <span class='ocrx_word' id='word_1_395' title='bbox 1472 2538 1638 2608; x_wconf 87' lang='lat' dir='ltr'>manducat,</span> <span class='ocrx_word' id='word_1_396' title='bbox 1651 2539 1836 2595; x_wconf 88' lang='lat' dir='ltr'>etveraciter</span> 
     </span>
     <span class='ocr_line' id='line_1_58' title="bbox 998 2622 1836 2699; baseline 0.005 -20"><span class='ocrx_word' id='word_1_397' title='bbox 998 2622 1117 2679; x_wconf 88' lang='lat' dir='ltr'>Christo</span> <span class='ocrx_word' id='word_1_398' title='bbox 1128 2624 1344 2693; x_wconf 90' lang='lat' dir='ltr'>incorporatur.</span> <span class='ocrx_word' id='word_1_399' title='bbox 1356 2626 1406 2680; x_wconf 89' lang='lat' dir='ltr'>Sic</span> <span class='ocrx_word' id='word_1_400' title='bbox 1414 2625 1512 2698; x_wconf 85' lang='lat' dir='ltr'>itaque</span> <span class='ocrx_word' id='word_1_401' title='bbox 1522 2627 1641 2699; x_wconf 89' lang='lat' dir='ltr'>quidam</span> <span class='ocrx_word' id='word_1_402' title='bbox 1653 2628 1836 2683; x_wconf 87' lang='lat' dir='ltr'>manducan·</span> 
     </span>
     <span class='ocr_line' id='line_1_59' title="bbox 998 2712 1835 2786; baseline 0.007 -19"><span class='ocrx_word' id='word_1_403' title='bbox 998 2716 1044 2768; x_wconf 91' lang='lat' dir='ltr'>tes</span> <span class='ocrx_word' id='word_1_404' title='bbox 1063 2727 1122 2767; x_wconf 92' lang='lat' dir='ltr'>aon</span> <span class='ocrx_word' id='word_1_405' title='bbox 1145 2712 1339 2784; x_wconf 90' lang='lat' dir='ltr'>manducant,</span> <span class='ocrx_word' id='word_1_406' title='bbox 1363 2717 1392 2768; x_wconf 91' lang='lat' dir='ltr'>et</span> <span class='ocrx_word' id='word_1_407' title='bbox 1413 2714 1533 2786; x_wconf 88' lang='lat' dir='ltr'>quidam</span> <span class='ocrx_word' id='word_1_408' title='bbox 1547 2731 1607 2770; x_wconf 93' lang='lat' dir='ltr'>noa</span> <span class='ocrx_word' id='word_1_409' title='bbox 1622 2717 1835 2773; x_wconf 80' lang='lat' dir='ltr'>manducantes</span> 
     </span>
     <span class='ocr_line' id='line_1_60' title="bbox 999 2800 1835 2877; baseline 0.008 -22"><span class='ocrx_word' id='word_1_410' title='bbox 999 2801 1185 2857; x_wconf 86' lang='lat' dir='ltr'>manducant.</span> <span class='ocrx_word' id='word_1_411' title='bbox 1213 2800 1338 2867; x_wconf 90' lang='lat' dir='ltr'>Quidam</span> <span class='ocrx_word' id='word_1_412' title='bbox 1367 2803 1445 2858; x_wconf 89' lang='lat' dir='ltr'>enim</span> <span class='ocrx_word' id='word_1_413' title='bbox 1471 2803 1593 2877; x_wconf 90' lang='lat' dir='ltr'>indigae</span> <span class='ocrx_word' id='word_1_414' title='bbox 1622 2806 1835 2863; x_wconf 82' lang='lat' dir='ltr'>manducantes</span> 
     </span>
     <span class='ocr_line' id='line_1_61' title="bbox 999 2890 1833 2964; baseline 0.006 -20"><span class='ocrx_word' id='word_1_415' title='bbox 999 2906 1109 2961; x_wconf 87' lang='lat' dir='ltr'>corpus</span> <span class='ocrx_word' id='word_1_416' title='bbox 1124 2890 1241 2945; x_wconf 92' lang='lat' dir='ltr'>Domini</span> <span class='ocrx_word' id='word_1_417' title='bbox 1258 2906 1318 2945; x_wconf 92' lang='lat' dir='ltr'>aon</span> <span class='ocrx_word' id='word_1_418' title='bbox 1331 2891 1499 2962; x_wconf 90' lang='lat' dir='ltr'>percipiunt</span> <span class='ocrx_word' id='word_1_419' title='bbox 1514 2893 1639 2964; x_wconf 88' lang='lat' dir='ltr'>gratiam</span> <span class='ocrx_word' id='word_1_420' title='bbox 1659 2893 1833 2963; x_wconf 81' lang='lat' dir='ltr'>spiritalem.</span> 
     </span>
    </p>
   </div>
   <div class='ocr_carea' id='block_1_10' title="bbox 101 2972 1835 3052">
    <p class='ocr_par' dir='ltr' id='par_1_12' title="bbox 101 2972 1835 3052">
     <span class='ocr_line' id='line_1_62' title="bbox 101 2972 1835 3052; baseline 0.002 -19"><span class='ocrx_word' id='word_1_421' title='bbox 101 2977 176 3034; x_wconf 92' lang='lat' dir='ltr'>unio</span> <span class='ocrx_word' id='word_1_422' title='bbox 200 2994 250 3032; x_wconf 89' lang='lat' dir='ltr'>res</span> <span class='ocrx_word' id='word_1_423' title='bbox 274 2982 303 3032; x_wconf 89' lang='lat' dir='ltr'>et</span> <span class='ocrx_word' id='word_1_424' title='bbox 323 2992 381 3030; x_wconf 91' lang='lat' dir='ltr'>aon</span> <span class='ocrx_word' id='word_1_425' title='bbox 408 2978 635 3044; x_wconf 90' lang='lat' dir='ltr'>sacramentum,</span> <span class='ocrx_word' id='word_1_426' title='bbox 657 2975 711 3030; x_wconf 82' lang='lat' dir='ltr'>sed</span> <span class='ocrx_word' id='word_1_427' title='bbox 726 2974 820 3031; x_wconf 86' lang='lat' dir='ltr'>virtus</span> <span class='ocrx_word' id='word_1_428' title='bbox 835 2991 939 3032; x_wconf 90' lang='lat' dir='ltr'>sacra·</span> <span class='ocrx_word' id='word_1_429' title='bbox 956 2972 983 3036; x_wconf 85' lang='lat' dir='ltr'>C</span> <span class='ocrx_word' id='word_1_430' title='bbox 998 2979 1123 3052; x_wconf 88' lang='lat' dir='ltr'>indigne</span> <span class='ocrx_word' id='word_1_431' title='bbox 1137 2978 1294 3034; x_wconf 90' lang='lat' dir='ltr'>manducat</span> <span class='ocrx_word' id='word_1_432' title='bbox 1309 2980 1359 3051; x_wconf 90' lang='lat' dir='ltr'>qni</span> <span class='ocrx_word' id='word_1_433' title='bbox 1375 2979 1405 3034; x_wconf 93' lang='lat' dir='ltr'>in</span> <span class='ocrx_word' id='word_1_434' title='bbox 1420 2980 1542 3037; x_wconf 89' lang='lat' dir='ltr'>crimine</span> <span class='ocrx_word' id='word_1_435' title='bbox 1554 2984 1651 3036; x_wconf 89' lang='lat' dir='ltr'>maaet</span> <span class='ocrx_word' id='word_1_436' title='bbox 1661 2981 1708 3036; x_wconf 86' lang='lat' dir='ltr'>rel</span> <span class='ocrx_word' id='word_1_437' title='bbox 1722 2981 1835 3036; x_wconf 81' lang='lat' dir='ltr'>irreve-</span> 
     </span>
    </p>
   </div>
   <div class='ocr_carea' id='block_1_11' title="bbox 100 3063 941 3763">
    <p class='ocr_par' dir='ltr' id='par_1_13' title="bbox 100 3063 941 3763">
     <span class='ocr_line' id='line_1_63' title="bbox 101 3063 940 3132; baseline -0.002 -9"><span class='ocrx_word' id='word_1_438' title='bbox 101 3068 206 3132; x_wconf 85' lang='lat' dir='ltr'>meati‚</span> <span class='ocrx_word' id='word_1_439' title='bbox 224 3067 301 3122; x_wconf 85' lang='lat' dir='ltr'>Ecce</span> <span class='ocrx_word' id='word_1_440' title='bbox 317 3066 371 3120; x_wconf 90' lang='lat' dir='ltr'>tria</span> <span class='ocrx_word' id='word_1_441' title='bbox 386 3065 653 3120; x_wconf 87' lang='lat' dir='ltr'>consideravimus.</span> <span class='ocrx_word' id='word_1_442' title='bbox 672 3063 803 3118; x_wconf 89' lang='lat' dir='ltr'>Primum</span> <span class='ocrx_word' id='word_1_443' title='bbox 827 3069 873 3119; x_wconf 89' lang='lat' dir='ltr'>est</span> <span class='ocrx_word' id='word_1_444' title='bbox 892 3082 940 3121; x_wconf 90' lang='lat' dir='ltr'>se·</span> 
     </span>
     <span class='ocr_line' id='line_1_64' title="bbox 101 3154 937 3228; baseline -0.001 -17"><span class='ocrx_word' id='word_1_445' title='bbox 101 3157 196 3212; x_wconf 85' lang='lat' dir='ltr'>cundi</span> <span class='ocrx_word' id='word_1_446' title='bbox 215 3157 351 3228; x_wconf 66' lang='lat' dir='ltr'>siguum,</span> <span class='ocrx_word' id='word_1_447' title='bbox 375 3154 550 3224; x_wconf 89' lang='lat' dir='ltr'>secundum,</span> <span class='ocrx_word' id='word_1_448' title='bbox 576 3169 668 3208; x_wconf 90' lang='lat' dir='ltr'>causa</span> <span class='ocrx_word' id='word_1_449' title='bbox 688 3154 781 3224; x_wconf 72' lang='lat' dir='ltr'>tertii,</span> <span class='ocrx_word' id='word_1_450' title='bbox 810 3154 937 3225; x_wconf 89' lang='lat' dir='ltr'>tertium,</span> 
     </span>
     <span class='ocr_line' id='line_1_65' title="bbox 100 3242 940 3316; baseline -0.002 -15"><span class='ocrx_word' id='word_1_451' title='bbox 100 3248 200 3301; x_wconf 79' lang='lat' dir='ltr'>virtus</span> <span class='ocrx_word' id='word_1_452' title='bbox 216 3246 339 3300; x_wconf 89' lang='lat' dir='ltr'>secundi</span> <span class='ocrx_word' id='word_1_453' title='bbox 351 3247 380 3299; x_wconf 94' lang='lat' dir='ltr'>et</span> <span class='ocrx_word' id='word_1_454' title='bbox 397 3245 507 3298; x_wconf 89' lang='lat' dir='ltr'>veritas</span> <span class='ocrx_word' id='word_1_455' title='bbox 518 3243 615 3314; x_wconf 89' lang='lat' dir='ltr'>primi.</span> <span class='ocrx_word' id='word_1_456' title='bbox 629 3242 715 3297; x_wconf 82' lang='lat' dir='ltr'>Aliud</span> <span class='ocrx_word' id='word_1_457' title='bbox 731 3258 804 3316; x_wconf 86' lang='lat' dir='ltr'>ergo</span> <span class='ocrx_word' id='word_1_458' title='bbox 815 3247 862 3299; x_wconf 89' lang='lat' dir='ltr'>est</span> <span class='ocrx_word' id='word_1_459' title='bbox 872 3260 940 3316; x_wconf 84' lang='lat' dir='ltr'>epe·</span> 
     </span>
     <span class='ocr_line' id='line_1_66' title="bbox 101 3331 941 3406; baseline -0.002 -15"><span class='ocrx_word' id='word_1_460' title='bbox 101 3337 168 3392; x_wconf 84' lang='lat' dir='ltr'>cies</span> <span class='ocrx_word' id='word_1_461' title='bbox 179 3351 246 3406; x_wconf 80' lang='lat' dir='ltr'>qaae</span> <span class='ocrx_word' id='word_1_462' title='bbox 259 3333 387 3389; x_wconf 86' lang='lat' dir='ltr'>visibilis</span> <span class='ocrx_word' id='word_1_463' title='bbox 399 3333 539 3388; x_wconf 89' lang='lat' dir='ltr'>cernitur:</span> <span class='ocrx_word' id='word_1_464' title='bbox 551 3331 631 3386; x_wconf 91' lang='lat' dir='ltr'>uliud</span> <span class='ocrx_word' id='word_1_465' title='bbox 640 3332 750 3386; x_wconf 85' lang='lat' dir='ltr'>veritas</span> <span class='ocrx_word' id='word_1_466' title='bbox 764 3334 900 3403; x_wconf 89' lang='lat' dir='ltr'>corporis</span> <span class='ocrx_word' id='word_1_467' title='bbox 911 3338 941 3389; x_wconf 92' lang='lat' dir='ltr'>at</span> 
     </span>
     <span class='ocr_line' id='line_1_67' title="bbox 101 3422 940 3496; baseline -0.001 -17"><span class='ocrx_word' id='word_1_468' title='bbox 101 3426 263 3496; x_wconf 86' lang='lat' dir='ltr'>sanguinis</span> <span class='ocrx_word' id='word_1_469' title='bbox 275 3439 342 3495; x_wconf 84' lang='lat' dir='ltr'>quoe</span> <span class='ocrx_word' id='word_1_470' title='bbox 354 3423 544 3477; x_wconf 89' lang='lat' dir='ltr'>invisibiliter</span> <span class='ocrx_word' id='word_1_471' title='bbox 552 3422 692 3492; x_wconf 82' lang='lat' dir='ltr'>creditur3</span> <span class='ocrx_word' id='word_1_472' title='bbox 703 3422 783 3476; x_wconf 91' lang='lat' dir='ltr'>aliud</span> <span class='ocrx_word' id='word_1_473' title='bbox 796 3422 940 3492; x_wconf 88' lang='lat' dir='ltr'>spiritalis</span> 
     </span>
     <span class='ocr_line' id='line_1_68' title="bbox 102 3511 941 3587; baseline 0 -19"><span class='ocrx_word' id='word_1_474' title='bbox 102 3518 210 3587; x_wconf 88' lang='lat' dir='ltr'>gratia,</span> <span class='ocrx_word' id='word_1_475' title='bbox 223 3529 290 3584; x_wconf 80' lang='lat' dir='ltr'>quac</span> <span class='ocrx_word' id='word_1_476' title='bbox 301 3529 368 3567; x_wconf 91' lang='lat' dir='ltr'>cum</span> <span class='ocrx_word' id='word_1_477' title='bbox 379 3527 503 3583; x_wconf 88' lang='lat' dir='ltr'>corpore</span> <span class='ocrx_word' id='word_1_478' title='bbox 515 3515 544 3565; x_wconf 90' lang='lat' dir='ltr'>et</span> <span class='ocrx_word' id='word_1_479' title='bbox 555 3512 701 3583; x_wconf 86' lang='lat' dir='ltr'>sanguine</span> <span class='ocrx_word' id='word_1_480' title='bbox 713 3511 902 3567; x_wconf 87' lang='lat' dir='ltr'>invisibiliter</span> <span class='ocrx_word' id='word_1_481' title='bbox 912 3516 941 3568; x_wconf 90' lang='lat' dir='ltr'>et</span> 
     </span>
     <span class='ocr_line' id='line_1_69' title="bbox 102 3600 940 3674; baseline -0.001 -17"><span class='ocrx_word' id='word_1_482' title='bbox 102 3603 278 3674; x_wconf 86' lang='lat' dir='ltr'>spiritaliter</span> <span class='ocrx_word' id='word_1_483' title='bbox 289 3603 461 3673; x_wconf 89' lang='lat' dir='ltr'>percipitur.</span> <span class='ocrx_word' id='word_1_484' title='bbox 480 3601 615 3656; x_wconf 74' lang='lat' dir='ltr'>visibilis</span> <span class='ocrx_word' id='word_1_485' title='bbox 631 3600 749 3671; x_wconf 87' lang='lat' dir='ltr'>species</span> <span class='ocrx_word' id='word_1_486' title='bbox 769 3616 940 3656; x_wconf 86' lang='lat' dir='ltr'>sacramen·</span> 
     </span>
     <span class='ocr_line' id='line_1_70' title="bbox 105 3691 941 3763; baseline 0.001 -15"><span class='ocrx_word' id='word_1_487' title='bbox 105 3700 170 3748; x_wconf 89' lang='lat' dir='ltr'>tum</span> <span class='ocrx_word' id='word_1_488' title='bbox 179 3698 224 3747; x_wconf 87' lang='lat' dir='ltr'>est</span> <span class='ocrx_word' id='word_1_489' title='bbox 235 3692 405 3762; x_wconf 76' lang='lat' dir='ltr'>cor-poriset</span> <span class='ocrx_word' id='word_1_490' title='bbox 413 3691 571 3763; x_wconf 88' lang='lat' dir='ltr'>sanguinis</span> <span class='ocrx_word' id='word_1_491' title='bbox 580 3691 695 3745; x_wconf 88' lang='lat' dir='ltr'>Domini</span> <span class='ocrx_word' id='word_1_492' title='bbox 706 3706 714 3760; x_wconf 77' lang='lat'>3</span> <span class='ocrx_word' id='word_1_493' title='bbox 726 3707 835 3763; x_wconf 88' lang='lat' dir='ltr'>corpus</span> <span class='ocrx_word' id='word_1_494' title='bbox 843 3695 941 3749; x_wconf 91' lang='lat' dir='ltr'>autern</span> 
     </span>
    </p>
   </div>
   <div class='ocr_carea' id='block_1_12' title="bbox 997 3062 1878 3764">
    <p class='ocr_par' dir='ltr' id='par_1_14' title="bbox 997 3062 1878 3764">
     <span class='ocr_line' id='line_1_71' title="bbox 997 3062 1834 3141; baseline 0.004 -19"><span class='ocrx_word' id='word_1_495' title='bbox 997 3073 1097 3123; x_wconf 88' lang='lat' dir='ltr'>rentur</span> <span class='ocrx_word' id='word_1_496' title='bbox 1105 3069 1195 3123; x_wconf 87' lang='lat' dir='ltr'>sumit</span> <span class='ocrx_word' id='word_1_497' title='bbox 1205 3083 1265 3123; x_wconf 91' lang='lat' dir='ltr'>aon</span> <span class='ocrx_word' id='word_1_498' title='bbox 1275 3068 1444 3140; x_wconf 82' lang='lat' dir='ltr'>dijudicans</span> <span class='ocrx_word' id='word_1_499' title='bbox 1456 3084 1566 3141; x_wconf 90' lang='lat' dir='ltr'>corpas</span> <span class='ocrx_word' id='word_1_500' title='bbox 1575 3062 1834 3136; x_wconf 88' lang='lat' dir='ltr'>Domini.Quidam</span> 
     </span>
     <span class='ocr_line' id='line_1_72' title="bbox 998 3156 1878 3233; baseline 0.005 -22"><span class='ocrx_word' id='word_1_501' title='bbox 998 3160 1096 3213; x_wconf 88' lang='lat' dir='ltr'>autem</span> <span class='ocrx_word' id='word_1_502' title='bbox 1109 3156 1178 3212; x_wconf 89' lang='lat' dir='ltr'>licet</span> <span class='ocrx_word' id='word_1_503' title='bbox 1192 3157 1385 3229; x_wconf 86' lang='lat' dir='ltr'>corporaliter</span> <span class='ocrx_word' id='word_1_504' title='bbox 1399 3173 1518 3213; x_wconf 85' lang='lat' dir='ltr'>sumere</span> <span class='ocrx_word' id='word_1_505' title='bbox 1534 3175 1593 3215; x_wconf 94' lang='lat' dir='ltr'>aon</span> <span class='ocrx_word' id='word_1_506' title='bbox 1608 3159 1727 3231; x_wconf 87' lang='lat' dir='ltr'>possint</span> <span class='ocrx_word' id='word_1_507' title='bbox 1735 3161 1834 3215; x_wconf 82' lang='lat' dir='ltr'>tamen</span> <span class='ocrx_word' id='word_1_508' title='bbox 1873 3228 1878 3233; x_wconf 84' lang='lat'>.</span> 
     </span>
     <span class='ocr_line' id='line_1_73' title="bbox 998 3245 1833 3320; baseline 0.004 -20"><span class='ocrx_word' id='word_1_509' title='bbox 998 3245 1190 3316; x_wconf 91' lang='lat' dir='ltr'>spiritualiter</span> <span class='ocrx_word' id='word_1_510' title='bbox 1205 3247 1381 3302; x_wconf 89' lang='lat' dir='ltr'>manducant</span> <span class='ocrx_word' id='word_1_511' title='bbox 1396 3246 1560 3317; x_wconf 85' lang='lat' dir='ltr'>spiritalem</span> <span class='ocrx_word' id='word_1_512' title='bbox 1576 3263 1696 3304; x_wconf 84' lang='lat' dir='ltr'>caraem</span> <span class='ocrx_word' id='word_1_513' title='bbox 1711 3247 1833 3320; x_wconf 84' lang='lat' dir='ltr'>Christi,</span> 
     </span>
     <span class='ocr_line' id='line_1_74' title="bbox 999 3335 1834 3410; baseline 0.004 -20"><span class='ocrx_word' id='word_1_514' title='bbox 999 3336 1056 3391; x_wconf 90' lang='lat' dir='ltr'>hoc</span> <span class='ocrx_word' id='word_1_515' title='bbox 1066 3335 1502 3407; x_wconf 83' lang='lat' dir='ltr'>esteillcieutiamsacramenti,</span> <span class='ocrx_word' id='word_1_516' title='bbox 1510 3337 1576 3393; x_wconf 91' lang='lat' dir='ltr'>siae</span> <span class='ocrx_word' id='word_1_517' title='bbox 1587 3353 1644 3410; x_wconf 87' lang='lat' dir='ltr'>qua</span> <span class='ocrx_word' id='word_1_518' title='bbox 1654 3352 1715 3393; x_wconf 90' lang='lat' dir='ltr'>aon</span> <span class='ocrx_word' id='word_1_519' title='bbox 1722 3335 1834 3393; x_wconf 84' lang='lat' dir='ltr'>estrita</span> 
     </span>
     <span class='ocr_line' id='line_1_75' title="bbox 999 3423 1835 3495; baseline 0.002 -16"><span class='ocrx_word' id='word_1_520' title='bbox 999 3423 1172 3495; x_wconf 90' lang='lat' dir='ltr'>spiritualis.</span> <span class='ocrx_word' id='word_1_521' title='bbox 1186 3424 1270 3480; x_wconf 91' lang='lat' dir='ltr'>Unde</span> <span class='ocrx_word' id='word_1_522' title='bbox 1282 3425 1425 3481; x_wconf 90' lang='lat' dir='ltr'>Dominus</span> <span class='ocrx_word' id='word_1_523' title='bbox 1437 3426 1602 3482; x_wconf 77' lang='lat' dir='ltr'>dioittNisi</span> <span class='ocrx_word' id='word_1_524' title='bbox 1611 3425 1835 3483; x_wconf 74' lang='lat' dir='ltr'>manducaveri·</span> 
     </span>
     <span class='ocr_line' id='line_1_76' title="bbox 1000 3511 1833 3588; baseline 0.005 -22"><span class='ocrx_word' id='word_1_525' title='bbox 1000 3511 1833 3588; x_wconf 74' lang='lat' dir='ltr'>tiscarnemFiliihoarinisetbiheritisejussanquiuem,</span> 
     </span>
     <span class='ocr_line' id='line_1_77' title="bbox 1000 3601 1834 3677; baseline 0.001 -19"><span class='ocrx_word' id='word_1_526' title='bbox 1000 3601 1216 3658; x_wconf 80' lang='lat' dir='ltr'>nonhabebitis</span> <span class='ocrx_word' id='word_1_527' title='bbox 1229 3606 1318 3657; x_wconf 82' lang='lat' dir='ltr'>vitam</span> <span class='ocrx_word' id='word_1_528' title='bbox 1327 3603 1358 3657; x_wconf 86' lang='lat' dir='ltr'>in</span> <span class='ocrx_word' id='word_1_529' title='bbox 1369 3603 1554 3674; x_wconf 57' lang='lat' dir='ltr'>vohisfflaan.</span> <span class='ocrx_word' id='word_1_530' title='bbox 1565 3603 1733 3676; x_wconf 85' lang='lat' dir='ltr'>vr).Corpus</span> <span class='ocrx_word' id='word_1_531' title='bbox 1742 3603 1834 3677; x_wconf 83' lang='lat' dir='ltr'>igitur</span> 
     </span>
     <span class='ocr_line' id='line_1_78' title="bbox 1000 3690 1832 3764; baseline 0.004 -18"><span class='ocrx_word' id='word_1_532' title='bbox 1000 3690 1115 3747; x_wconf 92' lang='lat' dir='ltr'>Domini</span> <span class='ocrx_word' id='word_1_533' title='bbox 1140 3691 1207 3745; x_wconf 91' lang='lat' dir='ltr'>aliis</span> <span class='ocrx_word' id='word_1_534' title='bbox 1227 3693 1274 3746; x_wconf 89' lang='lat' dir='ltr'>est</span> <span class='ocrx_word' id='word_1_535' title='bbox 1294 3690 1490 3764; x_wconf 78' lang='lat' dir='ltr'>adjudicium</span> <span class='ocrx_word' id='word_1_536' title='bbox 1506 3694 1535 3747; x_wconf 89' lang='lat' dir='ltr'>et</span> <span class='ocrx_word' id='word_1_537' title='bbox 1551 3693 1619 3747; x_wconf 90' lang='lat' dir='ltr'>aliis</span> <span class='ocrx_word' id='word_1_538' title='bbox 1642 3691 1832 3749; x_wconf 85' lang='lat' dir='ltr'>adsalutem.</span> 
     </span>
    </p>
   </div>
   <div class='ocr_carea' id='block_1_13' title="bbox 85 3779 1892 5473">
    <p class='ocr_par' dir='ltr' id='par_1_15' title="bbox 85 3779 1892 5473">
     <span class='ocr_line' id='line_1_79' title="bbox 104 3779 1831 3854; baseline -0.001 -16"><span class='ocrx_word' id='word_1_539' title='bbox 104 3783 272 3854; x_wconf 87' lang='lat' dir='ltr'>etsangais</span> <span class='ocrx_word' id='word_1_540' title='bbox 283 3784 501 3836; x_wconf 87' lang='lat' dir='ltr'>sacramentum</span> <span class='ocrx_word' id='word_1_541' title='bbox 512 3780 672 3835; x_wconf 86' lang='lat' dir='ltr'>invisibilis</span> <span class='ocrx_word' id='word_1_542' title='bbox 683 3782 798 3852; x_wconf 75' lang='lat' dir='ltr'>gratim,</span> <span class='ocrx_word' id='word_1_543' title='bbox 809 3781 943 3854; x_wconf 83' lang='lat' dir='ltr'>sineque</span> <span class='ocrx_word' id='word_1_544' title='bbox 998 3781 1100 3837; x_wconf 78' lang='lat' dir='ltr'>Virtus</span> <span class='ocrx_word' id='word_1_545' title='bbox 1118 3784 1216 3838; x_wconf 89' lang='lat' dir='ltr'>autem</span> <span class='ocrx_word' id='word_1_546' title='bbox 1235 3779 1327 3853; x_wconf 89' lang='lat' dir='ltr'>hujus</span> <span class='ocrx_word' id='word_1_547' title='bbox 1347 3781 1526 3837; x_wconf 89' lang='lat' dir='ltr'>sacramenti</span> <span class='ocrx_word' id='word_1_548' title='bbox 1540 3782 1631 3837; x_wconf 91' lang='lat' dir='ltr'>uallis</span> <span class='ocrx_word' id='word_1_549' title='bbox 1645 3781 1682 3837; x_wconf 93' lang='lat' dir='ltr'>ad</span> <span class='ocrx_word' id='word_1_550' title='bbox 1696 3784 1831 3852; x_wconf 66' lang='lat' dir='ltr'>monem,</span> 
     </span>
     <span class='ocr_line' id='line_1_80' title="bbox 104 3870 1833 3944; baseline -0.001 -17"><span class='ocrx_word' id='word_1_551' title='bbox 104 3874 327 3927; x_wconf 88' lang='lat' dir='ltr'>sacramentum</span> <span class='ocrx_word' id='word_1_552' title='bbox 350 3886 409 3924; x_wconf 92' lang='lat' dir='ltr'>aon</span> <span class='ocrx_word' id='word_1_553' title='bbox 431 3870 546 3940; x_wconf 90' lang='lat' dir='ltr'>podest.</span> <span class='ocrx_word' id='word_1_554' title='bbox 567 3871 641 3923; x_wconf 85' lang='lat' dir='ltr'>Cum</span> <span class='ocrx_word' id='word_1_555' title='bbox 656 3874 754 3923; x_wconf 91' lang='lat' dir='ltr'>autem</span> <span class='ocrx_word' id='word_1_556' title='bbox 769 3885 941 3927; x_wconf 89' lang='lat' dir='ltr'>sacramen·</span> <span class='ocrx_word' id='word_1_557' title='bbox 998 3871 1052 3926; x_wconf 89' lang='lat' dir='ltr'>sed</span> <span class='ocrx_word' id='word_1_558' title='bbox 1063 3870 1201 3926; x_wconf 87' lang='lat' dir='ltr'>omnibus</span> <span class='ocrx_word' id='word_1_559' title='bbox 1214 3870 1401 3926; x_wconf 90' lang='lat' dir='ltr'>sumentibus</span> <span class='ocrx_word' id='word_1_560' title='bbox 1411 3874 1458 3926; x_wconf 89' lang='lat' dir='ltr'>est</span> <span class='ocrx_word' id='word_1_561' title='bbox 1468 3872 1504 3927; x_wconf 90' lang='lat' dir='ltr'>ad</span> <span class='ocrx_word' id='word_1_562' title='bbox 1514 3872 1656 3942; x_wconf 80' lang='lat' dir='ltr'>aalatenr3</span> <span class='ocrx_word' id='word_1_563' title='bbox 1667 3871 1833 3944; x_wconf 85' lang='lat' dir='ltr'>quaeetiam</span> 
     </span>
     <span class='ocr_line' id='line_1_81' title="bbox 104 3959 1833 4034; baseline 0 -17"><span class='ocrx_word' id='word_1_564' title='bbox 104 3967 168 4017; x_wconf 91' lang='lat' dir='ltr'>tum</span> <span class='ocrx_word' id='word_1_565' title='bbox 182 3961 338 4031; x_wconf 90' lang='lat' dir='ltr'>dupliciter</span> <span class='ocrx_word' id='word_1_566' title='bbox 352 3961 484 4029; x_wconf 88' lang='lat' dir='ltr'>dicatur,</span> <span class='ocrx_word' id='word_1_567' title='bbox 510 3960 557 4013; x_wconf 82' lang='lat' dir='ltr'>rel</span> <span class='ocrx_word' id='word_1_568' title='bbox 578 3975 673 4015; x_wconf 73' lang='lat' dir='ltr'>sacrae</span> <span class='ocrx_word' id='word_1_569' title='bbox 687 3961 731 4014; x_wconf 91' lang='lat' dir='ltr'>rei</span> <span class='ocrx_word' id='word_1_570' title='bbox 746 3960 878 4033; x_wconf 89' lang='lat' dir='ltr'>signum,</span> <span class='ocrx_word' id='word_1_571' title='bbox 894 3963 941 4018; x_wconf 89' lang='lat' dir='ltr'>vel</span> <span class='ocrx_word' id='word_1_572' title='bbox 997 3959 1833 4034; x_wconf 78' lang='lat' dir='ltr'>pe1·communi0nemsacramentiaugmentaturquoties</span> 
     </span>
     <span class='ocr_line' id='line_1_82' title="bbox 105 4045 1831 4121; baseline -0.001 -14"><span class='ocrx_word' id='word_1_573' title='bbox 105 4067 226 4107; x_wconf 90' lang='lat' dir='ltr'>sacrum</span> <span class='ocrx_word' id='word_1_574' title='bbox 237 4056 396 4119; x_wconf 89' lang='lat' dir='ltr'>secretum,</span> <span class='ocrx_word' id='word_1_575' title='bbox 414 4050 532 4119; x_wconf 88' lang='lat' dir='ltr'>species</span> <span class='ocrx_word' id='word_1_576' title='bbox 547 4050 633 4119; x_wconf 91' lang='lat' dir='ltr'>panis</span> <span class='ocrx_word' id='word_1_577' title='bbox 649 4045 754 4104; x_wconf 82' lang='lat' dir='ltr'>etvini</span> <span class='ocrx_word' id='word_1_578' title='bbox 768 4065 941 4106; x_wconf 89' lang='lat' dir='ltr'>sacramen·</span> <span class='ocrx_word' id='word_1_579' title='bbox 998 4047 1054 4102; x_wconf 93' lang='lat' dir='ltr'>hoc</span> <span class='ocrx_word' id='word_1_580' title='bbox 1066 4050 1294 4119; x_wconf 86' lang='lat' dir='ltr'>sacramentum,</span> <span class='ocrx_word' id='word_1_581' title='bbox 1309 4048 1395 4103; x_wconf 90' lang='lat' dir='ltr'>idest</span> <span class='ocrx_word' id='word_1_582' title='bbox 1406 4065 1515 4121; x_wconf 88' lang='lat' dir='ltr'>corpus</span> <span class='ocrx_word' id='word_1_583' title='bbox 1528 4050 1645 4104; x_wconf 84' lang='lat' dir='ltr'>Domini</span> <span class='ocrx_word' id='word_1_584' title='bbox 1659 4049 1831 4121; x_wconf 89' lang='lat' dir='ltr'>percipitur.</span> 
     </span>
     <span class='ocr_line' id='line_1_83' title="bbox 103 4125 1833 4212; baseline -0.001 -17"><span class='ocrx_word' id='word_1_585' title='bbox 103 4147 166 4197; x_wconf 91' lang='lat' dir='ltr'>tum</span> <span class='ocrx_word' id='word_1_586' title='bbox 181 4141 298 4210; x_wconf 85' lang='lat' dir='ltr'>dicitur,</span> <span class='ocrx_word' id='word_1_587' title='bbox 316 4141 372 4193; x_wconf 90' lang='lat' dir='ltr'>hoc</span> <span class='ocrx_word' id='word_1_588' title='bbox 383 4144 430 4193; x_wconf 90' lang='lat' dir='ltr'>est</span> <span class='ocrx_word' id='word_1_589' title='bbox 440 4154 535 4193; x_wconf 77' lang='lat' dir='ltr'>sacrm</span> <span class='ocrx_word' id='word_1_590' title='bbox 549 4139 591 4192; x_wconf 89' lang='lat' dir='ltr'>rei</span> <span class='ocrx_word' id='word_1_591' title='bbox 601 4138 732 4210; x_wconf 90' lang='lat' dir='ltr'>signum,</span> <span class='ocrx_word' id='word_1_592' title='bbox 745 4139 860 4194; x_wconf 82' lang='lat' dir='ltr'>scilicet</span> <span class='ocrx_word' id='word_1_593' title='bbox 875 4125 940 4197; x_wconf 85' lang='lat' dir='ltr'>cor·</span> <span class='ocrx_word' id='word_1_594' title='bbox 996 4137 1054 4192; x_wconf 87' lang='lat' dir='ltr'>Hic</span> <span class='ocrx_word' id='word_1_595' title='bbox 1070 4142 1115 4191; x_wconf 86' lang='lat' dir='ltr'>est</span> <span class='ocrx_word' id='word_1_596' title='bbox 1128 4137 1218 4209; x_wconf 88' lang='lat' dir='ltr'>panis</span> <span class='ocrx_word' id='word_1_597' title='bbox 1233 4138 1318 4192; x_wconf 83' lang='lat' dir='ltr'>virus</span> <span class='ocrx_word' id='word_1_598' title='bbox 1333 4138 1383 4210; x_wconf 83' lang='lat' dir='ltr'>qai</span> <span class='ocrx_word' id='word_1_599' title='bbox 1401 4138 1439 4193; x_wconf 88' lang='lat' dir='ltr'>de</span> <span class='ocrx_word' id='word_1_600' title='bbox 1457 4137 1530 4193; x_wconf 87' lang='lat' dir='ltr'>coelo</span> <span class='ocrx_word' id='word_1_601' title='bbox 1541 4139 1708 4205; x_wconf 66' lang='lat' dir='ltr'>descendit·</span> <span class='ocrx_word' id='word_1_602' title='bbox 1723 4140 1752 4194; x_wconf 89' lang='lat' dir='ltr'>si</span> <span class='ocrx_word' id='word_1_603' title='bbox 1767 4139 1833 4212; x_wconf 80' lang='lat' dir='ltr'>quis</span> 
     </span>
     <span class='ocr_line' id='line_1_84' title="bbox 101 4220 1830 4303; baseline -0.002 -17"><span class='ocrx_word' id='word_1_604' title='bbox 101 4232 187 4303; x_wconf 90' lang='lat' dir='ltr'>poris</span> <span class='ocrx_word' id='word_1_605' title='bbox 197 4234 225 4284; x_wconf 92' lang='lat' dir='ltr'>et</span> <span class='ocrx_word' id='word_1_606' title='bbox 236 4229 393 4301; x_wconf 88' lang='lat' dir='ltr'>sanguinis</span> <span class='ocrx_word' id='word_1_607' title='bbox 405 4228 530 4283; x_wconf 90' lang='lat' dir='ltr'>Domini.</span> <span class='ocrx_word' id='word_1_608' title='bbox 542 4226 658 4297; x_wconf 90' lang='lat' dir='ltr'>Corpus</span> <span class='ocrx_word' id='word_1_609' title='bbox 668 4231 803 4283; x_wconf 85' lang='lat' dir='ltr'>autemst</span> <span class='ocrx_word' id='word_1_610' title='bbox 813 4233 940 4303; x_wconf 90' lang='lat' dir='ltr'>sanguis</span> <span class='ocrx_word' id='word_1_611' title='bbox 972 4220 977 4228; x_wconf 75' lang='lat'>&#39;</span> <span class='ocrx_word' id='word_1_612' title='bbox 996 4226 1221 4282; x_wconf 75' lang='lat' dir='ltr'>manducaverit</span> <span class='ocrx_word' id='word_1_613' title='bbox 1236 4241 1276 4281; x_wconf 82' lang='lat' dir='ltr'>ex</span> <span class='ocrx_word' id='word_1_614' title='bbox 1285 4227 1339 4281; x_wconf 91' lang='lat' dir='ltr'>hoc</span> <span class='ocrx_word' id='word_1_615' title='bbox 1346 4243 1434 4298; x_wconf 81' lang='lat' dir='ltr'>pane,</span> <span class='ocrx_word' id='word_1_616' title='bbox 1448 4227 1529 4282; x_wconf 83' lang='lat' dir='ltr'>rivet</span> <span class='ocrx_word' id='word_1_617' title='bbox 1543 4228 1574 4281; x_wconf 89' lang='lat' dir='ltr'>ia</span> <span class='ocrx_word' id='word_1_618' title='bbox 1583 4224 1830 4298; x_wconf 67' lang='lat' dir='ltr'>aeternumldnan.</span> 
     </span>
     <span class='ocr_line' id='line_1_85' title="bbox 103 4314 1877 4407; baseline -0.003 -31"><span class='ocrx_word' id='word_1_619' title='bbox 103 4320 222 4376; x_wconf 90' lang='lat' dir='ltr'>Domini</span> <span class='ocrx_word' id='word_1_620' title='bbox 233 4317 573 4386; x_wconf 86' lang='lat' dir='ltr'>sacramentumdicitar,</span> <span class='ocrx_word' id='word_1_621' title='bbox 584 4317 653 4388; x_wconf 90' lang='lat' dir='ltr'>quia</span> <span class='ocrx_word' id='word_1_622' title='bbox 663 4323 939 4375; x_wconf 90' lang='lat' dir='ltr'>sacrumsecreturn</span> <span class='ocrx_word' id='word_1_623' title='bbox 954 4344 983 4407; x_wconf 74' lang='lat' dir='ltr'>D</span> <span class='ocrx_word' id='word_1_624' title='bbox 997 4317 1048 4387; x_wconf 88' lang='lat' dir='ltr'>vr).</span> <span class='ocrx_word' id='word_1_625' title='bbox 1065 4315 1159 4388; x_wconf 90' lang='lat' dir='ltr'>igitur</span> <span class='ocrx_word' id='word_1_626' title='bbox 1174 4330 1242 4371; x_wconf 90' lang='lat' dir='ltr'>eum</span> <span class='ocrx_word' id='word_1_627' title='bbox 1257 4315 1400 4381; x_wconf 72' lang='lat' dir='ltr'>sedavere</span> <span class='ocrx_word' id='word_1_628' title='bbox 1414 4320 1443 4371; x_wconf 91' lang='lat' dir='ltr'>et</span> <span class='ocrx_word' id='word_1_629' title='bbox 1458 4316 1567 4371; x_wconf 91' lang='lat' dir='ltr'>mundo</span> <span class='ocrx_word' id='word_1_630' title='bbox 1580 4316 1669 4371; x_wconf 89' lang='lat' dir='ltr'>corde</span> <span class='ocrx_word' id='word_1_631' title='bbox 1688 4314 1831 4371; x_wconf 88' lang='lat' dir='ltr'>aeceden-</span> <span class='ocrx_word' id='word_1_632' title='bbox 1873 4352 1877 4357; x_wconf 94' lang='lat'><em>-</em></span> 
     </span>
     <span class='ocr_line' id='line_1_86' title="bbox 105 4404 1831 4480; baseline -0.003 -16"><span class='ocrx_word' id='word_1_633' title='bbox 105 4415 153 4465; x_wconf 87' lang='lat' dir='ltr'>est</span> <span class='ocrx_word' id='word_1_634' title='bbox 162 4409 241 4480; x_wconf 90' lang='lat' dir='ltr'>quad</span> <span class='ocrx_word' id='word_1_635' title='bbox 250 4423 303 4478; x_wconf 91' lang='lat' dir='ltr'>per</span> <span class='ocrx_word' id='word_1_636' title='bbox 313 4406 600 4477; x_wconf 84' lang='lat' dir='ltr'>visibilemspeciem</span> <span class='ocrx_word' id='word_1_637' title='bbox 611 4406 807 4478; x_wconf 86' lang='lat' dir='ltr'>signiticatur,</span> <span class='ocrx_word' id='word_1_638' title='bbox 819 4409 888 4479; x_wconf 88' lang='lat' dir='ltr'>quia</span> <span class='ocrx_word' id='word_1_639' title='bbox 896 4425 941 4465; x_wconf 88' lang='lat' dir='ltr'>sa·</span> <span class='ocrx_word' id='word_1_640' title='bbox 996 4407 1066 4461; x_wconf 89' lang='lat' dir='ltr'>dum</span> <span class='ocrx_word' id='word_1_641' title='bbox 1076 4408 1123 4460; x_wconf 88' lang='lat' dir='ltr'>est</span> <span class='ocrx_word' id='word_1_642' title='bbox 1132 4404 1168 4459; x_wconf 92' lang='lat' dir='ltr'>ad</span> <span class='ocrx_word' id='word_1_643' title='bbox 1180 4405 1236 4459; x_wconf 91' lang='lat' dir='ltr'>hoo</span> <span class='ocrx_word' id='word_1_644' title='bbox 1247 4406 1359 4459; x_wconf 89' lang='lat' dir='ltr'>tanturn</span> <span class='ocrx_word' id='word_1_645' title='bbox 1370 4409 1597 4475; x_wconf 88' lang='lat' dir='ltr'>sacramentum,</span> <span class='ocrx_word' id='word_1_646' title='bbox 1614 4405 1650 4459; x_wconf 88' lang='lat' dir='ltr'>ad</span> <span class='ocrx_word' id='word_1_647' title='bbox 1662 4404 1717 4458; x_wconf 90' lang='lat' dir='ltr'>hoc</span> <span class='ocrx_word' id='word_1_648' title='bbox 1728 4417 1831 4458; x_wconf 77' lang='lat' dir='ltr'>uora-</span> 
     </span>
     <span class='ocr_line' id='line_1_87' title="bbox 107 4491 1830 4568; baseline -0.005 -14"><span class='ocrx_word' id='word_1_649' title='bbox 107 4515 168 4554; x_wconf 79' lang='lat' dir='ltr'>crar</span> <span class='ocrx_word' id='word_1_650' title='bbox 180 4499 223 4552; x_wconf 87' lang='lat' dir='ltr'>rei</span> <span class='ocrx_word' id='word_1_651' title='bbox 237 4501 357 4568; x_wconf 89' lang='lat' dir='ltr'>signum</span> <span class='ocrx_word' id='word_1_652' title='bbox 368 4498 424 4564; x_wconf 89' lang='lat' dir='ltr'>cst,</span> <span class='ocrx_word' id='word_1_653' title='bbox 441 4496 510 4565; x_wconf 91' lang='lat' dir='ltr'>quia</span> <span class='ocrx_word' id='word_1_654' title='bbox 525 4495 674 4566; x_wconf 81' lang='lat' dir='ltr'>signitlcat</span> <span class='ocrx_word' id='word_1_655' title='bbox 685 4496 810 4567; x_wconf 82' lang='lat' dir='ltr'>gratiam</span> <span class='ocrx_word' id='word_1_656' title='bbox 824 4499 941 4568; x_wconf 90' lang='lat' dir='ltr'>spirita·</span> <span class='ocrx_word' id='word_1_657' title='bbox 995 4498 1126 4549; x_wconf 92' lang='lat' dir='ltr'>mentum</span> <span class='ocrx_word' id='word_1_658' title='bbox 1146 4496 1175 4548; x_wconf 89' lang='lat' dir='ltr'>et</span> <span class='ocrx_word' id='word_1_659' title='bbox 1191 4493 1355 4548; x_wconf 90' lang='lat' dir='ltr'>immortale</span> <span class='ocrx_word' id='word_1_660' title='bbox 1367 4493 1551 4563; x_wconf 86' lang='lat' dir='ltr'>praesidium,</span> <span class='ocrx_word' id='word_1_661' title='bbox 1563 4492 1738 4563; x_wconf 70' lang='lat' dir='ltr'>mysterium</span> <span class='ocrx_word' id='word_1_662' title='bbox 1755 4491 1830 4547; x_wconf 88' lang='lat' dir='ltr'>etli-</span> 
     </span>
     <span class='ocr_line' id='line_1_88' title="bbox 107 4582 1892 4658; baseline -0.003 -16"><span class='ocrx_word' id='word_1_663' title='bbox 107 4590 176 4657; x_wconf 88' lang='lat' dir='ltr'>lem,</span> <span class='ocrx_word' id='word_1_664' title='bbox 188 4602 255 4658; x_wconf 87' lang='lat' dir='ltr'>quae</span> <span class='ocrx_word' id='word_1_665' title='bbox 267 4586 375 4639; x_wconf 88' lang='lat' dir='ltr'>dicitur</span> <span class='ocrx_word' id='word_1_666' title='bbox 385 4583 528 4654; x_wconf 86' lang='lat' dir='ltr'>spiritalis</span> <span class='ocrx_word' id='word_1_667' title='bbox 541 4598 610 4638; x_wconf 83' lang='lat' dir='ltr'>carn</span> <span class='ocrx_word' id='word_1_668' title='bbox 625 4583 745 4638; x_wconf 82' lang='lat' dir='ltr'>Christi.</span> <span class='ocrx_word' id='word_1_669' title='bbox 758 4585 796 4640; x_wconf 94' lang='lat' dir='ltr'>Ut</span> <span class='ocrx_word' id='word_1_670' title='bbox 811 4588 891 4642; x_wconf 93' lang='lat' dir='ltr'>enim</span> <span class='ocrx_word' id='word_1_671' title='bbox 901 4589 944 4642; x_wconf 90' lang='lat' dir='ltr'>di·</span> <span class='ocrx_word' id='word_1_672' title='bbox 995 4583 1102 4638; x_wconf 89' lang='lat' dir='ltr'>bamen</span> <span class='ocrx_word' id='word_1_673' title='bbox 1116 4582 1274 4654; x_wconf 90' lang='lat' dir='ltr'>agendam,</span> <span class='ocrx_word' id='word_1_674' title='bbox 1286 4583 1366 4653; x_wconf 91' lang='lat' dir='ltr'>qaod</span> <span class='ocrx_word' id='word_1_675' title='bbox 1376 4584 1649 4636; x_wconf 89' lang='lat' dir='ltr'>estsacramentum</span> <span class='ocrx_word' id='word_1_676' title='bbox 1661 4595 1832 4637; x_wconf 89' lang='lat' dir='ltr'>sacramen·</span> <span class='ocrx_word' id='word_1_677' title='bbox 1889 4652 1892 4657; x_wconf 87' lang='lat'>.</span> 
     </span>
     <span class='ocr_line' id='line_1_89' title="bbox 108 4669 1831 4747; baseline -0.003 -15"><span class='ocrx_word' id='word_1_678' title='bbox 108 4679 148 4733; x_wconf 90' lang='lat' dir='ltr'>cit</span> <span class='ocrx_word' id='word_1_679' title='bbox 160 4678 370 4746; x_wconf 74' lang='lat' dir='ltr'>Hieronymus,</span> <span class='ocrx_word' id='word_1_680' title='bbox 383 4673 557 4745; x_wconf 73' lang='lat' dir='ltr'>intelligitur</span> <span class='ocrx_word' id='word_1_681' title='bbox 572 4673 728 4742; x_wconf 90' lang='lat' dir='ltr'>dupliciter</span> <span class='ocrx_word' id='word_1_682' title='bbox 737 4690 807 4729; x_wconf 92' lang='lat' dir='ltr'>caro</span> <span class='ocrx_word' id='word_1_683' title='bbox 821 4675 942 4747; x_wconf 86' lang='lat' dir='ltr'>Christi,</span> <span class='ocrx_word' id='word_1_684' title='bbox 995 4676 1094 4727; x_wconf 88' lang='lat' dir='ltr'>torum</span> <span class='ocrx_word' id='word_1_685' title='bbox 1104 4671 1400 4727; x_wconf 89' lang='lat' dir='ltr'>omniasanctillcaas</span> <span class='ocrx_word' id='word_1_686' title='bbox 1412 4674 1606 4726; x_wconf 85' lang='lat' dir='ltr'>sacramenta.</span> <span class='ocrx_word' id='word_1_687' title='bbox 1621 4669 1765 4742; x_wconf 88' lang='lat' dir='ltr'>Uadsper</span> <span class='ocrx_word' id='word_1_688' title='bbox 1778 4684 1831 4726; x_wconf 83' lang='lat' dir='ltr'>ex·</span> 
     </span>
     <span class='ocr_line' id='line_1_90' title="bbox 107 4760 1830 4837; baseline -0.003 -16"><span class='ocrx_word' id='word_1_689' title='bbox 107 4766 156 4821; x_wconf 85' lang='lat' dir='ltr'>vel</span> <span class='ocrx_word' id='word_1_690' title='bbox 167 4780 237 4820; x_wconf 90' lang='lat' dir='ltr'>caro</span> <span class='ocrx_word' id='word_1_691' title='bbox 247 4781 314 4836; x_wconf 87' lang='lat' dir='ltr'>quae</span> <span class='ocrx_word' id='word_1_692' title='bbox 329 4768 397 4818; x_wconf 90' lang='lat' dir='ltr'>nata</span> <span class='ocrx_word' id='word_1_693' title='bbox 412 4766 459 4818; x_wconf 89' lang='lat' dir='ltr'>est</span> <span class='ocrx_word' id='word_1_694' title='bbox 473 4764 509 4817; x_wconf 89' lang='lat' dir='ltr'>de</span> <span class='ocrx_word' id='word_1_695' title='bbox 526 4762 667 4833; x_wconf 79' lang='lat' dir='ltr'>Virgine:</span> <span class='ocrx_word' id='word_1_696' title='bbox 681 4762 728 4817; x_wconf 85' lang='lat' dir='ltr'>vel</span> <span class='ocrx_word' id='word_1_697' title='bbox 743 4778 812 4819; x_wconf 86' lang='lat' dir='ltr'>caro</span> <span class='ocrx_word' id='word_1_698' title='bbox 828 4767 945 4837; x_wconf 90' lang='lat' dir='ltr'>spirita·</span> <span class='ocrx_word' id='word_1_699' title='bbox 996 4761 1162 4815; x_wconf 84' lang='lat' dir='ltr'>cellantiam</span> <span class='ocrx_word' id='word_1_700' title='bbox 1181 4760 1289 4815; x_wconf 90' lang='lat' dir='ltr'>dicitur</span> <span class='ocrx_word' id='word_1_701' title='bbox 1312 4760 1502 4831; x_wconf 89' lang='lat' dir='ltr'>eucharistia,</span> <span class='ocrx_word' id='word_1_702' title='bbox 1523 4760 1553 4815; x_wconf 93' lang='lat' dir='ltr'>id</span> <span class='ocrx_word' id='word_1_703' title='bbox 1568 4766 1616 4816; x_wconf 92' lang='lat' dir='ltr'>est</span> <span class='ocrx_word' id='word_1_704' title='bbox 1631 4760 1707 4816; x_wconf 88' lang='lat' dir='ltr'>hona</span> <span class='ocrx_word' id='word_1_705' title='bbox 1719 4761 1830 4834; x_wconf 78' lang='lat' dir='ltr'>gratia,</span> 
     </span>
     <span class='ocr_line' id='line_1_91' title="bbox 107 4848 1830 4927; baseline -0.005 -15"><span class='ocrx_word' id='word_1_706' title='bbox 107 4857 157 4927; x_wconf 91' lang='lat' dir='ltr'>lis,</span> <span class='ocrx_word' id='word_1_707' title='bbox 174 4857 210 4910; x_wconf 92' lang='lat' dir='ltr'>de</span> <span class='ocrx_word' id='word_1_708' title='bbox 222 4869 280 4926; x_wconf 89' lang='lat' dir='ltr'>qua</span> <span class='ocrx_word' id='word_1_709' title='bbox 289 4854 360 4908; x_wconf 91' lang='lat' dir='ltr'>dicit</span> <span class='ocrx_word' id='word_1_710' title='bbox 371 4854 515 4907; x_wconf 91' lang='lat' dir='ltr'>Dominus</span> <span class='ocrx_word' id='word_1_711' title='bbox 528 4867 534 4907; x_wconf 91' lang='lat'>:</span> <span class='ocrx_word' id='word_1_712' title='bbox 550 4851 627 4906; x_wconf 86' lang='lat' dir='ltr'>Cara</span> <span class='ocrx_word' id='word_1_713' title='bbox 637 4868 701 4906; x_wconf 89' lang='lat' dir='ltr'>mca</span> <span class='ocrx_word' id='word_1_714' title='bbox 711 4868 782 4908; x_wconf 86' lang='lat' dir='ltr'>vere</span> <span class='ocrx_word' id='word_1_715' title='bbox 791 4860 838 4909; x_wconf 88' lang='lat' dir='ltr'>est</span> <span class='ocrx_word' id='word_1_716' title='bbox 848 4856 943 4927; x_wconf 82' lang='lat' dir='ltr'>cibus,</span> <span class='ocrx_word' id='word_1_717' title='bbox 995 4850 1064 4922; x_wconf 87' lang='lat' dir='ltr'>quie</span> <span class='ocrx_word' id='word_1_718' title='bbox 1079 4864 1138 4905; x_wconf 89' lang='lat' dir='ltr'>aaa</span> <span class='ocrx_word' id='word_1_719' title='bbox 1152 4852 1264 4904; x_wconf 83' lang='lat' dir='ltr'>tantmn</span> <span class='ocrx_word' id='word_1_720' title='bbox 1273 4849 1303 4902; x_wconf 91' lang='lat' dir='ltr'>in</span> <span class='ocrx_word' id='word_1_721' title='bbox 1312 4848 1369 4903; x_wconf 94' lang='lat' dir='ltr'>hoc</span> <span class='ocrx_word' id='word_1_722' title='bbox 1385 4853 1570 4905; x_wconf 83' lang='lat' dir='ltr'>sacramento</span> <span class='ocrx_word' id='word_1_723' title='bbox 1584 4850 1680 4923; x_wconf 88' lang='lat' dir='ltr'>gratia</span> <span class='ocrx_word' id='word_1_724' title='bbox 1692 4849 1830 4920; x_wconf 85' lang='lat' dir='ltr'>sumitur,</span> 
     </span>
     <span class='ocr_line' id='line_1_92' title="bbox 107 4938 1832 5017; baseline -0.005 -15"><span class='ocrx_word' id='word_1_725' title='bbox 107 4954 139 5002; x_wconf 87' lang='lat' dir='ltr'>et</span> <span class='ocrx_word' id='word_1_726' title='bbox 150 4947 274 5017; x_wconf 77' lang='lat' dir='ltr'>saapais</span> <span class='ocrx_word' id='word_1_727' title='bbox 283 4960 367 4999; x_wconf 86' lang='lat' dir='ltr'>arcus</span> <span class='ocrx_word' id='word_1_728' title='bbox 380 4959 451 4998; x_wconf 84' lang='lat' dir='ltr'>rere</span> <span class='ocrx_word' id='word_1_729' title='bbox 463 4948 616 5014; x_wconf 72' lang='lat' dir='ltr'>calpetus·</span> <span class='ocrx_word' id='word_1_730' title='bbox 628 4943 677 5013; x_wconf 80' lang='lat' dir='ltr'>qui</span> <span class='ocrx_word' id='word_1_731' title='bbox 687 4942 945 5000; x_wconf 81' lang='lat' dir='ltr'>manducationem</span> <span class='ocrx_word' id='word_1_732' title='bbox 996 4940 1050 4995; x_wconf 88' lang='lat' dir='ltr'>sed</span> <span class='ocrx_word' id='word_1_733' title='bbox 1065 4939 1153 4993; x_wconf 88' lang='lat' dir='ltr'>etiam</span> <span class='ocrx_word' id='word_1_734' title='bbox 1164 4939 1228 5010; x_wconf 88' lang='lat' dir='ltr'>ipse</span> <span class='ocrx_word' id='word_1_735' title='bbox 1242 4953 1259 4992; x_wconf 90' lang='lat' dir='ltr'>a</span> <span class='ocrx_word' id='word_1_736' title='bbox 1274 4953 1333 5010; x_wconf 91' lang='lat' dir='ltr'>quo</span> <span class='ocrx_word' id='word_1_737' title='bbox 1348 4939 1396 4993; x_wconf 91' lang='lat' dir='ltr'>est</span> <span class='ocrx_word' id='word_1_738' title='bbox 1410 4939 1506 4994; x_wconf 89' lang='lat' dir='ltr'>omnis</span> <span class='ocrx_word' id='word_1_739' title='bbox 1517 4939 1622 5012; x_wconf 84' lang='lat' dir='ltr'>gratia.</span> <span class='ocrx_word' id='word_1_740' title='bbox 1633 4939 1705 4995; x_wconf 80' lang='lat' dir='ltr'>lineo</span> <span class='ocrx_word' id='word_1_741' title='bbox 1715 4938 1832 4996; x_wconf 82' lang='lat' dir='ltr'>&#39;eucha-</span> 
     </span>
     <span class='ocr_line' id='line_1_93' title="bbox 85 5028 1832 5108; baseline -0.005 -16"><span class='ocrx_word' id='word_1_742' title='bbox 85 5053 92 5062; x_wconf 92' lang='lat'><strong>·</strong></span> <span class='ocrx_word' id='word_1_743' title='bbox 108 5050 231 5092; x_wconf 86' lang='lat' dir='ltr'>caraem</span> <span class='ocrx_word' id='word_1_744' title='bbox 241 5033 946 5108; x_wconf 74' lang='lat' dir='ltr'>etbihitmeumsaagninem,inaremanetetspo</span> <span class='ocrx_word' id='word_1_745' title='bbox 996 5029 1080 5085; x_wconf 88' lang='lat' dir='ltr'>ristia</span> <span class='ocrx_word' id='word_1_746' title='bbox 1094 5029 1202 5083; x_wconf 90' lang='lat' dir='ltr'>dicitur</span> <span class='ocrx_word' id='word_1_747' title='bbox 1210 5028 1318 5100; x_wconf 88' lang='lat' dir='ltr'>divina,</span> <span class='ocrx_word' id='word_1_748' title='bbox 1327 5029 1395 5101; x_wconf 89' lang='lat' dir='ltr'>quia</span> <span class='ocrx_word' id='word_1_749' title='bbox 1406 5029 1496 5103; x_wconf 88' lang='lat' dir='ltr'>digne</span> <span class='ocrx_word' id='word_1_750' title='bbox 1505 5033 1658 5085; x_wconf 90' lang='lat' dir='ltr'>sumentes</span> <span class='ocrx_word' id='word_1_751' title='bbox 1668 5029 1787 5085; x_wconf 80' lang='lat' dir='ltr'>diuinos</span> <span class='ocrx_word' id='word_1_752' title='bbox 1802 5031 1832 5084; x_wconf 91' lang='lat' dir='ltr'>et</span> 
     </span>
     <span class='ocr_line' id='line_1_94' title="bbox 107 5118 1831 5196; baseline -0.006 -13"><span class='ocrx_word' id='word_1_753' title='bbox 107 5128 141 5183; x_wconf 86' lang='lat' dir='ltr'>in</span> <span class='ocrx_word' id='word_1_754' title='bbox 157 5124 297 5195; x_wconf 70' lang='lat' dir='ltr'>cottona.</span> <span class='ocrx_word' id='word_1_755' title='bbox 309 5128 361 5196; x_wconf 76' lang='lat' dir='ltr'>vr).</span> <span class='ocrx_word' id='word_1_756' title='bbox 374 5123 456 5178; x_wconf 82' lang='lat' dir='ltr'>lianc</span> <span class='ocrx_word' id='word_1_757' title='bbox 468 5136 587 5177; x_wconf 88' lang='lat' dir='ltr'>carnem</span> <span class='ocrx_word' id='word_1_758' title='bbox 603 5123 760 5177; x_wconf 88' lang='lat' dir='ltr'>manducat</span> <span class='ocrx_word' id='word_1_759' title='bbox 777 5123 946 5196; x_wconf 87' lang='lat' dir='ltr'>quicunque</span> <span class='ocrx_word' id='word_1_760' title='bbox 996 5118 1156 5191; x_wconf 89' lang='lat' dir='ltr'>participes</span> <span class='ocrx_word' id='word_1_761' title='bbox 1165 5118 1327 5173; x_wconf 86' lang='lat' dir='ltr'>divinitatis</span> <span class='ocrx_word' id='word_1_762' title='bbox 1336 5118 1415 5173; x_wconf 87' lang='lat' dir='ltr'>tacit.</span> <span class='ocrx_word' id='word_1_763' title='bbox 1426 5118 1481 5173; x_wconf 88' lang='lat' dir='ltr'>Hic</span> <span class='ocrx_word' id='word_1_764' title='bbox 1492 5120 1630 5191; x_wconf 89' lang='lat' dir='ltr'>estpanis</span> <span class='ocrx_word' id='word_1_765' title='bbox 1640 5118 1831 5193; x_wconf 82' lang='lat' dir='ltr'>quotidianus</span> 
     </span>
     <span class='ocr_line' id='line_1_95' title="bbox 106 5207 1833 5290; baseline -0.005 -19"><span class='ocrx_word' id='word_1_766' title='bbox 106 5231 163 5290; x_wconf 89' lang='lat' dir='ltr'>per</span> <span class='ocrx_word' id='word_1_767' title='bbox 173 5213 261 5271; x_wconf 84' lang='lat' dir='ltr'>tidem</span> <span class='ocrx_word' id='word_1_768' title='bbox 271 5216 300 5269; x_wconf 89' lang='lat' dir='ltr'>et</span> <span class='ocrx_word' id='word_1_769' title='bbox 308 5212 496 5268; x_wconf 90' lang='lat' dir='ltr'>dilectionem</span> <span class='ocrx_word' id='word_1_770' title='bbox 506 5211 625 5267; x_wconf 90' lang='lat' dir='ltr'>Christo</span> <span class='ocrx_word' id='word_1_771' title='bbox 640 5213 741 5267; x_wconf 91' lang='lat' dir='ltr'>unitur</span> <span class='ocrx_word' id='word_1_772' title='bbox 751 5215 779 5268; x_wconf 92' lang='lat' dir='ltr'>et</span> <span class='ocrx_word' id='word_1_773' title='bbox 787 5229 947 5270; x_wconf 89' lang='lat' dir='ltr'>cousecra-</span> <span class='ocrx_word' id='word_1_774' title='bbox 997 5207 1833 5282; x_wconf 71' lang='lat' dir='ltr'>quemnecessehabetquotidieueclssiarubauennen-</span> 
     </span>
     <span class='ocr_line' id='line_1_96' title="bbox 107 5293 1832 5383; baseline -0.006 -18"><span class='ocrx_word' id='word_1_775' title='bbox 107 5311 159 5366; x_wconf 91' lang='lat' dir='ltr'>tur</span> <span class='ocrx_word' id='word_1_776' title='bbox 172 5308 202 5362; x_wconf 87' lang='lat' dir='ltr'>et</span> <span class='ocrx_word' id='word_1_777' title='bbox 225 5303 436 5361; x_wconf 80' lang='lat' dir='ltr'>conformatur.</span> <span class='ocrx_word' id='word_1_778' title='bbox 458 5301 610 5376; x_wconf 85' lang='lat' dir='ltr'>Particepe</span> <span class='ocrx_word' id='word_1_779' title='bbox 625 5302 705 5358; x_wconf 89' lang='lat' dir='ltr'>euim</span> <span class='ocrx_word' id='word_1_780' title='bbox 719 5303 751 5358; x_wconf 90' lang='lat' dir='ltr'>tlt</span> <span class='ocrx_word' id='word_1_781' title='bbox 766 5303 902 5378; x_wconf 89' lang='lat' dir='ltr'>corporis</span> <span class='ocrx_word' id='word_1_782' title='bbox 918 5307 947 5362; x_wconf 89' lang='lat' dir='ltr'>et</span> <span class='ocrx_word' id='word_1_783' title='bbox 996 5304 1027 5356; x_wconf 92' lang='lat' dir='ltr'>to</span> <span class='ocrx_word' id='word_1_784' title='bbox 1050 5313 1179 5356; x_wconf 87' lang='lat' dir='ltr'>sumere.</span> <span class='ocrx_word' id='word_1_785' title='bbox 1204 5296 1287 5354; x_wconf 88' lang='lat' dir='ltr'>Sicut</span> <span class='ocrx_word' id='word_1_786' title='bbox 1307 5297 1386 5354; x_wconf 88' lang='lat' dir='ltr'>enirn</span> <span class='ocrx_word' id='word_1_787' title='bbox 1410 5298 1582 5360; x_wconf 86' lang='lat' dir='ltr'>necessaria</span> <span class='ocrx_word' id='word_1_788' title='bbox 1605 5297 1660 5383; x_wconf 72' lang='lat' dir='ltr'>tuit</span> <span class='ocrx_word' id='word_1_789' title='bbox 1679 5296 1730 5353; x_wconf 91' lang='lat' dir='ltr'>illa</span> <span class='ocrx_word' id='word_1_790' title='bbox 1742 5293 1832 5354; x_wconf 87' lang='lat' dir='ltr'>nobie</span> 
     </span>
     <span class='ocr_line' id='line_1_97' title="bbox 108 5385 1832 5473; baseline -0.008 -17"><span class='ocrx_word' id='word_1_791' title='bbox 108 5394 269 5473; x_wconf 72' lang='lat' dir='ltr'>saagmais</span> <span class='ocrx_word' id='word_1_792' title='bbox 284 5393 402 5452; x_wconf 88' lang='lat' dir='ltr'>Domini</span> <span class='ocrx_word' id='word_1_793' title='bbox 413 5391 615 5466; x_wconf 87' lang='lat' dir='ltr'>spiritualiter,</span> <span class='ocrx_word' id='word_1_794' title='bbox 630 5391 766 5452; x_wconf 88' lang='lat' dir='ltr'>lieetnon</span> <span class='ocrx_word' id='word_1_795' title='bbox 778 5408 947 5452; x_wconf 85' lang='lat' dir='ltr'>sacramen·</span> <span class='ocrx_word' id='word_1_796' title='bbox 997 5388 1109 5448; x_wconf 89' lang='lat' dir='ltr'>Christi</span> <span class='ocrx_word' id='word_1_797' title='bbox 1115 5388 1275 5460; x_wconf 78' lang='lat' dir='ltr'>presentia</span> <span class='ocrx_word' id='word_1_798' title='bbox 1288 5388 1318 5446; x_wconf 91' lang='lat' dir='ltr'>ia</span> <span class='ocrx_word' id='word_1_799' title='bbox 1334 5403 1423 5445; x_wconf 89' lang='lat' dir='ltr'>carne</span> <span class='ocrx_word' id='word_1_800' title='bbox 1437 5387 1508 5446; x_wconf 90' lang='lat' dir='ltr'>olim</span> <span class='ocrx_word' id='word_1_801' title='bbox 1518 5405 1575 5463; x_wconf 83' lang='lat' dir='ltr'>qna</span> <span class='ocrx_word' id='word_1_802' title='bbox 1585 5387 1781 5460; x_wconf 87' lang='lat' dir='ltr'>moriposset,</span> <span class='ocrx_word' id='word_1_803' title='bbox 1791 5385 1832 5442; x_wconf 84' lang='lat' dir='ltr'>ita</span> 
     </span>
    </p>
   </div>
   <div class='ocr_carea' id='block_1_14' title="bbox 108 5474 1832 5567">
    <p class='ocr_par' dir='ltr' id='par_1_16' title="bbox 108 5474 1832 5567">
     <span class='ocr_line' id='line_1_98' title="bbox 108 5474 1832 5567; baseline -0.011 -13"><span class='ocrx_word' id='word_1_804' title='bbox 108 5491 218 5565; x_wconf 85' lang='lat' dir='ltr'>taliter,</span> <span class='ocrx_word' id='word_1_805' title='bbox 236 5492 266 5547; x_wconf 88' lang='lat' dir='ltr'>st</span> <span class='ocrx_word' id='word_1_806' title='bbox 286 5488 344 5548; x_wconf 86' lang='lat' dir='ltr'>boc</span> <span class='ocrx_word' id='word_1_807' title='bbox 360 5485 528 5562; x_wconf 79' lang='lat' dir='ltr'>augustino</span> <span class='ocrx_word' id='word_1_808' title='bbox 549 5488 715 5563; x_wconf 87' lang='lat' dir='ltr'>attestante,</span> <span class='ocrx_word' id='word_1_809' title='bbox 732 5488 901 5567; x_wconf 86' lang='lat' dir='ltr'>quicunque</span> <span class='ocrx_word' id='word_1_810' title='bbox 917 5488 948 5548; x_wconf 92' lang='lat' dir='ltr'>ia</span> <span class='ocrx_word' id='word_1_811' title='bbox 998 5480 1330 5557; x_wconf 82' lang='lat' dir='ltr'>necessariaestusqae</span> <span class='ocrx_word' id='word_1_812' title='bbox 1341 5474 1475 5539; x_wconf 88' lang='lat' dir='ltr'>adtlaem</span> <span class='ocrx_word' id='word_1_813' title='bbox 1485 5478 1586 5540; x_wconf 86' lang='lat' dir='ltr'>mundi</span> <span class='ocrx_word' id='word_1_814' title='bbox 1597 5475 1832 5567; x_wconf 73' lang='lat' dir='ltr'>eluepraeeatla</span> 
     </span>
    </p>
   </div>
   <div class='ocr_carea' id='block_1_15' title="bbox 0 0 1919 6020">
    <p class='ocr_par' dir='ltr' id='par_1_17' title="bbox 0 0 1919 6020">
     <span class='ocr_line' id='line_1_99' title="bbox 0 0 1919 6020; baseline 0 0"><span class='ocrx_word' id='word_1_815' title='bbox 0 0 1919 6020; x_wconf 95' lang='lat' dir='ltr'> </span> 
     </span>
    </p>
   </div>
  </div>
 </body>
</html>
