3796 6022
517 274 739 348 ereeruux
760 277 819 346 ιιιι
842 269 1035 349 absonis
1058 273 1202 347 cenae
1222 270 1489 347 oooulrme.
1804 271 1867 348 aee

138 275 198 345 387

137 497 202 537 eam
217 495 284 553 quae
300 482 331 536 tlt
349 498 403 553 per
424 496 525 536 reram
549 482 760 553 poenitentiam.
783 484 852 540 Ideo
875 487 972 540 autem
988 467 1018 530 Α
1032 488 1061 540 et
1080 485 1125 540 sic
1145 485 1285 541 unctione
1307 484 1477 540 chrismatis
1500 482 1661 556 insignitur
1682 498 1736 554 per
1758 499 1865 538 manus

136 575 190 641 ter,
201 570 268 641 quia
276 584 331 640 per
340 571 540 640 paenitentiam
555 571 711 627 dimittitur
728 573 872 644 quidquid
881 589 973 645 preve
1030 574 1189 645 pontilicis.
1203 573 1302 645 Inque
1313 573 1450 628 unctione
1462 574 1548 628 datur
1556 572 1684 642 Spiritus
1695 575 1817 627 sanctus
1829 573 1866 627 ad

135 658 295 728 locutione,
313 659 509 730 cogitatione,
535 661 582 716 vel
603 677 692 732 opere
708 663 877 733 comittitur,
894 663 972 718 sicut
1029 663 1212 735 diligendum
1223 663 1317 717 Deum
1325 667 1353 717 et
1361 662 1539 733 proximum,
1552 661 1629 715 sieut
1640 662 1669 714 in
1681 676 1716 716 ee
1726 662 1865 716 unctione

137 749 412 818 supradictumest.
425 749 804 820 ttanitureutempsalmus:
818 752 972 824 Exsurget
1028 767 1095 822 quae
1109 752 1141 805 tit
1155 751 1185 804 in
1201 751 1348 822 baptismo
1363 751 1448 804 detur
1464 750 1542 804 idem
1561 749 1689 819 Spiritus
1704 748 1741 803 ad
1756 750 1862 804 remis·

136 835 319 907 Deustl’sel.
332 839 433 907 nxvrr),
447 852 514 892 cum
525 839 703 909 Antiphone,
715 842 745 893 ut
756 840 871 894 viribus
882 840 973 894 desti·
1028 839 1145 894 sionem
1166 842 1365 909 peecatorum.
1390 838 1519 910 Ungitur
1539 852 1611 909 ergo
1633 837 1724 892 altare
1746 841 1774 892 et
1794 854 1865 892 een-

136 927 258 981 tuentur
270 925 374 980 hostes
390 925 459 980 huic
475 928 674 983 emundationi
687 929 872 984 resistentes.
886 929 970 983 Cani·
1027 927 1296 997 teturltntiphona:
1308 926 1400 981 Unxit
1409 932 1438 980 te
1450 926 1593 980 Dominus
1608 924 1672 980 oleo
1681 924 1867 998 lectitiaeprm

135 1017 184 1069 tur
194 1017 223 1068 et
231 1013 416 1084 Antiphone:
434 1014 489 1079 Qui
498 1015 615 1069 liabitat
626 1018 656 1070 in
665 1017 974 1089 adjutorioAltissimi
1028 1016 1218 1072 consortibus
1237 1016 1297 1069 tuis
1314 1013 1409 1086 (Psal.
1431 1013 1522 1084 xnrv).
1544 1013 1582 1068 Ut
1603 1014 1632 1067 in
1652 1014 1707 1068 hee
1726 1015 1866 1070 unctione

136 1101 295 1174 (Psalxc),
308 1103 435 1157 innuens
449 1103 588 1158 nulluma
603 1105 663 1160 ileo
679 1106 809 1177 protegi,
829 1107 887 1160 nisi
906 1122 974 1160 eum
1029 1106 1231 1177 intelligamus
1247 1105 1351 1176 gratiae
1366 1101 1653 1174 plenitudinemque
1668 1104 1825 1173 praecessit
1837 1104 1867 1158 in

137 1192 197 1264 qai,
207 1192 318 1246 dasuis
328 1192 444 1246 viribus
457 1208 515 1247 non
525 1209 723 1264 presumens,
733 1194 975 1266 Deiedjutorium
1029 1195 1134 1265 capite,
1147 1196 1176 1248 et
1190 1194 1285 1248 misso
1300 1192 1411 1263 Spiritu
1426 1193 1530 1246 sancto
1545 1190 1592 1245 die
1609 1191 1800 1246 pentecostes
1816 1208 1867 1246 re-

136 1280 347 1351 imploraverit.
365 1280 420 1333 His
430 1282 570 1350 peractis,
582 1282 715 1352 pontifex
723 1283 759 1336 ed
769 1285 931 1339 orationem
941 1299 974 1338 se
1029 1281 1112 1337 fulsit
1128 1282 1157 1336 in
1172 1281 1326 1352 apostolis.
1344 1280 1389 1335 De
1412 1296 1470 1351 qua
1487 1279 1574 1334 etiam
1582 1279 1779 1351 plenitudine,
1792 1285 1868 1336 teste

138 1369 263 1439 confert,
279 1373 384 1440 petens
400 1373 431 1424 ut
447 1385 550 1424 omnes
571 1370 620 1441 qui
644 1371 776 1427 eamdem
792 1373 910 1428 domum
927 1373 974 1426 in·
1030 1369 1867 1440 toenne,omnesaccepimustdoan.1).Undeconsecreto

137 1458 280 1514 traxerint
294 1458 450 1514 exauditos
466 1473 500 1513 sc
516 1473 585 1513 csse
602 1459 759 1530 gaudeant.
1030 1460 1114 1513 altari
1126 1459 1370 1529 crucesundique
1386 1457 1627 1512 chrismanturin
1637 1457 1811 1529 parictibus.

138 1545 208 1602 Cer.
222 1546 300 1601 Vlll.
321 1546 366 1602 De
385 1547 507 1601 residuo
528 1546 626 1602 rnoltee
647 1564 701 1603 seu
723 1549 807 1604 molae
826 1549 865 1605 ad
879 1550 975 1605 basim
1031 1549 1101 1603 ttae.
1119 1548 1170 1601 Xl.
1189 1547 1267 1612 Quid
1275 1547 1317 1601 sit
1328 1547 1404 1619 quod
1414 1544 1510 1600 altere
1524 1545 1720 1600 velaminibus
1731 1546 1810 1600 albis
1821 1563 1868 1600 ce-

415 1634 523 1690 altaris
538 1635 699 1691 condendo.
739 1639 743 1647 “
1373 1633 1529 1706 operitur?

177 1724 329 1796 Pomplete
341 1725 483 1794 oratione,
496 1724 641 1778 convertit
652 1740 685 1779 se
695 1725 828 1796 pontifex
839 1727 877 1781 ed
886 1727 976 1782 altere
1069 1724 1323 1796 Peractedenique
1329 1724 1564 1793 consecratione,
1572 1723 1662 1778 altere
1668 1723 1867 1778 velaminibus

52 1816 62 1829 ’
136 1813 283 1885 incipiens
300 1812 498 1883 Antiphonem
512 1828 579 1868 cum
591 1813 705 1883 psalmo
719 1830 724 1868 :
739 1814 873 1871 introibo
889 1816 927 1870 ad
938 1815 976 1870 al·
990 1788 1017 1851 B
1033 1814 1109 1869 albis
1126 1814 1303 1886 cooperitur,
1321 1813 1430 1883 quibus
1447 1816 1475 1867 et
1493 1815 1710 1867 sacramentum
1726 1813 1866 1868 novitatis

140 1909 206 1959 tere
226 1903 283 1958 Dei
299 1901 394 1972 (Psal.
416 1904 498 1972 xnn).
523 1901 559 1955 Et
580 1902 659 1973 quod
682 1906 814 1958 remanet
835 1905 870 1959 de
886 1905 976 1959 molta
1033 1903 1208 1975 intelligitur
1221 1902 1250 1956 in
1266 1902 1431 1972 baptizetis,
1448 1904 1701 1971 atpeeenuntratnr
1711 1901 1807 1973 gloria
1818 1900 1868 1955 tu-

138 2007 197 2064 que
214 1991 340 2046 conditae
355 1993 425 2046 sunt
435 1993 605 2045 sanctorum
619 1990 762 2062 reliquiae,
775 1992 870 2047 fundit
880 1993 977 2047 edba—
1033 1995 1107 2046 turae
1127 1991 1372 2060 incorruptionis,
1396 2005 1463 2061 quse
1485 1989 1539 2045 erit
1560 1990 1590 2043 in
1612 1990 1797 2044 dedicatione
1818 1990 1869 2043 ille

139 2081 196 2136 sim
211 2079 323 2150 altaris,
340 2080 409 2151 quie
425 2079 503 2150 quod
524 2081 589 2149 ipse
614 2080 730 2150 nequit,
750 2080 900 2136 humiliter
916 2082 986 2137 Deo.
1033 2081 1165 2152 gloriosa
1180 2094 1246 2151 quae
1259 2079 1322 2149 jem
1343 2077 1485 2147 completa
1506 2078 1535 2132 in
1554 2079 1663 2148 capite,
1679 2078 1709 2132 in
1725 2078 1868 2132 membris

140 2169 308 2238 committit,
324 2172 353 2223 et
368 2169 574 2239 purgationem
591 2168 705 2223 scilicet
722 2169 909 2224 subditorum
925 2186 979 2241 per
1033 2171 1223 2239 exspectatur
1239 2165 1435 2236 adimplenda.

140 2273 248 2329 aquarn
262 2256 442 2328 intelligunt,
459 2259 487 2310 et
504 2256 778 2312 honorificationem
793 2262 975 2313 sanctorum.
1118 2256 1188 2312 Car.
1207 2256 1272 2310 Xlt.
1291 2255 1332 2310 Cc
1348 2260 1545 2309 sacramentis
1561 2253 1787 2310 ecclesiasticis.

141 2345 218 2400 Hinc
233 2343 373 2416 estquod
393 2344 422 2397 in
438 2344 596 2398 secritlciis
613 2345 730 2400 Veteris
747 2346 926 2401 Testamenti
943 2347 978 2401 de
1070 2345 1214 2412 Quoniam
1230 2345 1265 2400 de
1280 2343 1418 2399 ecclesiae
1430 2343 1664 2414 consecratione,
1676 2347 1762 2414 prout
1772 2344 1871 2398 brevi·

141 2433 288 2505 sanguine
305 2433 469 2487 hostiarum
485 2433 577 2504 digito
589 2433 979 2506 sacerdotisaspergebatur
1034 2436 1103 2490 tatis
1119 2436 1193 2489 ratio
1208 2434 1361 2504 poscebat,
1373 2432 1501 2504 egimus,
1515 2433 1572 2487 sub
1585 2433 1689 2487 eadem
1704 2434 1871 2503 compendii

141 2525 244 2577 contra
266 2520 378 2588 Deum3
403 2520 450 2574 vel
475 2521 505 2574 in
530 2521 671 2575 cornibus
693 2522 794 2576 altaris
814 2523 979 2594 ponebatur
1034 2523 1138 2594 regula
1155 2523 1192 2576 de
1207 2522 1251 2576 eis
1267 2538 1334 2592 quae
1350 2521 1380 2575 ιιι
1396 2520 1530 2576 Ecclesia
1541 2524 1693 2592 geruntur,
1705 2522 1817 2593 aliquid
1827 2522 1871 2575 di-

137 2605 224 2683 juxta
239 2609 453 2665 sacrificiorum
470 2608 681 2679 diversitatem,
698 2615 727 2665 et
742 2612 820 2682 quod
832 2612 978 2682 reliquum
1036 2627 1149 2665 camus
1162 2612 1280 2680 Septem
1292 2611 1362 2663 sunt
1374 2609 1548 2687 principalia
1558 2614 1742 2665 sacramenta
1757 2627 1824 2682 quea
1840 2611 1870 2665 in

140 2701 212 2769 erat,
229 2698 266 2753 ad
280 2698 378 2753 basim
393 2697 494 2752 altaris
511 2697 697 2768 tundebatur,
710 2699 779 2771 quia
791 2701 978 2754 sacerdotum
1036 2701 1164 2755 ecclesie
1184 2699 1402 2769 ministrantur,
1426 2715 1551 2770 quorum
1571 2701 1700 2770 quinque
1719 2700 1870 2773 generalia

141 2792 188 2844 est
198 2787 341 2860 quidquid
352 2788 479 2858 possunt
490 2787 527 2841 ed
538 2787 695 2842 utilitatem
705 2790 810 2861 gregis
822 2789 879 2843 sibi
895 2805 978 2844 com-

141 2877 230 2934 missi
243 2876 360 2945 tacere,
375 2876 455 2948 quod
470 2880 568 2931 autem
582 2877 663 2931 vires
685 2893 757 2931 sues
774 2877 900 2947 excedit,
918 2878 979 2932 Do-

140 2966 221 3022 mino
232 2965 425 3020 devotissime
437 2964 653 3020 commendare.
666 2964 759 3030 Quem
768 2966 891 3022 termam
902 2983 980 3022 sum·

1036 2792 1115 2858 sunt,
1132 2790 1200 2860 quia
1215 2789 1252 2842 ab
1268 2789 1312 2841 eis
1324 2791 1428 2842 neuter
1439 2803 1541 2857 sexuS,
1554 2788 1633 2841 nulle
1644 2791 1727 2859 cetea,
1740 2789 1870 2844 conditio

1036 2878 1116 2932 nulle
1131 2877 1307 2945 excluditur,
1323 2876 1462 2931 videlicet
1475 2876 1656 2946 baptismus,
1675 2877 1870 2947 oontlrmatio,

1037 2965 1874 3036 Eucharistia,p‹nnitentie,unctiointlrmoremdtuopar·

140 3069 208 3111 mus
226 3053 313 3110 Peste
336 3054 454 3109 caeteris
474 3053 608 3124 reliquit,
631 3070 698 3108 cum
718 3055 852 3125 passioni
868 3071 1024 3141 appro-,c
1036 3055 1170 3110 ticularie
1190 3059 1272 3123 sunt,
1297 3070 1332 3110 eo
1356 3054 1513 3125 quod·non
1534 3054 1701 3109 tribuentur
1716 3054 1871 3125 omnibus,

139 3144 288 3217 pinquens
299 3142 378 3197 Patri
387 3143 476 3214 dixit3
488 3143 593 3212 Pater,
607 3159 697 3199 serra
713 3159 764 3199 eos
779 3161 850 3217 quos
865 3145 979 3200 dedisti

140 3234 216 3290 mibi
230 3233 325 3305 (doen.
342 3233 425 3304 xvir).
447 3231 540 3297 Quem
560 3233 695 3305 Magistri
715 3233 839 3288 sormam
855 3239 977 3289 secutus

142 3321 255 3377 Paulus
270 3312 442 3392 insupremo
458 3321 583 3376 articulo
598 3322 665 3376 vitae
681 3322 850 3393 praesentis,
863 3323 979 3379 dicebat

138 3409 300 3479 discipulis
311 3410 376 3464 suis
387 3425 392 3464 :
405 3409 447 3463 lit
458 3426 534 3464 nunc
547 3411 717 3466 commende
735 3426 785 3466 ros
797 3411 929 3479 licutino,
950 3419 979 3467 et

143 3497 238 3553 verbo
247 3499 354 3569 gratiae
368 3498 433 3569 ejus
443 3499 522 3567 (Act.
533 3502 595 3568 xx).
608 3499 672 3554 Hoc
687 3503 784 3554 autem
797 3501 892 3555 innuit
901 3502 981 3556 dnti-

52 3624 63 3645 .
139 3586 249 3658 phone.
272 3586 348 3640 llicit
366 3586 444 3639 enim
469 3601 503 3640 se
524 3587 713 3642 introiturum
736 3588 771 3642 ed
796 3589 888 3645 altare
911 3591 978 3662 Dei,

140 3674 280 3730 videlicet
295 3675 331 3729 ad
357 3675 429 3729 illud
446 3675 525 3745 quod
547 3675 732 3746 significetur
744 3692 797 3747 per
811 3679 890 3733 istud
904 3679 980 3732 visi·

141 3761 212 3834 bile,
223 3764 261 3819 ad
273 3764 351 3835 quod
366 3780 425 3819 non
435 3766 568 3833 penetret
579 3765 684 3819 oculus
698 3767 814 3836 carnis,
836 3768 890 3821 sed
906 3784 979 3837 pura

142 3857 172 3908 et
185 3854 291 3908 devote
306 3853 430 3909 intentio
445 3854 563 3908 mentis.
587 3853 621 3907 Et
644 3853 701 3908 hoc
721 3858 766 3909 ast
782 3857 860 3925 quod
876 3857 980 3927 sequi-

141 3947 190 3997 tur
202 3958 208 3997 :
220 3944 270 3998 Ad
278 3943 370 3999 Deum
381 3943 431 4015 qui
441 3942 767 4014 lectiticetjurentutem
779 3961 872 4000 meam
883 3946 977 4014 (l’sel.

143 4032 226 4100 ιιιιι).

159 4118 229 4175 Gar.
246 4120 298 4174 lX·.
317 4120 359 4175 lle
374 4121 547 4176 extersione
565 4121 673 4176 alteris
693 4140 756 4177 cum
771 4121 850 4178 lineo
862 4139 970 4195 penne.

184 4207 291 4263 Postea
306 4208 397 4263 altare
417 4209 507 4263 linteo
530 4211 704 4282 extergitur.
729 4212 834 4267 Linum
849 4215 927 4268 enim
942 4214 978 4269 de

140 4299 170 4354 te
187 4312 235 4352 rra
249 4301 362 4368 ortum,
389 4315 456 4352 cum
484 4314 592 4370 magno
622 4300 723 4356 labore
747 4302 919 4371 perducitur
942 4303 979 4356 ad

1037 3144 1091 3199 scd
1107 3145 1284 3215 quibusdem
1297 3143 1459 3213 hominum,
1472 3143 1593 3198 ordines
1604 3143 1719 3198 scilicet
1730 3146 1758 3197 et
1768 3143 1874 3214 conju·

1037 3234 1128 3306 gium.
1146 3233 1188 3288 Da
1205 3233 1252 3287 tris
1267 3233 1405 3287 omnibus
1422 3232 1554 3286 scribere
1569 3232 1773 3287 necessarium
1789 3233 1872 3301 duxi,

1035 3326 1067 3376 ut
1081 3322 1251 3376 memoriter
1265 3325 1381 3376 teneam
1395 3321 1466 3392 quid
1485 3321 1515 3374 iu
1539 3321 1586 3375 tris
1606 3320 1785 3390 acceperim,
1807 3323 1872 3376 sire

1035 3412 1211 3479 ministrem,
1229 3411 1254 3464 si
1272 3411 1388 3482 quando
1404 3411 1523 3481 aliquod
1534 3424 1638 3464 eorum
1647 3410 1785 3464 menibus
1797 3413 1872 3465 meis

1035 3501 1195 3555 ministrari
1213 3501 1373 3571 contingat.
1388 3498 1526 3570 Alioquin
1540 3498 1576 3552 ad
1592 3514 1667 3553 usus
1682 3498 1807 3553 eliorum
1821 3515 1872 3569 pa·

1036 3605 1091 3643 nes
1108 3593 1202 3659 porto,
1219 3603 1274 3642 nec
1290 3591 1389 3660 gusto,
1408 3587 1508 3642 divina
1522 3576 1619 3642 tamen
1634 3587 1728 3660 gratia
1743 3602 1797 3641 sua
1812 3604 1870 3642 non

1037 3679 1193 3733 deserente
1205 3680 1399 3732 sacramenta.
1416 3677 1583 3731 Notandum
1598 3676 1688 3748 igitur
1700 3677 1779 3747 quod
1796 3693 1870 3747 prae·

1037 3768 1113 3821 dicte
1139 3767 1268 3838 quinque
1284 3769 1467 3820 sacramente
1486 3764 1636 3837 generalia
1655 3766 1786 3820 reniedia
1802 3770 1870 3821 sunt

1037 3859 1137 3910 contre
1152 3859 1272 3924 peccata
1280 3897 1288 3925 ,
1303 3859 1332 3909 et
1342 3854 1512 3926 originalia,
1526 3858 1554 3908 et
1565 3854 1699 3909 actualia.
1713 3853 1748 3908 Et
1761 3861 1807 3910 est
1818 3856 1870 3910 lia·

1036 3945 1163 4014 ptismus
1184 3945 1352 3998 intrantium
1376 3943 1559 3998 Ecclesiam:
1581 3944 1764 3999 contlrmatio
1788 3949 1870 3999 stan·

1023 4033 1108 4087 tium
1123 4034 1210 4105 quasi
1225 4034 1254 4087 in
1269 4049 1383 4104 pugne,
1399 4033 1570 4103 paenitentia
1585 4033 1737 4103 lapsorum
1752 4034 1806 4088 sed
1824 4050 1871 4089 re-

1036 4124 1237 4194 surgentium,
1260 4121 1439 4176 eucharistia
1465 4122 1644 4176 manentium
1668 4123 1698 4176 in
1721 4122 1869 4189 Ecclesia,

1036 4212 1136 4266 unctio
1147 4211 1317 4266 exeuntium
1328 4211 1364 4265 ab
1376 4210 1431 4266 hec
1445 4212 1513 4266 rite.
1526 4210 1598 4277 Quae
1609 4211 1728 4283 quidem
1743 4213 1871 4267 remedie

1036 4304 1103 4360 ante
1120 4300 1216 4372 legem
1233 4300 1342 4355 tiebant
1355 4315 1409 4371 per
1423 4301 1590 4355 sacrificia:
1608 4301 1666 4355 sub
1682 4301 1763 4374 lege,
1780 4306 1809 4356 et
1822 4317 1873 4373 per

142 4388 311 4443 candorem.
333 4387 412 4458 Ergo
435 4388 522 4459 quasi
536 4388 625 4444 linteo
648 4390 739 4445 altere
761 4407 820 4445 non
844 4392 1022 4458 mannia-1)
1038 4389 1313 4444 circumcissionem
1338 4394 1367 4444 et
1391 4405 1444 4459 per
1468 4390 1625 4445 sacriticie.
1651 4389 1872 4446 Sacramentum

141 4482 220 4533 ctum
236 4477 435 4550 extergimus,
457 4476 575 4547 quenda
591 4477 741 4533 Christum
756 4496 809 4549 per
824 4482 979 4551 angustias

141 4567 294 4639 passionis
311 4567 440 4621 intrasse
456 4566 654 4636 praedicemus
670 4568 701 4622 in
722 4569 862 4640 gloriam,
884 4573 912 4624 et
927 4585 979 4624 eos

141 4658 192 4728 qui
208 4658 243 4712 da
260 4671 384 4727 corpore
401 4656 497 4725 ipsius
514 4660 597 4726 sunt,
618 4657 697 4728 quod
717 4661 762 4712 est
778 4657 927 4727 Ecclesia,
944 4658 980 4712 ad

143 4745 210 4816 ejus
225 4746 417 4800 imitationem
431 4745 599 4800 invitamus
613 4746 724 4800 Deinde
741 4745 862 4801 ollertur
876 4748 980 4802 incen-

141 4849 219 4903 sum,
232 4836 310 4904 quod
322 4836 472 4907 significet
487 4837 637 4889 orationes
651 4840 831 4905 sanctorum,
844 4837 912 4907 quia
924 4853 977 4906 ρι·ο

141 4923 186 4977 cis
202 4923 309 4978 debent
327 4940 412 4978 orare
429 4925 557 4994 praelati,
574 4940 651 4996 quos
666 4925 703 4979 ed
714 4925 897 4980 tolerantiam
912 4942 979 4996 pes·

144 5010 262 5066 sianum
278 5011 410 5067 invitent.

177 5098 247 5170 Cer.
267 5100 304 5154 Χ.
323 5100 399 5165 Quid
414 5101 604 5172 significetur
623 5103 654 5156 iu
672 5106 810 5160 unctione
824 5105 941 5161 altaris.

179 5188 234 5242 llis
250 5189 386 5259 expletis,
402 5189 534 5259 pontifex
550 5207 668 5245 crucem
684 5192 753 5247 tecit
768 5193 804 5248 de
820 5194 978 5250 chrismate

139 5276 171 5335 iu
186 5277 283 5333 medio
293 5277 409 5346 elteris3
427 5278 532 5333 deinde
545 5294 598 5348 per
612 5284 739 5351 quatuor
750 5283 845 5353 ipsius
856 5298 977 5354 cornua,

142 5367 220 5424 sicut
230 5367 313 5440 prius
325 5366 435 5423 iecerat
445 5366 481 5423 dc
495 5383 570 5441 equa
588 5374 771 5427 consecrate.
788 5371 824 5426 Et
840 5373 887 5428 est
904 5372 977 5429 ordo

140 5472 304 5534 congruus,
316 5460 348 5514 ut
357 5460 425 5531 poet
439 5456 676 5513 emundationem
690 5475 745 5533 per
754 5477 861 5535 equam
872 5466 979 5536 etpost

139 5547 197 5607 alia
207 5563 274 5623 quea
290 5547 366 5606 dicte
382 5549 451 5604 sunt
469 5548 566 5605 oleum
581 5547 767 5621 adhibeatur,
782 5552 850 5625 quie
866 5556 894 5610 ct
911 5554 985 5610 san?

140 5645 187 5699 ota
205 5639 340 5701 Ecclesia
357 5640 441 5716 prius
458 5639 490 5698 in
507 5654 583 5717 aqua
602 5640 759 5697 mundetur
775 5640 972 5718 baptismatis,

1037 4479 1155 4533 duobus
1170 4479 1266 4533 modis
1282 4480 1399 4533 dicitur.
1421 4479 1587 4549 Aliquando
1608 4479 1685 4533 enirn
1702 4495 1872 4534 sacramen·

1037 4570 1098 4622 tum
1115 4568 1222 4623 dicitur
1241 4584 1336 4622 sacrae
1359 4568 1402 4622 rei
1424 4568 1560 4640 signum,
1582 4569 1662 4622 velut
1681 4569 1711 4622 in
1725 4568 1872 4639 baptismo

1038 4658 1167 4712 exterior
1182 4658 1303 4726 ablutio,
1316 4672 1382 4728 quae
1392 4657 1562 4711 interiorem
1573 4657 1722 4729 signitlcat
1733 4659 1872 4713 emunda-

1037 4746 1156 4802 tionem.
1173 4746 1339 4816 Aliquando
1359 4746 1468 4800 dicitur
1486 4750 1705 4800 sacramentum
1720 4749 1808 4817 quasi
1822 4763 1872 4801 se·

1037 4851 1121 4890 crum
1136 4839 1298 4904 secretum,
1315 4835 1395 4889 velut
1416 4839 1635 4890 sacramentum
1648 4836 1871 4891 incarnationis

1036 4930 1066 4980 et
1080 4924 1262 4996 hujusmodi.
1279 4925 1502 4978 Sacramentum
1521 4928 1619 4979 autem
1639 4925 1668 4979 in
1687 4925 1784 4980 tribus
1801 4942 1873 4982 con·

1036 5014 1125 5082 sistit,
1142 5014 1279 5069 videlicet
1293 5014 1323 5068 in
1340 5013 1436 5083 lectis,
1453 5015 1483 5067 ιιι
1499 5014 1596 5083 dictis,
1614 5015 1643 5068 in
1659 5015 1761 5071 rebus.
1779 5016 1814 5070 In
1828 5032 1873 5071 re·

1035 5103 1104 5172 bus,
1116 5106 1148 5157 ut
1158 5106 1205 5157 est
1219 5118 1295 5173 equa
1306 5106 1335 5157 et
1349 5102 1461 5174 oleum,
1482 5104 1511 5157 in
1527 5104 1625 5174 dictis,
1643 5107 1674 5158 ut
1689 5107 1735 5160 est
1750 5105 1873 5160 invoca-

1035 5193 1076 5249 tio
1092 5193 1261 5261 Trinitatis,
1278 5194 1308 5247 in
1320 5191 1418 5263 inette,
1429 5196 1460 5247 ut
1475 5195 1521 5248 est
1536 5193 1706 5249 submersio
1721 5194 1752 5250 in
1767 5209 1873 5268 aquam

1036 5286 1064 5340 et
1079 5281 1251 5338 insufflatio.

1253 5371 1322 5428 Gar.
1340 5371 1420 5427 xlll.
1437 5370 1481 5428 De
1496 5371 1651 5446 baptismo.

1071 5461 1203 5519 Primum
1223 5464 1440 5519 sacramentam
1462 5466 1509 5519 est
1528 5462 1705 5539 baptismus.
1727 5459 1781 5518 Est
1795 5461 1874 5519 enim

1035 5553 1123 5627 quasi
1133 5552 1226 5625 jenua
1237 5552 1375 5608 omnibus
1389 5551 1462 5606 atria
1479 5551 1624 5610 Ecclesiae
1640 5552 1871 5611 introeuntibus.

1036 5642 1089 5702 Est
1104 5646 1202 5704 autern
1215 5641 1382 5721 baptismus
1398 5641 1550 5703 immersio
1565 5641 1695 5703 hominis
1706 5642 1737 5702 in
1753 5657 1871 5723 ιιριιιιιι,
