3796 6022
116 257 175 324 563

385 294 388 299 ,
499 255 718 322 APPENDIX
739 256 796 319 AD
819 255 1011 320 HUGONIS
1034 255 1178 321 OPERA
1198 257 1467 324 DOGMATICA.

1791 265 1850 329 564

117 463 201 519 mus:
219 459 314 516 Pater
329 477 385 516 non
394 460 511 532 judicat
527 474 705 532 quemqnam,
715 458 771 513 sed
780 473 864 514 omne
873 457 956 530 jndi-
971 433 1002 496 Α
1015 460 1140 512 extrase
1155 460 1394 543 amareaoeperit,
1407 477 1537 516 amorem
1552 462 1672 533 quidem
1683 479 1772 518 suum
1787 463 1851 518 irri-

121 541 197 605 cium
208 549 291 604 dedit
302 549 331 604 F
330 549 390 604 ilio.
404 547 513 609 Habuit
527 547 603 602 enim
616 547 695 601 Deus
711 547 797 602 Pater
809 546 956 619 judicium
1015 549 1064 615 tat,
1081 547 1136 601 scd
1151 547 1300 602 miseriam
1316 565 1375 604 non
1390 549 1529 605 excludit.
1552 551 1690 608 Felioiter
1703 568 1778 626 crgo
1792 570 1850 608 non

118 655 186 694 cum
202 638 320 693 bomine
336 653 422 708 quem
439 636 956 707 or·eave1·atutcontemptussuipoe·
1014 635 1123 706 diligit,
1148 636 1242 692 donec
1271 638 1306 692 ad
1328 654 1430 693 verum
1451 642 1480 694 ct
1501 655 1650 696 summum
1668 641 1781 698 bonum
1799 659 1851 714 per

118 742 185 782 nam
200 727 342 799 exigeret.
361 725 469 779 Habuit
481 724 626 796 judicium
647 740 713 779 cum
728 723 856 796 diabolo,
873 725 956 780 utin·
1013 725 1123 779 amoris
1134 725 1314 781 desiderium
1326 743 1358 782 se
1370 729 1523 783 convertit.
1540 728 1612 794 Quia
1621 746 1692 784 vero
1701 711 1849 785 summum

117 815 251 870 vasionis
277 817 305 868 et
328 814 439 884 rapinae
464 829 552 885 qaam
575 813 685 868 iecerat
705 813 854 868 hominem
868 815 956 869 sedu-
1013 815 1042 866 et
1057 829 1160 869 verum
1173 815 1282 870 bonum
1300 816 1379 872 Deus
1396 821 1451 886 est,
1468 817 1553 872 solus
1569 818 1616 874 ille
1632 816 1759 874 feliciter
1774 825 1849 874 amat

120 903 225 975 condo,
243 918 364 958 causam
378 903 529 972 redderet,
547 902 601 957 scd
617 902 685 973 quin
700 902 784 957 solus
799 902 892 957 Filius
904 919 957 975 per
1013 902 1064 972 qui
1079 901 1171 957 Deum
1187 908 1280 973 amat,
1304 909 1333 960 et
1355 909 1434 961 tanto
1449 905 1565 962 felicius
1587 910 1696 978 quanto
1710 908 1847 980 amplius.

120 992 332 1047 incarnationis
347 991 522 1062 mysterium
537 993 565 1045 ot
579 991 728 1045 diabolum
739 991 810 1046 vicit
824 995 851 1046 ct
866 992 958 1046 homi·
1016 990 1085 1045 Haeo
1101 995 1147 1046 est
1161 991 1252 1062 igitur
1266 1009 1336 1048 vera
1352 995 1451 1050 cordis
1468 996 1562 1051 nostri
1580 995 1716 1068 requies,
1739 1013 1806 1052 cum
1820 998 1849 1052 in

120 1097 188 1136 nem
204 1098 220 1136 a
234 1084 379 1153 potestate
396 1080 463 1153 ejus
478 1081 599 1152 eripuit,
624 1081 709 1152 quasi
734 1097 750 1134 a
769 1081 854 1137 Patre
868 1097 956 1136 acoe—
1012 1095 1112 1135 amore
1128 1080 1180 1135 Dei
1195 1098 1249 1151 per
1263 1082 1443 1138 desiderium
1459 1084 1574 1157 tlgitur3
1598 1101 1653 1140 nec
1670 1085 1748 1141 ultra
1764 1086 1849 1157 quid-

119 1169 594 1242 ptnmjudioiumsolusexplevit.
604 1169 696 1224 Omne
706 1168 956 1242 automjudicium
1013 1184 1100 1239 quam
1116 1171 1238 1240 appetit,
1266 1173 1319 1228 sed
1334 1173 1363 1227 in
1378 1189 1413 1228 eo
1430 1174 1508 1245 quod
1523 1176 1611 1243 tenet,
1628 1175 1756 1251 quadam
1772 1175 1849 1230 felici

119 1275 136 1312 a
152 1259 237 1313 Patre
252 1260 407 1329 accepisse
422 1258 538 1327 dicitur,
563 1258 631 1330 quia
651 1263 679 1312 et
692 1259 821 1329 primum
834 1276 888 1330 pro
904 1261 956 1316 bo·
1013 1258 1171 1314 securitate
1185 1260 1356 1317 delectatur.
1372 1261 1446 1327 Quia
1460 1263 1538 1317 enim
1554 1263 1624 1318 illud
1636 1279 1691 1318 nec
1702 1264 1848 1335 appetitus

119 1346 497 1417 mine,postoadehomine,
510 1346 955 1422 aodeindehomincmjudioaro
1012 1346 1087 1401 ultra
1102 1349 1255 1419 protrahit,
1273 1366 1327 1405 nce
1341 1351 1429 1406 timor
1446 1351 1570 1422 repellit,
1588 1353 1805 1424 quodammodo
1820 1355 1849 1408 in

119 1436 297 1492 mittebatur.
325 1436 382 1490 Pro
405 1436 523 1490 homine
545 1435 703 1508 judicavit,
726 1439 842 1509 quando
857 1455 956 1494 eumn
1011 1435 1140 1505 idipsum
1154 1437 1350 1509 jucunditatis
1362 1439 1427 1495 sine
1443 1441 1781 1513 vexationerequiesoit.
1793 1442 1851 1498 Sed

118 1526 264 1596 potestate
280 1523 389 1580 diaboli
407 1525 523 1595 eripuit.
542 1525 625 1581 Unde
640 1526 697 1581 ait:
713 1526 955 1599 Nanojadioiam
1012 1527 1079 1596 quia
1096 1526 1232 1582 humanae
1247 1530 1355 1583 mentis
1370 1529 1535 1600 infirmitas,
1553 1532 1584 1584 ut
1598 1547 1657 1586 non
1669 1531 1765 1586 dicam
1776 1547 1851 1587 sem·

31 1609 35 1612 ’
120 1613 283 1683 estmundi,
295 1615 718 1688 nnnoprinccpslrnjasmundi
728 1617 956 1688 ejicieturioras
1011 1631 1064 1685 per
1075 1631 1144 1687 non,
1157 1617 1210 1672 sod
1223 1618 1274 1671 vix
1282 1617 1450 1689 aliquando,
1466 1619 1496 1673 in
1507 1619 1584 1674 illam
1595 1620 1703 1676 divinae
1714 1624 1847 1677 contam-

118 1702 214 1771 (Joan.
224 1702 287 1771 κη).
297 1702 383 1758 Nunc
394 1706 490 1759 autem
502 1705 537 1760 de
549 1704 799 1778 homineJudicat,
809 1706 955 1778 quosdam
1011 1704 1150 1773 piationis
1176 1705 1362 1761 dulcedinem
1383 1708 1435 1781 ligi
1451 1712 1563 1779 potest,
1588 1710 1715 1781 quodam
1731 1711 1847 1765 interim

117 1791 307 1864 pergratiam
318 1808 440 1864 vocans,
454 1794 599 1864 quosdam
609 1810 680 1849 vero
691 1810 744 1865 per
752 1795 897 1867 justitiam
907 1812 952 1852 ro·
1011 1792 1109 1848 studio
1125 1794 1159 1849 ad
1176 1794 1255 1849 illam
1270 1796 1308 1850 ad
1321 1812 1409 1868 quam
1420 1798 1544 1852 necdum
1555 1799 1724 1870 pertingere
1736 1799 1846 1854 sufficit

117 1882 260 1952 probanS,
276 1885 305 1936 et
319 1881 350 1936 in
364 1882 439 1953 ipsis
455 1884 568 1938 voeatis
583 1882 658 1939 alios
673 1884 855 1940 incremento
866 1885 954 1940 virtu·
1011 1882 1201 1937 stabilitatem
1210 1883 1436 1940 assuefacienda
1447 1889 1508 1941 est:
1523 1887 1618 1956 idest,
1631 1887 1657 1942 si
1669 1888 1847 1942 Deumsem-

117 1972 178 2025 tum
200 1986 395 2042 promovens,
418 1973 493 2027 alios
517 1976 613 2028 autem
636 1973 761 2046 agretia
781 1974 952 2030 decidentes
1009 1972 1201 2045 percogitare
1218 1990 1276 2028 non
1291 1991 1463 2045 possumus,
1481 1975 1585 2031 saltem
1600 1979 1798 2032 cornostrum
1810 1979 1845 2034 ab

116 2059 299 2132 relinquens.
325 2061 358 2116 lu
383 2060 480 2116 tuturo
504 2065 601 2117 autem
625 2062 774 2118 hominem
791 2062 951 2136 judicabit,

116 2149 256 2219 quoniam
270 2150 432 2222 uniquique
448 2152 612 2207 secundnm
628 2167 717 2222 opera
732 2167 786 2207 sua
807 2154 952 2235 reddens,

24 2248 27 2252 ’
115 2239 152 2293 ad
166 2239 292 2312 gloriam
303 2239 378 2295 alios
393 2240 562 2311 destinabit,
579 2241 615 2296 ad
630 2258 747 2312 poenam
762 2242 847 2298 alios.

115 2326 177 2384 Tar.
187 2327 305 2383 CLXX.
317 2330 362 2383 De
373 2345 407 2385 eo
417 2330 492 2402 qnod
502 2331 645 2402 scriptam
657 2336 703 2385 est
715 2347 720 2385 :
742 2355 752 2378 ι·
766 2331 890 2386 Dimitte
902 2348 951 2387 ao-

150 2416 200 2471 bis
214 2416 316 2472 debita
328 2423 441 2487 nostra,
459 2419 536 2474 sicut
547 2425 576 2474 et
587 2436 640 2475 nos
651 2419 828 2475 dimittimus
836 2420 951 2476 debito·

150 2504 238 2561 ribus
252 2507 375 2562 nostris.
399 2527 409 2557 ι

86 2655 88 2661 1
145 2593 952 2655 Demittenobisdebitanoslrasieutetnosdimittimus

115 2686 305 2742 debitoribus
316 2687 429 2743 nostris
439 2685 559 2756 (Mattb.
570 2688 620 2759 vr).
631 2688 728 2746 Minus
739 2693 785 2743 est
796 2689 892 2744 debita
904 2691 950 2744 di-

113 2779 228 2834 mittere
243 2794 331 2849 quam
346 2778 483 2833 inimicos
498 2778 632 2850 diligere.
659 2778 827 2833 Christiano
853 2784 950 2835 autem

113 2868 149 2923 ad
164 2867 377 2938 perlectionem
391 2868 508 2923 virtutis
525 2867 641 2938 dicitur,
659 2872 690 2923 ut
703 2883 761 2922 non
777 2869 873 2923 solum
891 2886 950 2924 non

113 2958 209 3029 odiat,
235 2959 289 3014 sed
304 2958 391 3014 etiam
406 2963 437 3014 ut
452 2959 555 3031 diligat
570 2957 716 3013 inimicos.
742 2958 801 3014 Sed
820 2960 888 3031 quia
913 2961 950 3015 ad

1009 2059 1120 2116 illicitis
1136 2065 1164 2116 et
1175 2063 1260 2117 vanis
1273 2064 1502 2136 cogitationibus
1513 2066 1721 2138 restringendo
1732 2068 1763 2120 in
1775 2084 1845 2123 oon-

1009 2149 1188 2205 sideratione
1204 2166 1326 2221 operum
1341 2152 1392 2207 Dei
1410 2157 1438 2207 et
1454 2154 1632 2209 mirabilium
1647 2154 1714 2227 ejus
1726 2155 1799 2210 illud
1810 2161 1847 2211 te·

1008 2254 1143 2310 neamus,
1159 2244 1191 2295 ut
1205 2240 1274 2295 dum
1284 2256 1402 2311 semper
1413 2243 1510 2297 minus
1523 2243 1677 2299 instabiles
1690 2260 1761 2300 esse
1771 2249 1845 2300 sata·

1008 2328 1122 2399 gimas,
1142 2332 1239 2384 tamen
1254 2329 1411 2401 aliquando
1422 2331 1548 2386 donante
1564 2332 1625 2387 Deo
1637 2348 1706 2388 vere
1722 2333 1845 2389 stabiles

1008 2416 1071 2471 lieri
1088 2418 1248 2474 valeamus.
1265 2419 1303 2474 Ut
1313 2423 1410 2475 autem
1420 2421 1614 2491 promotionis
1624 2421 1716 2493 hujus
1726 2422 1845 2495 aliquod

1007 2508 1059 2562 tihi
1076 2509 1242 2579 exemplum
1258 2510 1431 2582 subjiciam,
1456 2511 1616 2566 universus
1640 2512 1697 2566 iste
1716 2513 1845 2568 mundus

1007 2597 1247 2668 quasiquoddam
1258 2598 1402 2654 diluvium
1412 2603 1473 2655 est:
1486 2599 1554 2672 quia
1564 2600 1660 2655 omnia
1671 2616 1739 2673 quaa
1750 2602 1781 2656 in
1790 2602 1845 2657 hoo

1007 2686 1844 2760 mundosuntadsimilitudinemaquoeincertiseventibns

1007 2775 1174 2831 fluctuando
1199 2776 1368 2831 decurrunt.
1392 2778 1468 2833 Vera
1483 2781 1579 2833 autem
1596 2778 1685 2848 tides,
1702 2795 1770 2851 quae
1786 2796 1845 2835 non

1007 2864 1185 2933 transitoria,
1196 2865 1249 2919 sed
1259 2869 1367 2920 aeterna
1379 2868 1529 2936 promittit,
1542 2868 1627 2939 qnasi
1638 2868 1842 2939 aquibusdam

1007 2954 1146 3009 ductibus
1155 2954 1332 3009 sioamundi
1342 2955 1433 3027 hujus
1443 2957 1599 3026 cupiditate
1611 2956 1640 3010 in
1650 2973 1780 3028 superna
1787 2961 1844 3014 ani·

112 3047 204 3120 iinjns
228 3050 371 3121 pnoennpti
390 3049 578 3105 eminentiam
594 3064 652 3104 non
668 3064 771 3104 omnes
786 3050 949 3107 ascendere
968 3028 1085 3098 Cmum
1101 3043 1213 3113 attollit,
1231 3047 1260 3098 et
1270 3045 1379 3114 portari
1390 3045 1509 3116 quidem
1520 3047 1557 3101 ab
1567 3046 1652 3117 aquis
1668 3050 1776 3117 potest,
1790 3048 1842 3103 sed

111 3142 248 3208 possunt,
261 3155 298 3195 ne
307 3139 444 3195 fiduciam
455 3139 556 3195 orandi
570 3138 805 3210 imperfectiores
815 3139 946 3210 perdant,
1007 3133 1101 3206 mergi
1113 3134 1232 3189 omnino
1248 3149 1306 3189 non
1317 3137 1424 3205 potest,
1434 3135 1503 3205 quia
1513 3136 1548 3189 ad
1561 3136 1771 3191 necessitatem
1787 3137 1843 3193 hoc

111 3229 359 3300 qnihnsfnninssn
370 3229 946 3300 nnnndissniniininnssufficninpniesi,
1006 3222 1115 3277 mundo
1131 3223 1230 3292 utitur,
1247 3223 1300 3277 sed
1316 3223 1383 3295 ejas
1399 3223 1558 3279 desideriis
1569 3240 1621 3294 per
1635 3223 1772 3279 allectum
1784 3243 1843 3281 non

111 3317 176 3388 ipsa
188 3319 330 3376 meionis
342 3318 470 3374 munitio
479 3320 524 3374 ⁸10
534 3321 694 3389 temperata
705 3323 760 3374 nsi,
773 3318 947 3375 Sndcnven.
1005 3311 1180 3382 implicatur.
1193 3311 1335 3383 Quisquis
1352 3328 1424 3384 ergo
1439 3315 1549 3368 aeterna
1560 3327 1619 3367 non
1630 3314 1768 3383 credens,
1779 3316 1842 3370 sola

111 3407 181 3461 dum
191 3423 380 3478 summopere
391 3407 542 3478 estiisqui
553 3407 582 3462 in
593 3408 947 3478 suisprecibusexaudiri
1004 3418 1071 3472 quae
1085 3406 1239 3457 transeunt
1254 3404 1377 3473 appetit,
1396 3403 1474 3457 huno
1490 3403 1576 3474 quasi
1592 3403 1657 3457 sine
1673 3395 1741 3457 navi
1757 3403 1842 3459 labo-

110 3495 291 3565 desiderant,
303 3499 334 3551 ut
344 3495 809 3553 sinecdumaffeetnmcharitatis
818 3496 946 3552 inimicis
1003 3494 1116 3546 rantem
1125 3492 1155 3546 in
1164 3493 1303 3547 fluctibus
1312 3493 1439 3563 impetus
1448 3492 1842 3563 aquaedecnrrentissecum

110 3584 281 3654 impendel-0
296 3586 471 3655 pnaevninnt,
498 3586 603 3642 saitem
617 3586 739 3642 fraterni
754 3586 813 3642 odii
828 3586 901 3641 nihii
917 3586 946 3640 in
1002 3580 1099 3635 trahit.
1116 3580 1172 3646 Qui
1187 3598 1258 3636 voro
1275 3584 1385 3637 aeterna
1401 3582 1527 3635 eredens
1546 3582 1716 3635 transitoria
1733 3582 1840 3655 diligit,

111 3675 200 3731 corde
224 3674 358 3730 residere
382 3675 566 3746 permittant,
592 3679 624 3730 ut
648 3675 823 3730 fiducialiter
847 3672 945 3730 dicere
1003 3667 1142 3739 hicjuxta
1151 3686 1256 3724 navem
1266 3670 1454 3742 naufragium
1465 3669 1543 3723 iacit.
1555 3668 1609 3733 Qui
1621 3673 1718 3724 nutem
1729 3675 1840 3727 aeterna

110 3763 245 3834 possint:
263 3763 388 3820 Dimitte
403 3764 490 3820 nobis
504 3764 606 3820 debita
620 3769 732 3829 nostra,
750 3767 806 3819 etc.
821 3762 897 3818 Nam
908 3779 946 3817 ex
1001 3756 1079 3812 bona
1102 3761 1130 3812 et
1153 3759 1245 3813 eredit
1266 3762 1294 3813 et
1318 3758 1428 3829 diligit,
1455 3758 1503 3812 hic
1522 3758 1552 3811 in
1568 3758 1635 3812 navi
1650 3759 1767 3828 positus
1784 3761 1840 3814 ssu-

110 3852 288 3910 conditionis
302 3853 415 3908 ratione
431 3853 458 3907 si
473 3869 532 3908 nou
547 3853 677 3924 perfecte
700 3853 861 3920 dimittunt,
888 3851 945 3921 ipsi

109 3957 144 3998 se
159 3958 214 3998 sua
228 3942 360 3998 oratione
375 3943 473 4015 magis
488 3942 705 4014 constringunt.
731 3940 805 3996 Sunt
819 3955 944 4011 namque

108 4031 160 4102 qui
175 4032 220 4086 sie
236 4031 383 4086 dimittunt
397 4034 429 4085 ut
443 4031 602 4086 vindictam
618 4030 736 4102 quidem
752 4028 870 4098 injuriae
886 4044 945 4083 non

109 4120 240 4192 exigant,
257 4123 286 4175 et
299 4122 396 4176 tamen
411 4120 449 4175 ab
463 4121 561 4175 animo
577 4119 676 4175 odium
691 4117 802 4171 inimici
816 4132 875 4171 non
890 4133 944 4172 ex-

110 4209 237 4265 cludant.
262 4208 345 4276 Quod
367 4210 394 4265 si
419 4225 474 4264 nos
499 4208 548 4263 tali
564 4208 651 4262 modo
667 4206 765 4261 debita
781 4209 882 4260 nostra
898 4207 943 4260 di-

107 4298 182 4354 mitti
190 4299 328 4371 petimus,
338 4299 408 4371 quid
420 4298 500 4352 aliud
509 4300 609 4368 petere
618 4295 831 4362 convincimur,
844 4294 903 4349 nisi
913 4297 944 4349 ut

1002 3847 1127 3901 eluentis
1139 3848 1229 3902 maris
1241 3848 1334 3902 undas
1345 3863 1470 3902 securus
1480 3848 1649 3917 pertransit.
1657 3846 1697 3902 'Et
1707 3849 1776 3919 quia
1785 3865 1839 3919 per

1001 3935 1181 3991 desiderium
1190 3936 1257 3991 ildei
1266 3952 1372 3990 navem
1383 3953 1442 3990 non
1450 3937 1677 4009 transgreditur,
1686 3936 1750 4008 jam
1761 3954 1837 4009 quo-

1001 4024 1156 4080 dammodo
1179 4026 1208 4079 in
1233 4025 1371 4080 fluetibus
1392 4029 1478 4080 terrac
1494 4025 1681 4080 stabilitatem
1696 4027 1836 4083 imitatur.

1002 4113 1131 4168 Primum
1142 4130 1214 4185 ergo
1223 4116 1248 4168 si
1261 4115 1317 4168 boc
1326 4130 1550 4185 maremagnum
1558 4113 1644 4169 illaesi
1654 4117 1837 4185 pertransire

1001 4202 1149 4271 volumus,
1167 4203 1345 4258 laluiaomus
1360 4219 1476 4271 navem,
1495 4207 1524 4258 nt
1535 4204 1622 4257 iidem
1632 4204 1780 4277 integram
1791 4205 1838 4260 ha·

1001 4290 1133 4345 beamus.
1152 4291 1262 4346 Deinde
1279 4308 1383 4346 navem
1401 4292 1466 4347 fidei
1482 4292 1682 4349 inhabitemus
1697 4309 1751 4363 per
1765 4294 1837 4349 cha-

107 4404 164 4444 nos
180 4389 269 4453 odiat,
286 4393 315 4446 et
329 4405 385 4446 nos
400 4387 502 4459 puniat
516 4387 618 4442 Deus?
632 4384 734 4439 Omnis
749 4400 821 4455 ergo
837 4383 985 4471 amari-D
1001 4380 1126 4448 ritatem,
1142 4384 1172 4435 nt
1188 4384 1215 4434 ot
1231 4381 1386 4437 credamus
1403 4381 1481 4452 quod
1496 4381 1619 4453 diligere
1636 4382 1791 4453 debemus,
1809 4385 1837 4438 et

107 4478 178 4535 tudo
194 4481 223 4534 et
236 4493 344 4537 rancor
358 4491 485 4532 necesse
497 4477 543 4530 est
556 4475 593 4529 ab
609 4473 706 4528 animo
715 4473 898 4541 excludatur,
915 4476 946 4526 nt
1001 4468 1245 4540 diligamnsquod
1257 4470 1416 4525 credimus,
1429 4470 1537 4541 Sisque
1548 4474 1576 4524 et
1586 4470 1634 4525 lex
1645 4470 1699 4526 Dei
1707 4471 1738 4526 in
1746 4472 1836 4527 corde

107 4582 182 4638 pura
192 4565 373 4624 conscicntia
389 4563 530 4634 precibus
542 4561 628 4617 citius
640 4559 775 4617 ellectum
786 4560 904 4630 tribuat,
918 4562 945 4615 si
1000 4561 1103 4614 nostro
1113 4559 1304 4628 sitperrectae
1314 4558 1381 4613 fidei
1391 4559 1600 4631 coguitionem,
1608 4561 1836 4616 etcoraostrum

107 4655 139 4711 in
154 4656 251 4712 animo
265 4656 368 4710 nostro
388 4651 460 4707 nihil
480 4650 625 4707 resederit
649 4651 728 4721 qnod
749 4665 830 4717 eum,
857 4665 944 4720 quem
1000 4647 1030 4701 in
1045 4648 1111 4719 lege
1128 4647 1179 4701 tlei
1195 4647 1233 4700 sit
1246 4663 1300 4717 per
1314 4647 1509 4703 dilectionem.
1532 4647 1590 4703 Sed
1607 4651 1637 4702 ut
1652 4648 1770 4704 facilius
1786 4665 1835 4705 oo·

108 4744 211 4800 tallere
226 4758 286 4798 non
301 4757 474 4812 possumne,
491 4740 628 4797 otiandat.
999 4751 1130 4807 gnoseos
1145 4736 1292 4807 quomodo
1304 4735 1349 4790 vel
1367 4736 1443 4790 unde
1459 4737 1534 4790 hane
1549 4752 1636 4807 quam
1650 4737 1711 4791 dixi
1728 4754 1834 4794 navem

157 4832 219 4887 Tm.
235 4830 367 4886 (mxxi.
386 4831 467 4897 Quod
481 4845 563 4887 amor
577 4830 635 4885 Dei
649 4830 690 4885 sit
708 4830 766 4884 rita
783 4828 893 4883 cordis.
999 4824 1063 4879 sive
1074 4841 1173 4880 arcam
1188 4826 1219 4879 in
1230 4826 1318 4880 corde
1330 4829 1379 4879 tuo
1390 4825 1537 4879 aedificare
1549 4825 1669 4895 debeas,
1682 4842 1834 4899 perquam

41 4930 43 4935 ·
144 4920 211 4976 Vita
225 4920 325 4976 cordis
340 4936 423 4975 amor
433 4923 487 4989 est,
505 4920 660 4975 etidcirco
676 4918 794 4973 omnino
805 4917 944 4987 impossi·
999 4913 1090 4984 baajus
1106 4913 1209 4968 diluvii
1224 4913 1378 4986 naufragio
1389 4914 1525 4983 eductae,
1540 4914 1576 4968 ad
1591 4918 1707 4985 portum
1724 4915 1833 4986 quietis

107 5009 166 5065 bile
182 5012 229 5065 est
242 5011 273 5065 ut
288 5008 354 5065 sine
368 5024 468 5064 amore
493 5008 531 5063 sit
554 5023 606 5063 cor
626 5008 706 5080 quod
729 5007 830 5060 vivero
853 5004 941 5075 eupit.
998 5003 1164 5073 perventae,
1183 5003 1240 5057 duo
1257 5018 1344 5072 opera
1354 5002 1405 5057 Dei
1418 5002 1592 5058 considera:
1609 5003 1833 5076 videlicetopus

106 5099 184 5165 Quid
206 5098 278 5153 binc
298 5100 441 5168 sequatur
470 5096 636 5153 considera.
662 5095 691 5150 Si
714 5095 793 5151 enim
816 5093 944 5150 humana
998 5091 1176 5146 conditionis
1188 5093 1218 5146 et
1230 5106 1305 5162 opus
1316 5091 1551 5147 restaurationis.
1567 5092 1647 5162 Opus
1658 5096 1756 5148 autern
1767 5110 1835 5150 coa·

106 5203 192 5243 mens
208 5186 274 5243 sine
289 5202 389 5242 amore
404 5201 547 5242 essenon
562 5188 669 5256 potest,
685 5186 735 5238 aut
750 5183 880 5253 seipsam
894 5184 944 5237 aut
998 5179 1118 5234 ditionis
1133 5183 1180 5236 est
1195 5181 1303 5236 creatio
1320 5180 1385 5235 coeli
1402 5183 1430 5235 et
1445 5183 1531 5235 terrae
1546 5184 1574 5235 ot
1586 5181 1793 5254 omniumque
1803 5184 1834 5238 in

58 5284 61 5289 '
107 5279 187 5333 certe
202 5275 282 5332 aliud
296 5273 407 5347 aliquid
423 5289 491 5328 ase
510 5272 611 5345 diligat
633 5287 759 5328 neeesse
783 5275 838 5326 est.
869 5270 942 5336 Quia
997 5270 1042 5324 eis
1066 5269 1261 5338 continentur,
1287 5285 1353 5342 quae
1368 5269 1635 5325 sexdiebuslaota
1650 5275 1734 5340 sunt3
1757 5287 1833 5343 opus

106 5366 225 5423 veroin
241 5365 342 5435 seipsa
356 5360 641 5435 perlectumbonum
656 5376 715 5416 non
730 5359 856 5427 invenit,
872 5359 941 5414 sisa
998 5373 1069 5412 vero
1085 5358 1319 5428 restaurationis,
1335 5359 1497 5413 incarnatio
1506 5358 1606 5428 Verbi,
1619 5362 1647 5414 et
1657 5360 1755 5414 amnia
1765 5376 1833 5432 quae

107 5456 202 5512 solam
212 5454 360 5526 diligeret,
377 5451 449 5507 iclix
463 5467 546 5505 amor
555 5466 615 5505 non
626 5452 716 5505 esset.
728 5447 848 5519 Oportet
856 5463 940 5520 ergo,
996 5462 1013 5499 a
1036 5446 1182 5517 principio
1203 5447 1305 5502 mnndi
1325 5462 1421 5518 usqne
1445 5447 1480 5500 ad
1505 5448 1592 5515 finem
1614 5446 1660 5501 vel
1680 5448 1716 5501 ad
1737 5448 1833 5518 ipsam

107 5545 133 5600 si
150 5541 510 5608 feliciteramaredesirat,
527 5543 558 5594 ut
573 5538 651 5594 aliud
666 5538 774 5609 aliquid
788 5540 897 5608 praeter
908 5552 941 5592 sa
996 5535 1250 5606 praenuntiandam
1264 5540 1494 5607 precesserunt,
1512 5535 1558 5590 vel
1570 5536 1606 5591 ad
1617 5536 1713 5607 ipsam
1725 5538 1832 5594 conllr·

106 5633 185 5706 quod
200 5634 279 5690 amet
292 5631 429 5705 inquirat.
453 5630 596 5688 Stantem
613 5626 816 5700 imperfectum
830 5625 942 5697 aliquid
997 5624 1132 5679 mandam
1155 5627 1293 5680 secutura
1319 5629 1397 5681 sunt.
1420 5625 1491 5692 Quac
1510 5626 1608 5681 omnia
1624 5642 1680 5683 sex
1693 5626 1832 5687 aetatibus
