3796 6022
116 294 175 366 etl
504 293 725 364 APPENDIX
743 293 802 361 AD
824 289 1017 363 HUGONIS
1039 289 1184 360 OPERA
1204 288 1470 359 noeunrtcn.
1794 287 1856 392 ³⁷2

118 498 282 560 benedicit.
298 499 357 557 Per
372 499 502 556 Verbum
518 498 596 554 enim
610 498 698 554 Peter
712 501 846 554 naturum
856 511 956 553 rerum
971 477 1000 541 Α
1015 512 1082 569 qum
1093 497 1263 568 superbiam
1278 499 1373 566 sanet,
1389 500 1554 568 utregnum
1565 494 1706 550 celorum
1716 494 1854 564 quodsu-

118 591 241 660 orenvit,
262 593 292 648 et
313 606 369 662 per
396 589 533 646 eumdem
562 588 713 644 Christum
752 587 896 658 mirificet,
926 590 958 643 ut
1015 588 1127 658 perbus
1143 587 1279 658 perdidit,
1289 586 1410 641 humilis
1421 585 1564 656 acquiret.
1580 585 1700 639 Undein
1713 583 1852 655 Evange-

119 681 205 740 cibus
230 682 259 736 et
285 681 374 750 potus
399 679 566 734 eommunis
591 679 642 733 ilut
677 677 764 732 cibus
803 680 831 731 et
870 679 958 748 potus
1015 676 1055 732 lio
1073 693 1079 731 :
1097 676 1187 731 Beeti
1198 692 1348 748 pauperes
1362 676 1482 749 spiritu,
1508 675 1642 748 quonium
1660 674 1789 747 ipsorum
1806 680 1853 729 est

120 767 293 843 singularis.
312 767 370 825 Per
383 767 514 823 Verbum
531 770 687 837 utrumque
712 765 872 839 significat,
890 767 961 820 dum
1017 781 1141 837 repnum
1156 765 1425 835 celorummettlr.
1438 767 1480 830 v).

119 860 230 917 tentum
240 856 333 913 rebus
349 855 454 912 center
470 856 606 930 gratium,
625 859 656 913 ut
672 855 821 926 homoqui
835 853 961 925 percipit
1053 854 1190 909 Secunda
1212 855 1313 924 petitio
1336 858 1382 910 est
1404 857 1506 910 contre
1532 854 1682 909 invidiam.
1700 854 1853 909 Adveniet

122 945 332 1016 sanctificetur,
352 945 494 1012 vivificet,
517 950 550 1001 ut
564 945 615 1017 qui
636 944 726 1019 digne
751 943 841 998 sumit
861 942 961 997 vivifi·
1018 959 1143 1016 regnum
1160 949 1251 997 tuum.
1264 945 1401 1016 Regnum
1415 944 1533 1000 eiselus
1550 948 1598 999 est
1614 944 1781 998 homiuum.
1794 944 1852 1008 Qui

124 1036 217 1104 cetur,
228 1034 391 1103 benedicit,
408 1035 500 1107 utqui
511 1034 666 1107 participat
680 1036 822 1090 mteruem
836 1027 963 1104 occipiui
1018 1048 1092 1105 ergo
1103 1033 1147 1088 sie
1157 1034 1238 1104 petit,
1247 1034 1702 1090 commuuemsulutemomnium
1712 1034 1851 1103 postulet,

121 1123 372 1185 benedictionem.
1019 1123 1047 1175 et
1056 1121 1100 1176 sic
1109 1122 1248 1177 iuvidiam
1258 1124 1406 1194 reprobet.
1418 1123 1493 1178 Huic
1500 1124 1585 1177 datur
1591 1123 1713 1194 spiritus
1722 1123 1851 1193 pietatis.

145 1215 292 1286 ⁸Orcmus.
308 1216 479 1289 Proeceptis
493 1214 678 1271 solutoribus
693 1215 807 1269 moniti.
823 1212 961 1269 Pontifex
1018 1210 1185 1266 neeendens
1194 1228 1246 1266 cor
1253 1213 1288 1266 ed
1297 1212 1508 1285 benignitatem
1519 1215 1664 1283 quatenus
1673 1212 1710 1266 ed
1718 1212 1852 1266 eumdem

123 1304 242 1378 legalis,
253 1321 416 1379 regressus
431 1306 468 1360 ed
486 1305 638 1376 populum,
662 1304 780 1360 levabat
807 1308 920 1373 vestes,
933 1303 962 1358 et
1017 1300 1244 1370 possessionem
1259 1303 1347 1357 terres
1362 1303 1524 1358 viventium
1546 1304 1698 1374 perveniet
1712 1304 1749 1358 ad
1764 1320 1853 1375 quam

119 1393 290 1452 immundus
315 1398 413 1450 tumen
441 1398 505 1451 eret
531 1410 628 1467 usque
653 1395 689 1450 nd
718 1410 884 1466 vesperum.
911 1394 960 1451 sie
1018 1389 1259 1461 aliosparvenire
1275 1392 1433 1462 desideret,
1448 1393 1533 1463 juxta
1549 1392 1638 1447 illud:
1653 1393 1741 1448 Beeti
1751 1394 1849 1459 mites,

118 1482 258 1539 Christus
287 1485 337 1558 qui
358 1485 477 1540 introvit
502 1489 605 1541 ennete
635 1487 817 1554 sanctorum,
834 1485 910 1541 redit
923 1484 960 1539 ud
1019 1480 1152 1551 quonium
1167 1481 1227 1552 ipsi
1237 1481 1433 1553 possidebunt
1445 1487 1558 1539 terrem
1568 1481 1688 1551 (Metti.
1701 1482 1740 1553 v).
1753 1483 1851 1538 Tertia

120 1570 287 1629 Ecclesium
317 1574 522 1645 compatiendo
555 1577 584 1630 et
607 1574 786 1645 auxiliendo,
817 1577 845 1629 et
881 1573 961 1629 luunt
1016 1569 1851 1641 0010001000000000101οε101ιό10010010001001

121 1665 224 1720 vestes
240 1678 324 1732 sues,
352 1663 382 1718 id
398 1666 443 1719 est
464 1666 586 1719 snnctos
602 1663 781 1732 mundificat,
807 1666 836 1718 et
860 1665 957 1718 temen
1017 1657 1047 1711 10
1063 1657 1136 1712 00010
1151 1663 1179 1712 01
1194 1659 1222 1712 in
1240 1665 1332 1714 10000.
1358 1660 1425 1716 Νο0
1440 1661 1518 1716 euim
1533 1661 1595 1715 vult
1610 1661 1788 1716 contendere
1799 1663 1849 1733 qui

122 1767 219 1824 usque
248 1752 286 1808 ad
311 1752 398 1808 linem
423 1752 528 1809 saeculi
563 1752 705 1808 membris
743 1752 811 1824 ejus
847 1752 954 1824 aliqum
1014 1747 1151 1817 sicpetit,
1168 1748 1222 1802 sed
1243 1749 1361 1819 plueere
1377 1751 1435 1805 sibi
1463 1750 1573 1805 iudicet
1601 1751 1724 1823 quiquid
1739 1751 1848 1807 divium

119 1840 274 1898 adherent
288 1841 421 1898 meeuiae,
451 1841 599 1900 Sneeudee
614 1842 701 1898 etiem
716 1842 793 1900 redit
807 1842 952 1913 adpopu-
1013 1835 1110 1905 pleect
1123 1837 1275 1893 voluntati.
1297 1839 1372 1894 Huic
1401 1840 1487 1894 detur
1514 1839 1638 1911 spiritus
1654 1840 1799 1909 scientim,
1818 1845 1849 1895 ut

116 1927 195 1999 lum3
225 1929 368 2002 quidum
396 1947 503 1988 rursus
531 1931 589 1987 ulta
617 1947 691 1987 voce
718 1947 824 2002 preces
853 1932 952 1986 multi·
1012 1926 1076 1997 ipse
1092 1927 1128 1981 ed
1143 1942 1195 1982 cor
1210 1928 1580 1985 venienserudietilludet
1595 1930 1847 1987 salubritercom-

95 2017 216 2089 ί011001,
243 2017 324 2075 tores
348 2019 431 2076 exire
459 2020 586 2090 videtur,
623 2020 674 2091 qui
706 2019 847 2092 precibus
875 2021 956 2076 velut
1011 2016 1134 2088 punget,
1149 2018 1181 2070 01
1195 2015 1739 2090 00101000000100000010011100,οκ
1750 2020 1846 2091 culpn;

116 2107 203 2179 aquis
218 2107 396 2164 vestimentu
423 2125 488 2179 sue,
513 2109 544 2164 id
572 2113 619 2164 est
646 2110 798 2180 populum,
822 2109 901 2164 levet
929 2112 957 2165 et
1013 2103 1550 2177 01001000100100110100011,οκ
1565 2108 1770 2163 misericordie
1796 2109 1847 2164 Dei

117 2196 249 2267 mundet,
288 2200 437 2259 ettamen
479 2199 649 2254 immundus
688 2198 849 2271 judicatur,
889 2199 957 2270 quie
1012 2193 1185 2263 procedere.
1202 2194 1260 2250 l’er
1270 2198 1537 2266 compunctionem,
1547 2196 1647 2270 igitur,
1660 2197 1738 2252 irnet
1753 2198 1848 2269 indig-

118 2299 216 2357 neque
231 2284 268 2341 ed
287 2289 413 2343 montem
440 2288 519 2359 qued
548 2288 664 2342 levetur
681 2287 737 2342 erit
760 2287 886 2343 inomni
900 2287 958 2344 ho·
1013 2283 1092 2337 uutio
1106 2283 1195 2338 00101
1211 2284 1371 2356 mitigetur,
1388 2289 1416 2340 01
1426 2302 1481 2356 per
1501 2285 1579 2340 hene
1592 2287 1741 2358 virtutem,
1758 2287 1788 2341 id
1803 2291 1849 2342 est

119 2373 209 2443 mine,
225 2372 383 2430 etinlunn
399 2379 446 2430 est
468 2376 593 2431 mocula.
610 2375 753 2432 Oraturus
769 2392 842 2449 ergo
858 2380 957 2432 monet
1014 2373 1271 2442 compunctionem
1291 2374 1408 2431 venitur
1437 2375 1473 2429 ad
1489 2391 1588 2430 verum
1604 2376 1744 2445 lentitiam,
1763 2375 1848 2447 juxta

121 2476 217 2530 orere,
248 2462 360 2518 docens
382 2464 463 2535 quod
482 2463 658 2520 fiducialiter
680 2478 764 2520 orere
794 2481 957 2535 possumus
1011 2460 1083 2515 illud
1101 2462 1180 2532 quod
1195 2461 1321 2517 dicitur:
1344 2463 1433 2519 Booti
1448 2464 1498 2536 qni
1512 2465 1623 2537 lugent,
1641 2466 1775 2538 quonium
1791 2466 1849 2537 ipsi

119 2551 157 2605 ut
169 2549 222 2605 tilii
249 2553 372 2622 putrem,
397 2553 476 2623 quod
497 2553 563 2624 ipse
592 2553 736 2608 Dominus
761 2555 798 2608 ed
814 2555 957 2609 erundum
1012 2549 1243 2605 consolabuntur
1257 2551 1377 2622 (Metili.
1394 2553 1434 2623 v).
1444 2553 1552 2618 Quertu
1562 2555 1664 2624 petitio
1675 2558 1778 2609 contro
1792 2555 1847 2609 tri-

119 2638 358 2712 siciniormavit,
375 2641 502 2699 dicens:
531 2642 628 2698 Peter
651 2643 888 2713 nostertMettb.
904 2644 956 2714 vr).
1013 2637 1370 2710 stitiumest,quedicitur:
1379 2642 1492 2697 Penem
1501 2649 1635 2698 nostrum
1647 2643 1846 2716 quotidianum

117 2727 237 2800 Septem
251 2746 324 2804 ergo
340 2731 497 2802 petitiones
520 2731 551 2788 in
579 2732 732 2788 Dominien
751 2731 957 2803 orationepo-
1013 2726 1147 2781 danobis
1162 2728 1262 2785 bodie.
1292 2730 1424 2785 Tristitia
1453 2735 1500 2786 est
1528 2733 1649 2787 tsedium
1673 2732 1763 2787 suimi
1779 2748 1846 2787 eum

119 2820 240 2894 nentur,
250 2823 282 2875 ut
297 2823 412 2892 septem
420 2821 517 2893 donep
531 2837 700 2877 mercamur
707 2821 836 2892 Spiritus
852 2822 957 2891 saneti,
1011 2831 1159 2885 0000000ος
1175 2834 1242 2872 eum
1264 2834 1348 2875 meus
1369 2821 1527 2875 amaricata
1555 2821 1668 2877 interne
1693 2822 1771 2877 bonu
1786 2839 1846 2877 000

121 2907 232 2981 quibus
262 2909 441 2980 recipiemus
475 2914 589 2982 septem
612 2911 748 2981 vii-tutes,
772 2925 827 2982 pei·
845 2926 959 2983 quaen
1011 2906 1130 2976 appetit.
1149 2905 1306 2978 Propterea
1322 2910 1474 2981 languenti
1486 2910 1591 2966 enimes
1611 2904 1785 2966 necessarie
1800 2914 1846 2966 est

122 2999 238 3069 septem
274 2999 357 3055 vitiis
379 2999 496 3055 liberati
525 2999 561 3054 od
599 3003 712 3072 septem
749 2999 957 3072 perveniemus
1012 2993 1127 3050 interne
1142 2995 1274 3052 relectio.
1288 2998 1425 3071 lintergo
1440 3001 1521 3055 Deus
1535 3000 1564 3055 ei
1578 3000 1716 3070 spiritum
1732 2999 1846 3056 tortitu-

119 3084 330 3144 beatitudines.
346 3088 465 3160 Septem
485 3089 563 3145 enim
587 3093 658 3145 sunt
672 3090 742 3145 vitia
770 3084 1416 3162 00100100100010100010010000000,
1448 3093 1593 3161 quotenus
1613 3089 1649 3144 ed
1665 3089 1846 3144 desiderium

119 3190 187 3248 que
202 3179 273 3233 sunt
282 3178 367 3251 origo
383 3178 515 3234 omnium
537 3179 693 3249 malorum,
718 3179 833 3235 scilicet
855 3195 957 3260 super·
1012 3177 1132 3229 mteruee
1148 3174 1318 3232 relectionis
1335 3179 1534 3234 convalescet.
1553 3180 1616 3233 Hoc
1631 3178 1722 3251 igitur
1736 3180 1846 3235 donum

117 3263 179 3334 hia,
204 3265 324 3334 invidie,
355 3267 408 3336 ire,
438 3267 566 3330 tristitia.
596 3268 729 3336 everitia,
759 3268 839 3340 gule,
865 3269 955 3324 luxu·
1012 3263 1844 3340 tortitudiniseeeenditcorhominisedlamemjustitiee,

118 3352 180 3423 rin,
209 3369 335 3425 quorum
362 3355 418 3410 trin
446 3356 597 3428 expoliant
625 3357 784 3427 hominem,
808 3360 956 3430 quantum,
1011 3367 1078 3423 quoe
1094 3352 1174 3407 ducit
1187 3354 1355 3425 adplenum
1370 3356 1560 3413 beatitudiuis
1570 3357 1789 3412 suturitetcmet
1798 3373 1846 3412 se·

114 3440 312 3513 exspoliatum
335 3442 475 3516 bugellet,
498 3447 634 3517 quintum
658 3446 839 3519 flagellatum
862 3447 953 3519 ejieit,
1009 3441 1148 3497 tietetem
1165 3442 1249 3499 Unde
1264 3444 1380 3500 dicitur:
1390 3446 1478 3502 Beati
1487 3446 1536 3519 qui
1544 3446 1681 3501 esuriunt
1696 3452 1726 3501 ct
1735 3447 1846 3501 sitiunt

114 3531 234 3586 sextum
249 3529 377 3602 ejectum
393 3531 519 3603 seducit,
537 3535 696 3590 sentimum
710 3536 864 3591 seductum
881 3552 953 3591 con·
1003 3528 1165 3601 justitiam,
1182 3533 1845 3606 0010000010010010001000001111011101010

114 3615 222 3674 ouleet:
263 3618 408 3692 Superbia
441 3622 521 3677 euim
562 3623 660 3679 nutent
699 3623 811 3679 homini
847 3625 952 3697 Deum,
1008 3619 1110 3689 petitio
1121 3624 1168 3675 est
1183 3624 1285 3676 contre
1298 3624 1450 3679 areritiem
1471 3625 1621 3680 :Dimitte
1636 3623 1723 3680 nobis
1742 3625 1845 3681 debite

114 3706 226 3763 invidie
237 3708 416 3781 proximum,
431 3710 475 3766 ire
490 3712 634 3784 seipsum.
664 3711 857 3783 Exspnlietus
880 3731 953 3771 vem
1009 3715 1121 3763 nostre.
1140 3709 1216 3764 Huic
1226 3711 1359 3781 petitioni
1367 3713 1453 3767 detur
1467 3713 1590 3783 spiritus
1606 3712 1782 3784 consiliiqui
1793 3713 1845 3767 do·

114 3795 175 3867 bis,
206 3797 257 3870 qui
283 3814 339 3854 uec
364 3800 400 3855 de
430 3817 486 3856 suo
514 3802 605 3872 hono,
634 3818 690 3856 nee
719 3802 755 3856 de
784 3802 879 3857 aliene
906 3804 954 3874 pie
1009 3799 1073 3852 cent
1087 3797 1214 3853 libenter
1228 3801 1374 3870 misereri,
1391 3804 1422 3855 ut
1434 3801 1667 3857 misericordium
1683 3817 1846 3874 consequn-

114 3881 209 3942 loeieri
236 3887 318 3956 velit,
356 3905 422 3946 eum
451 3891 524 3946 nihil
551 3891 684 3962 supersit
706 3891 784 3946 unde
814 3892 951 3964 gaudeat,
1008 3901 1084 3955 mur,
1098 3885 1183 3958 juxte
1199 3887 1622 3956 illudtlleetimisericordcm
1636 3891 1771 3962 qucuium
1787 3891 1847 3963 ipsi

112 3987 168 4044 per
194 3974 344 4031 tristitiam
374 3978 549 4051 flagelletur.
574 3978 628 4034 Cui
656 3979 778 4035 avaritie
807 3981 952 4052 sucendit,
1007 3975 1846 4051 misericordiamconsequenturtibid.)Sextapetitioest

109 4076 177 4134 qum
193 4062 373 4136 llegellatum
387 4064 480 4136 ejicit,
509 4067 579 4140 quie
593 4067 710 4124 interno
738 4068 852 4124 amisso
876 4085 952 4141 gnu-
1008 4067 1111 4118 eontra
1127 4065 1229 4137 gulam
1243 4066 1279 4121 dc
1307 4083 1365 4138 que
1393 4068 1524 4123 dieitur:
1544 4068 1586 4123 Et
1602 4085 1638 4124 nc
1655 4084 1708 4123 uos
1721 4069 1847 4126 induces

108 4148 252 4222 dio‚loris
260 4152 493 4209 consolationem
500 4157 949 4232 quaemreeompellitnumtee
1007 4150 1039 4205 in
1051 4153 1254 4210 tentationem.
1272 4155 1441 4211 Huicdetur
1451 4157 1575 4227 spiritus
1590 4157 1805 4230 intelligentie,
1816 4162 1846 4212 ut

109 4241 226 4297 secedit
245 4240 327 4314 gule,
353 4256 420 4314 qum
449 4243 579 4300 enimum
606 4246 806 4302 exterioribus
829 4247 950 4302 inhien-
1007 4239 1121 4297 interne
1136 4242 1259 4298 relectio
1274 4245 1359 4299 verdi
1373 4244 1776 4318 Deiexterioremuppetitum
1793 4263 1845 4301 eo-

110 4330 169 4386 tem
200 4330 236 4385 ud
265 4345 427 4386 excessum
454 4331 547 4388 illicit.
568 4333 709 4406 Sequitm
728 4334 856 4403 innume,
882 4353 949 4407 qum
1007 4327 1125 4401 hibent3
1142 4348 1197 4387 nee
1208 4334 1372 4404 corporalis
1382 4333 1660 4408 egestoslreugere,
1672 4351 1727 4390 nec
1744 4336 1843 4390 curnis

114 4417 245 4495 illectum
261 4423 290 4475 et
314 4420 469 4476 seductum
493 4421 628 4477 servituti
656 4422 801 4478 violenter
817 4424 955 4497 subjicit,
968 4413 996 4476 D
1011 4418 1150 4476 illecebra
1165 4421 1313 4478 hominem
1328 4408 1470 4493 superare
1480 4424 1586 4494 possit.
1604 4423 1762 4494 Propterea
1779 4425 1842 4495 ipse

111 4505 171 4564 Per
194 4508 366 4583 superbiam
395 4524 468 4583 crgo
497 4525 550 4566 cor
572 4511 700 4582 inllatur,
726 4528 781 4584 per
812 4513 952 4569 invidiam
1011 4508 1153 4564 Dominus
1168 4512 1304 4566 tentatori
1316 4512 1384 4567 dum
1400 4512 1457 4567 sibi
1473 4512 1614 4568 esurienti
1626 4511 1840 4569 iraudulentum

112 4597 234 4669 erescit,
260 4597 405 4671 perirem
433 4601 543 4671 erepet,
573 4616 627 4671 per
648 4601 797 4657 tristitiam
822 4603 951 4658 conteri·
1010 4599 1234 4672 suggestionem
1244 4601 1424 4656 deexteriori
1434 4617 1508 4673 pane
1522 4605 1699 4672 proponeret
1713 4617 1839 4673 respon-

112 4686 171 4757 tur,
196 4688 226 4743 et
252 4687 339 4760 qussi
363 4687 394 4743 in
416 4688 571 4760 pulverem
599 4690 754 4763 redigitur.
779 4690 838 4748 Per
851 4692 949 4747 uvari-
1007 4686 1058 4759 dit,
1074 4687 1202 4744 dicens:
1228 4688 1296 4744 Non
1311 4690 1341 4743 in
1357 4690 1508 4763 sclopano
1530 4690 1606 4745 vivit
1621 4691 1704 4746 bomo
1717 4692 1837 4763 (110110.

113 4773 184 4829 lium
208 4774 401 4850 dispergitur,
437 4793 492 4849 per
528 4779 629 4852 gulem
653 4779 782 4836 inficitur
810 4783 838 4835 et
862 4782 948 4852 quusi
1005 4774 1056 4847 iv).
1080 4776 1118 4832 111
1136 4781 1236 4848 operte
1252 4777 1469 4835 demonstruret
1496 4781 1577 4850 quod
1605 4795 1672 4835 cum
1689 4796 1774 4835 mens
1794 4781 1838 4835 in-

113 4859 310 4933 humectntnr,
349 4880 404 4935 per
435 4866 583 4924 luxurium
625 4869 816 4925 conculcetur
852 4871 880 4925 et
915 4871 946 4925 10
1002 4865 1103 4923 teriori
1123 4881 1198 4936 pane
1220 4866 1360 4937 relicitur,
1389 4883 1492 4938 perum
1508 4870 1591 4923 curet
1607 4868 1633 4924 si
1649 4868 1723 4924 toris
1738 4871 1838 4942 gulum

107 4935 203 5007 10100
213 4949 368 5024 redigitur,
389 4955 422 5009 ut
445 4954 544 5012 dicere
573 4958 671 5028 possit
702 4957 807 5013 infelix
830 4957 943 5014 homo:
1001 4953 1835 5030 011000000000000010001110011001000080000100

109 5035 224 5095 lndxus
251 5053 314 5093 snm
336 5039 368 5094 in
392 5040 463 5097 limo
480 5042 625 5115 profundi
652 5045 746 5116 (Psnl.
764 5045 876 5116 uxvru),
891 5047 942 5118 qui
1001 5043 1123 5114 spiritus
1138 5042 1340 5117 intelligentius
1355 5048 1387 5099 ut
1395 5044 1489 5101 illeud
1497 5061 1549 5101 eor
1558 5045 1682 5100 veniens
1698 5046 1836 5103 horridus

108 5129 141 5183 ut
153 5125 415 5198 lutumplnteerum
439 5129 594 5188 delebitur.
605 5133 729 5190 Ponitur
737 5134 835 5207 iteque
848 5135 943 5206 prima
1000 5134 1111 5188 nostre
1122 5132 1230 5187 mentis
1244 5134 1507 5206 purgetteuebres,
1521 5135 1650 5189 ctuostri
1667 5135 1785 5190 oculum
1796 5136 1838 5190 iu-

9 5212 13 5219 ‘
106 5215 210 5290 petitio
221 5217 323 5272 contre
338 5217 519 5290 superbiam,
549 5221 666 5292 quondo
683 5222 810 5277 dicitur:
828 5223 944 5278 Sancti·
999 5220 1117 5276 terioris
1126 5220 1672 5279 hominisadeoluminosumetllcintet
1683 5239 1833 5294 serenum,

106 5303 216 5362 dcetur
230 5320 334 5360 nomen
351 5311 438 5373 tuum,
468 5310 500 5364 nt
523 5307 571 5364 det
585 5308 673 5365 nobis
688 5311 791 5366 timere
806 5313 835 5366 et
849 5327 941 5367 vene·
998 5311 1031 5365 ut
1044 5308 1081 5363 ad
1095 5309 1191 5379 ipsius
1208 5310 1369 5365 divinitatis
1391 5310 1552 5365 cleritatem
1577 5311 1834 5381 contemplandum

102 5394 168 5452 reri
181 5409 289 5450 nomeu
313 5410 411 5465 suum,
441 5398 588 5468 quatenus
616 5412 671 5468 per
696 5398 888 5454 bumilitatem
904 5399 940 5454 ad
998 5399 1138 5469 perpienx
1151 5401 1180 5454 et
1190 5398 1319 5454 mundus
1335 5399 1510 5454 invenietur.
1520 5399 1565 5453 Ex
1574 5400 1680 5470 spiritu
1695 5400 1773 5454 euim
1788 5401 1833 5455 in-

107 5482 203 5543 Deum
216 5483 383 5555 redeumus,
408 5485 458 5556 qui
477 5500 531 5557 per
554 5485 725 5556 superbiam
744 5487 938 5545 recessimus.
998 5486 1168 5559 telligeutiee
1179 5487 1320 5542 munditie
1336 5487 1436 5543 cordis
1447 5489 1589 5543 nescitur.
1601 5488 1743 5544 Munditie
1758 5504 1830 5544 vero

106 5571 185 5631 lluic
200 5572 333 5643 petitioni
346 5573 433 5629 detur
454 5572 564 5631 donum
580 5574 659 5647 quod
680 5572 788 5630 dicitur
815 5575 940 5646 spiritus
998 5575 1832 5648 cordisvisioncmpromeretursioutscripturnestzlleeti

88 5642 223 5722 'umens
237 5661 364 5734 1100101,
379 5677 535 5737 perquem
551 5664 588 5720 nd
601 5663 795 5720 bumilitatem
809 5665 936 5733 venitur,
999 5665 1107 5721 mundo
1117 5665 1218 5734 corde,
1235 5665 1369 5744 quonism
1384 5665 1443 5743 ipsi
1451 5664 1543 5723 Deum
1554 5665 1697 5722 ridebunt
1708 5666 1829 5736 (illattlr.
