3796 6022
285 273 341 337 DE
360 270 523 337 BES'I'IIS
544 274 599 337 ΕΤ
619 275 730 337 ALIIS
752 271 893 338 REBUS
915 272 1044 338 LIBER
1063 272 1299 339 SECUNDUS.
1630 270 1671 335 ⁷4

64 474 522 542 :teduxitnosdelacumiseriae,
532 477 603 530 etde
613 477 672 530 luto
682 477 777 546 fecis,
795 459 825 520 Α
840 477 970 532 seientes
984 478 1012 530 et
1026 492 1085 530 non
1100 477 1213 546 experti
1223 477 1314 530 ullum
1330 476 1448 545 malum,
1460 490 1520 531 nen
1530 472 1672 544 concupi-

64 579 138 635 sque
149 580 240 634 supra
250 566 361 634 petram
371 565 463 634 pedes
475 568 605 633 nostroe,
615 565 735 619 immisit
751 567 781 618 in
839 555 1170 631 scentioe‘desiderium,
1188 580 1243 619 nec
1263 564 1479 619 commistionis
1493 563 1671 636 amplexum.

64 652 515 723 rumoanticumnovumllbid.),
528 654 630 708 dicens
643 669 648 707 :
662 654 706 708 Ita
717 670 783 708 ora·
838 653 910 708 Cum
933 656 1030 708 autem
1053 652 1088 706 de
1112 653 1266 708 interdicta
1281 653 1387 708 arbore
1402 653 1534 725 gustavIt
1555 652 1672 708 mulier.

64 740 152 796 Dater
168 747 279 807 noster,
294 742 342 813 qui
353 758 387 796 es
397 742 428 796 in
441 742 649 813 ecelist'llattlr.
662 744 713 812 vr),
726 747 782 797 etc.
837 744 992 813 virumque
1003 741 1131 809 seduxit,
1144 747 1172 795 et
1183 742 1379 812 manducavit,
1391 742 1427 796 dc
1437 742 1576 813 paradiso
1585 756 1675 797 exsu-

64 846 194 902 iymnum
210 830 310 885 docuit
333 846 388 885 nos
408 831 483 900 ipse,
501 832 549 901 qui
566 848 656 901 supra
672 835 785 902 petram

64 919 159 990 pedes
174 922 305 973 nostros.
325 917 420 972 Petra
435 923 533 972 autem
555 926 621 973 erat
646 920 787 974 Christus

66 1009 110 1079 x).
129 1007 272 1062 Dominus
286 1009 382 1060 autem
399 1008 484 1078 pacis
500 1008 667 1063 sairotilicet
684 1024 735 1063 ros
750 1009 788 1063 ad

67 1112 127 1161 nor,
148 1101 177 1149 ut
193 1096 314 1167 integer
328 1095 456 1167 spiritus
473 1103 575 1150 vester
593 1103 624 1151 ot
641 1098 738 1152 anima
758 1103 787 1152 et

64 1185 133 1239 sine
144 1183 264 1256 querela
276 1184 306 1237 in
315 1184 473 1238 adventum
480 1185 599 1239 Domini
610 1186 707 1240 nostri
717 1185 788 1241 desn

64 1271 227 1333 'servaturi
230 1269 246 1325 1
254 1271 786 1344 Tbessv).Quidautemossaetpellis

64 1360 788 1433 illslaciant‚dieam.Inquocunqueenimloeovel

837 831 882 886 les
894 833 924 886 et
934 830 1035 885 miseri
1047 831 1183 884 exierunt
1193 831 1223 885 in
1239 831 1320 885 huno
1333 830 1485 897 mundum,
1494 833 1635 901 tanquam
1646 830 1676 883 in

839 924 977 991 stagnum
987 934 1131 989 aquarum
1142 917 1308 988 multarum,
1318 919 1349 972 iu
1361 918 1469 973 vallem
1480 918 1677 988 lacrymarum

839 1013 867 1065 et
888 1008 917 1063 in
940 1007 1038 1063 locum
1054 1006 1194 1061 miseriae.
1215 1005 1291 1062 Ossa
1310 1010 1338 1062 et
1359 1006 1446 1076 peIIIs
1468 1006 1504 1061 de
1519 1004 1676 1077 elephante

839 1098 869 1152 in
883 1111 1059 1168 quocunque
1076 1094 1141 1149 loco
1159 1095 1281 1150 Incensa
1296 1093 1393 1163 luerit,
1404 1094 1477 1149 odor
1491 1110 1594 1151 eorum
1609 1095 1677 1150 inde

840 1187 924 1258 fugat
944 1187 1110 1254 serpentes,
1127 1184 1175 1239 vel
1198 1184 1225 1238 si
1246 1199 1304 1256 qua
1320 1184 1408 1238 noxia
1429 1182 1538 1238 luerint
1550 1199 1676 1254 venena,

840 1288 992 1329 venenosa
1006 1273 1121 1343 reptilia
1136 1288 1171 1327 eo
1182 1288 1242 1327 non
1257 1273 1410 1327 accedunt.
1421 1272 1470 1326 Sic
1482 1271 1616 1327 mandate
1624 1271 1679 1326 Dei

841 1380 909 1419 eum
924 1362 1081 1433 purificant
1096 1364 1124 1416 et
1140 1378 1192 1416 eor
1206 1361 1284 1433 ejus,
1295 1363 1346 1432 qui
1361 1376 1395 1415 ea
1410 1361 1485 1414 intra
1500 1376 1534 1415 se
1550 1360 1679 1415 custodit

64 1466 170 1506 acensa
181 1449 300 1518 fuerint,
313 1450 386 1503 odor
397 1466 500 1504 eorum
515 1451 637 1520 expellit
650 1452 719 1507 inde
734 1455 791 1505 sta·
841 1457 870 1507 et
885 1452 1034 1521 observat,
1050 1453 1079 1505 et
1093 1451 1173 1504 nulle
1189 1451 1346 1522 suggestio
1362 1449 1474 1503 inimici
1489 1465 1524 1504 eo
1539 1447 1681 1520 praevalet

64 1555 129 1595 nem
144 1538 379 1609 serpentem,vel
391 1539 529 1608 quodque
540 1540 647 1593 animal
658 1555 788 1594 veneno·
842 1540 976 1595 invenire
998 1539 1117 1593 aditum.
1143 1539 1295 1593 Isidorus:
1321 1560 1332 1588 a
1356 1537 1553 1610 blandragora
1574 1537 1682 1592 dicitur

64 1629 93 1683 ic
104 1629 231 1698 denique
243 1627 378 1680 mandata
390 1626 452 1696 Dei,
468 1631 496 1680 et
507 1627 554 1696 pia
568 1643 656 1697 opera
668 1627 788 1683 iaciunt.
845 1645 879 1684 eo
891 1628 969 1699 quod
985 1627 1092 1682 habeat
1107 1627 1191 1695 mala,
1209 1627 1238 1680 id
1253 1630 1309 1696 est,
1319 1643 1404 1696 poma
1415 1641 1507 1681 auare
1522 1625 1630 1682 olentia
1644 1624 1683 1679 od

64 1733 86 1771 n
109 1715 312 1769 accenduntur
331 1715 361 1768 in
382 1715 471 1768 eorde
495 1714 634 1784 hominis,
661 1715 792 1789 effugant
848 1717 1079 1789 magnitudinem
1093 1716 1161 1769 mali
1177 1731 1285 1769 nucum
1300 1714 1639 1775 ev‘cllcna1·um.»Unda
1654 1717 1683 1768 et

64 1802 342 1876 ipusvenenileium
352 1803 459 1857 diaboli
472 1803 501 1857 in
512 1819 687 1875 quacunque
699 1809 791 1876 parte.
807 1778 833 1840 Β
848 1823 913 1862 eam
934 1806 1030 1860 Latini
1051 1805 1160 1858 malum
1174 1807 1261 1858 terrae
1279 1808 1394 1858 vocant.
1415 1804 1497 1858 Hanc
1517 1805 1613 1875 poetoe
1628 1817 1682 1857 an-

64 1911 93 1949 r.
107 1891 215 1946 XXVI.
236 1892 281 1946 De
297 1891 465 1962 elephantis
480 1898 585 1946 tratura
601 1893 719 1949 iterum.

69 1986 118 2039 est
127 1981 245 2049 animal,
254 1981 333 2051 quod
344 1981 446 2034 Graece
458 1980 565 2035 dicitur
575 1981 696 2051 elephas
708 1983 793 2053 ἐλέςας

64 2071 184 2127 dindina
200 2069 344 2139 corporis.
362 2069 448 2138 Apud
466 2069 554 2124 Indos
569 2074 667 2125 autem
686 2089 703 2126 a
719 2090 793 2128 voce

73 2163 206 2226 vocatur,
223 2158 302 2212 unde
322 2161 349 2212 et
365 2173 424 2211 vox
444 2157 512 2228 ejus
527 2158 657 2214 barritus
673 2163 792 2217 dicitur.

74 2248 143 2321 ejus
154 2248 238 2313 ebur,
247 2251 375 2301 rostrum
387 2250 484 2300 autem
495 2250 663 2316 promuscis
675 2251 791 2320 dieitur,

64 2355 92 2393 m
113 2337 164 2392 illo
184 2335 324 2406 pabulum
340 2335 462 2406 colligit,
485 2338 513 2389 et
536 2337 577 2389 ori
598 2339 744 2403 admovet,
763 2345 791 2394 et

64 2427 102 2495 ,ad
113 2424 220 2492 simile,
230 2424 308 2477 vallo
320 2424 450 2477 munitur
463 2424 604 2480 eburneo.
620 2427 682 2481 llos
699 2429 793 2483 boves

64 2517 157 2572 dictos
179 2517 281 2584 putant
300 2512 336 2566 ab
358 2512 488 2583 antiquis
508 2514 661 2569 Romanis.
684 2516 791 2583 liores,

64 2605 149 2661 illum
162 2602 270 2656 animal
284 2600 382 2672 majus
393 2601 543 2656 videbant.
558 2603 666 2667 Lucae,
680 2607 748 2675 quia
763 2607 793 2660 in

66 2710 84 2749 a
113 2692 182 2746 illos
209 2689 341 2760 Fprrbus
364 2690 395 2742 in
419 2690 521 2759 praelio
547 2691 660 2761 primus
685 2694 795 2765 objecit

64 2783 109 2839 iis.
121 2781 197 2835 Nam
214 2778 272 2834 heo
286 2794 383 2850 genus
399 2779 555 2834 animantis
570 2780 662 2835 rebus
677 2782 795 2838 bellidis

849 1893 1080 1965 tropemorphon
1103 1892 1247 1962 appelant,
1265 1908 1299 1946 eo
1323 1893 1401 1962 quod
1424 1891 1532 1947 habeat
1554 1891 1684 1947 radicem

849 1986 974 2039 sormam
989 1981 1117 2036 bominis
1134 1981 1305 2047 imitantem,
1322 1980 1410 2051 cirjus
1426 1984 1527 2035 cortex
1541 1980 1612 2035 viae
1626 1980 1684 2034 im·

848 2074 966 2141 mistus,
979 2070 1015 2124 ad
1030 2069 1190 2123 bibendum
1206 2069 1338 2122 datariis
1354 2083 1481 2138 quorum
1491 2082 1601 2138 corpus
1615 2083 1684 2137 pro·

848 2165 913 2232 pter
927 2159 1109 2215 curationem
1124 2157 1285 2211 secandum
1298 2160 1354 2226 est,
1363 2161 1395 2210 ut
1410 2155 1541 2227 soporati
1551 2155 1684 2210 dolorem

848 2267 906 2305 non
922 2246 1166 2318 sentiantHujus
1182 2247 1299 2315 specics
1316 2249 1385 2299 suut
1396 2244 1590 2314 duee,lemine
1603 2243 1684 2299 foliis

848 2341 970 2394 lactucae
990 2335 1139 2390 similibus
1155 2335 1230 2387 molo
1245 2348 1393 2406 generans
1408 2334 1445 2387 ad
1463 2332 1686 2389 simiIItudinem

850 2442 1020 2500 prunorum.
1038 2424 1271 2479 blasculusvero
1287 2422 1367 2477 foliis
1382 2423 1458 2478 betoe
1472 2421 1631 2478 similibus.

991 2516 1061 2569 Gar.
1080 2512 1202 2566 XXVII.
1224 2512 1269 2566 De
1280 2510 1412 2582 pollceni
1427 2518 1544 2568 nature.

885 2605 1043 2660 Palicanus
1054 2603 1118 2656 avis
1130 2604 1176 2655 est
1184 2600 1372 2672 AEgyptiaca,
1381 2600 1518 2657 habitans
1528 2600 1559 2656 ia
1567 2601 1687 2657 domiue

851 2695 920 2750 Nili.
929 2693 1058 2748 Tradunt
1066 2695 1164 2746 autem
1179 2690 1237 2744 duo
1246 2704 1356 2761 genera
1364 2689 1567 2760 pelicanorum
1579 2705 1586 2746 :
1597 2705 1690 2745 unum

851 2785 881 2837 in
897 2783 983 2854 aquis
1003 2781 1154 2849 haliitons,
1174 2781 1202 2832 et
1224 2793 1296 2833 esea
1311 2778 1378 2850 ejus
1394 2779 1531 2834 animalia
1545 2782 1690 2835 venenata

68 2874 127 2929 est.
140 2870 173 2924 ln
188 2869 248 2922 illle
264 2868 342 2922 enim
353 2868 453 2922 Persa>
470 2872 497 2922 ct
514 2869 574 2922 ludi
586 2869 694 2941 ligneis
709 2873 796 2927 turri·
853 2875 931 2940 sunt,
943 2870 1000 2925 hoc
1016 2873 1061 2924 est
1077 2869 1204 2939 lacertae,
1221 2871 1387 2938 serpentes,
1405 2868 1557 2938 crocodiII,
1572 2871 1601 2924 et
1616 2883 1691 2924 one·

64 2960 202 3027 illocalis,
217 2960 356 3028 tanquam
372 2957 408 3010 de
424 2973 508 3011 muro
520 2956 631 3027 jaculis
647 2960 795 3017 ‹limicont
854 2958 1005 3027 crotali,id
1015 2960 1061 3012 est
1071 2957 1327 3029 aveslongocollo
1343 2959 1372 3011 et
1386 2959 1495 3026 rostro,
1507 2957 1577 3012 dum
1586 2956 1693 3012 bibunt

64 3054 113 3106 ctu
128 3052 225 3103 autem
240 3050 268 3101 et
279 3046 420 3100 memorie
435 3047 557 3100 multum
573 3048 684 3119 vigent,
694 3066 799 3121 grega-
814 3085 839 3146 C
854 3043 1691 3117 asininumruditumetcrepitumimitentes.thsiologus

853 3138 945 3193 refert
959 3137 994 3191 de
1011 3136 1145 3206 pelicano
1156 3134 1235 3205 quod
1250 3138 1363 3187 amator
1373 3136 1419 3188 est
1427 3133 1537 3188 nimius
1551 3132 1690 3187 tiliorum.

64 3139 176 3195 cedunt
200 3140 272 3191 nutu
296 3149 354 3206 quo
377 3135 485 3202 valent,
503 3135 630 3190 salutant
649 3137 795 3209 heminae,

64 3227 218 3300 iiugiunt,
234 3225 332 3279 aversi
349 3228 465 3278 coeunt.
479 3223 601 3287 Qirendo
617 3230 715 3280 autem
728 3244 797 3297 par-

64 3334 82 3390 ;,
98 3316 130 3371 in
145 3314 232 3386 aquis
247 3313 294 3367 vel
312 3314 341 3366 iu
362 3312 455 3382 sylvis
480 3329 539 3366 non
555 3313 703 3368 dimittunt
719 3315 797 3370 letus

64 3407 247 3471 rdrocones,
258 3401 326 3473 quia
342 3403 386 3457 eis
401 3403 486 3455 valde
502 3405 572 3456 sunt
588 3403 708 3469 inimici,
720 3408 747 3458 et
763 3406 799 3457 ab

64 3495 149 3567 eliciti
165 3497 316 3548 necantur.
331 3493 403 3546 Cum
417 3494 514 3545 alitem
530 3497 646 3561 tempus
663 3494 798 3561 pariendi

64 3583 251 3654 lingreditur
262 3581 369 3635 femina
385 3584 524 3651 stagnum
536 3581 583 3634 vel
594 3580 680 3635 uliam
696 3598 802 3653 tiquam

73 3673 111 3729 ad
129 3672 231 3738 ubera,
248 3675 277 3726 et
292 3671 332 3723 ibi
348 3672 422 3740 parit
436 3674 557 3739 propter
571 3671 739 3739 draconem,
752 3672 801 3742 qui

64 3766 123 3817 itur
141 3760 193 3814 illi.
215 3759 341 3824 Quodsi
363 3765 445 3812 extro
465 3775 571 3828 equam
587 3760 633 3813 v'el
649 3760 736 3813 etiam
752 3760 805 3814 sil-

64 3849 220 3923 pepererit,
238 3848 336 3902 statim
360 3849 448 3901 (traco
474 3848 564 3902 fetum
588 3848 656 3919 ejus
680 3850 756 3919 rapit
780 3853 808 3903 et

64 3943 99 3995 at.
108 3938 261 3993 Masculus
271 3943 367 3991 autem
379 3937 446 4008 ejus
458 3937 586 3991 custodit
601 3939 680 3991 illam
692 3939 808 4008 parien-

64 4029 173 4085 liennio
185 4031 300 4098 portant
313 4027 703 4098 leti1S,necn1npliusquam
716 4028 809 4081 seurcl

64 4123 105 4188 nt,
122 4134 177 4171 nec
193 4117 305 4185 plureS,
323 4117 376 4168 sed
392 4132 483 4169 unum
499 4120 618 4170 tantum.
634 4116 741 4170 Vivant
756 4133 809 4169 aitr-

64 4210 188 4263 ecentos
198 4220 303 4259 annos.
316 4206 402 4274 Apud
413 4204 507 4258 solem
519 4206 649 4259 Africam
660 4210 689 4260 et
700 4205 810 4259 bullam

855 3229 927 3281 ilum
949 3226 1026 3279 enim
1043 3223 1180 3295 genuerit
1200 3222 1309 3293 pullos,
1327 3227 1355 3276 et
1376 3222 1521 3292 incipiunt
1542 3236 1691 3292 crescere,

855 3318 994 3387 parentes
1010 3328 1083 3368 suos
1100 3314 1129 3367 in
1149 3311 1257 3366 lueiem
1271 3312 1448 3381 percutiunt,
1461 3326 1518 3383 qua
1532 3311 1569 3366 de
1589 3326 1623 3366 re
1639 3326 1693 3382 po-

855 3408 955 3460 reutes
971 3402 1036 3457 irati
1050 3401 1252 3472 repercutiunt
1261 3415 1314 3455 eos
1326 3404 1354 3454 et
1363 3401 1510 3456 occidunt.
1520 3400 1694 3455 Matervero

856 3497 941 3550 tortia
958 3493 1004 3547 die
1020 3492 1124 3546 mortis
1139 3505 1320 3560 columpnae
1332 3490 1540 3561 compassione
1555 3491 1654 3545 rostro
1665 3490 1696 3543 in

858 3579 1697 3651 cestiieeulatereautpeetoresevulnerans,sanguinem

860 3688 951 3741 scepei·
965 3670 1063 3740 pullos
1075 3685 1148 3723 suos
1160 3666 1291 3738 effundo,
1304 3671 1333 3722 et
1347 3669 1392 3723 sic
1406 3685 1423 3723 a
1438 3669 1563 3724 mortuis
1578 3683 1631 3723 eos
1647 3682 1697 3721 re-

860 3760 985 3815 suscitat
999 3758 1036 3812 ad
1046 3759 1145 3812 vitam.
1158 3758 1230 3811 Avis
1241 3758 1297 3810 ista
1312 3757 1461 3828 significat
1476 3757 1634 3812 Dominum
1643 3771 1698 3826 per

859 3851 967 3905 isaiam
974 3847 1147 3918 prophetam
1157 3845 1317 3900 dicentem:
1328 3844 1424 3900 Filios
1435 3845 1536 3900 enutri
1540 3845 1570 3898 ri
1578 3849 1608 3900 et
1616 3843 1698 3899 exal·

862 3939 931 4001 tavi,
945 3936 1005 4009 ipsi
1020 3942 1115 3991 autem
1131 3934 1446 4006 spreveruetmetlsa.
1459 3934 1489 4006 ι).
1506 3934 1699 4005 Omnipotens

862 4030 960 4098 itaque
977 4027 1057 4080 Deus
1084 4025 1169 4079 Pater
1191 4025 1281 4078 totius
1307 4026 1450 4078 creaturae
1472 4040 1528 4078 nos
1554 4039 1621 4078 cum
1639 4038 1699 4078 non

863 4131 1012 4184 essemus,
1025 4114 1096 4169 fecii
1106 4117 1136 4168 ut
1146 4113 1204 4183 ipsi
1216 4113 1409 4168 serviremus.
1420 4113 1483 4167 Nos
1494 4127 1566 4168 vero
1577 4126 1701 4184 percus·

864 4208 961 4261 sirnus
974 4220 1043 4259 eum
1059 4204 1089 4256 in
1104 4203 1220 4272 faciem,
1235 4203 1303 4274 quia
1319 4206 1348 4258 et
1362 4218 1430 4257 eum
1444 4206 1472 4257 et
1487 4201 1702 4257 mandatavitae

64 4298 144 4351 antes
159 4296 244 4364 prius
260 4293 469 4360 nascebantur,
488 4310 565 4347 nunc
580 4294 644 4349 sola
661 4295 742 4348 ludia
758 4310 811 4348 eos
866 4296 1068 4366 relinquentes
1094 4292 1272 4362 sprevimus,
1297 4292 1348 4361 qui
1375 4295 1472 4346 tamen
1496 4293 1617 4362 propter
1646 4306 1702 4346 nos

64 4402 76 4439 ;.
92 4383 281 4438 Dormientes
296 4399 445 4453 nunquam
460 4384 611 4452 recubant,
624 4387 677 4438 sed
694 4383 811 4454 quamdo
824 4395 851 4455 1)
867 4385 973 4440 Filium
989 4381 1250 4449 suumtradidit,et
1260 4379 1407 4449 perforato
1422 4382 1512 4436 latere
1522 4379 1703 4452 ejuslaneeu

64 4473 72 4529 i
90 4473 192 4540 dedili,
215 4472 262 4526 vel
283 4472 385 4526 labore
401 4471 609 4543 defatigantur,
627 4477 762 4527 recreant
778 4487 811 4528 se
867 4473 968 4529 militis
985 4473 1014 4526 in
1029 4485 1129 4538 cruce,
1143 4470 1281 4524 continuo
1297 4469 1388 4523 exivit
1403 4470 1527 4542 sanguis
1538 4472 1568 4524 et
1582 4483 1658 4540 aqua
1672 4468 1704 4522 in

64 4561 644 4632 iearboribusapplicati,etIpsissull'ulti
653 4563 810 4616 dormiunt.

79 4667 184 4707 eorum
209 4654 366 4704 venatores
382 4651 428 4704 vel
446 4652 636 4705 insidiatores
657 4652 814 4722 diligenter

64 4741 210 4808 deranteS,
224 4739 321 4792 locum
336 4742 363 4791 et
375 4740 499 4793 arbores
514 4744 625 4803 notant,
637 4748 665 4794 et
676 4757 727 4795 eas
739 4756 813 4811 pene

64 4829 141 4892 lunt,
160 4828 271 4899 quibus
287 4844 353 4881 cum
368 4829 451 4880 inniti
466 4829 551 4899 Juxta
569 4830 814 4884 cousuetudinem

65 4920 86 4987 t,
96 4921 187 4973 ruunt
198 4917 332 4983 arbores,
346 4920 373 4971 et
390 4918 560 4986 elephantes
573 4935 639 4972 <euru
651 4919 695 4971 eis
706 4919 742 4972 ad
752 4923 814 4972 ter-

64 5010 295 5078 ¹›restet-nuutur,
320 5006 423 5075 sicque
439 5007 602 5076 capiuntur.
630 5006 702 5061 Cum
718 5012 815 5061 eutem

64 5113 91 5153 ts
114 5096 230 5150 venerit
250 5111 353 5149 eorum
373 5097 597 5165 procreationis,
616 5102 645 5151 ut
668 5097 814 5152 edietum

64 5184 816 5252 idumconvcnIredebeant,leiniaaadinvenitmun-

64 5291 133 5331 iram
148 5275 217 5341 sihi,
231 5276 259 5327 et
274 5275 355 5343 prior
371 5275 527 5327 inanducat
542 5275 578 5328 de
595 5275 654 5339 illo,
668 5279 696 5329 et
711 5281 814 5346 postea

64 5367 119 5421 ictu
131 5364 338 5434 niandragorae
351 5363 399 5415 dat
411 5364 542 5418 masculo
554 5379 620 5436 suo,
632 5369 660 5419 et
671 5365 714 5419 sie
727 5369 815 5422 sedu-

64 5453 198 5511 rsculum
212 5455 244 5507 ut
259 5452 424 5521 manducet,
438 5458 466 5507 et
484 5453 528 5508 sie
545 5458 663 5524 coeunt,
675 5459 703 5512 et
718 5457 816 5512 statim

64 5558 86 5601 n
100 5542 242 5614 concipit.
252 5540 305 5597 Isti
318 5541 378 5597 duo
393 5542 575 5615 elephantes,
586 5560 651 5600 mos
665 5549 694 5601 et
708 5546 816 5603 lamina

64 5638 108 5693 int
121 5634 219 5689 Adam
238 5636 268 5688 et
281 5631 383 5706 Evam,
401 5631 451 5706 qui
466 5638 550 5691 erent
564 5635 596 5693 in
608 5638 757 5713 paradiso,
778 5655 816 5697 ue

64 5750 172 5813 ’ernon
186 5749 360 5811 CLXXVII.

868 4564 992 4618 salutem
1008 4564 1036 4615 et
1051 4559 1283 4629 redemptionem
1299 4561 1440 4612 nostram.
1457 4560 1541 4629 Aqua
1554 4558 1635 4612 enim
1648 4556 1703 4611 ba-

867 4651 969 4723 ptismi
979 4653 1025 4705 est
1035 4647 1272 4722 gratia,sanguIs
1285 4662 1356 4701 vero
1367 4646 1433 4718 ejus
1450 4646 1525 4700 calix
1536 4649 1584 4701 est
1598 4646 1706 4700 novie'v

867 4742 971 4798 oeterni
981 4739 1172 4807 Testamenti,
1182 4738 1309 4808 quamin
1325 4736 1437 4789 sanctis
1453 4736 1705 4792 manibusteuens

866 4830 1019 4886 benedixit
1034 4828 1146 4900 gratias
1166 4827 1226 4880 Deo
1250 4825 1329 4879 Patri
1346 4840 1451 4896 agens,
1473 4829 1501 4880 et
1523 4825 1603 4881 dedit
1623 4826 1706 4879 ida-i

868 4921 955 4976 nobis
965 4919 1067 4973 bibere
1077 4915 1518 4985 inremissionempeeeatorum
1525 4920 1705 4971 uestrorum.

905 5008 976 5064 Car.
995 5005 1132 5061 xxviii.
1153 5004 1198 5058 Ile
1213 5003 1334 5069 Incerto,
1352 5004 1532 5060 steIIIoneet
1546 5004 1670 5059 lacerta.

905 5099 1050 5152 Incertus
1074 5097 1120 5148 est
1135 5092 1239 5162 reptile
1264 5107 1360 5164 genus
1386 5094 1555 5163 animantis,
1570 5098 1710 5149 vocatum

868 5189 912 5242 ita
932 5202 967 5242 eo
983 5183 1062 5256 quod
1078 5182 1163 5253 quasi
1185 5182 1314 5236 lacertos
1330 5184 1358 5237 et
1373 5182 1494 5237 brachia
1517 5183 1633 5238 habeat.
1649 5184 1710 5239 Ge-

869 5293 940 5333 nera
956 5279 1056 5330 autem
1070 5273 1248 5326 lacertorum
1263 5274 1332 5325 sunt
1347 5271 1441 5342 plura,
1453 5275 1484 5326 ut
1501 5273 1617 5344 botrax,
1633 5275 1711 5328 sala-

868 5360 1712 5435 mandra,saura,stellio.Stellioocoloreluditumnomen

869 5458 967 5514 habet.
983 5454 1038 5509 Est
1052 5452 1130 5508 enim
1145 5454 1265 5524 tergore
1277 5451 1374 5522 pictos
1389 5452 1558 5508 lucentibus
1574 5452 1666 5526 gulda
1681 5452 1713 5507 in

870 5545 991 5603 medum
1006 5543 1168 5600 stellarum.
1182 5542 1235 5598 Est
1248 5541 1369 5597 volatile
1384 5541 1491 5597 animal
1506 5542 1585 5615 quod
1600 5541 1711 5597 lacerta

870 5638 988 5712 dicitur,
1005 5634 1140 5711 utrisque
1164 5632 1260 5691 oculis
1283 5634 1365 5691 clara
1387 5637 1421 5687 at
1434 5634 1497 5688 sul.
1509 5632 1731 5708 iuvandam
