3796 6022
136 250 195 341 323
516 247 735 321 APPENDIX
756 256 814 320 AD
836 244 1028 321 HUGONIS
1050 243 1195 321 OPERA
1215 250 1482 320 DOGMATICA.
1800 256 1865 335 ,324

137 461 291 535 majestate
312 458 437 514 Domini.
459 459 627 531 Beneergo
646 462 769 514 matrem
791 457 906 514 Domini
922 438 1013 513 suiA
1028 459 1088 513 mei
1102 458 1141 514 ad
1150 459 1268 515 mezb't
1283 458 1371 514 beata
1387 475 1450 531 quae
1464 458 1632 527 credidisti,
1644 459 1778 532 quoniam
1790 473 1865 530 per·

136 553 222 608 vocat
233 566 299 622 quae
311 549 403 603 Deum
414 548 536 603 eredidit
547 563 617 603 esse
628 548 726 618 ipsum
736 547 787 619 qui
797 548 885 604 homo
897 560 971 603 cou-
1028 546 1210 603 lieicnlurin
1226 547 1363 603 teomnia
1378 564 1441 620 quae
1456 548 1614 602 dictasunt
1631 548 1687 603 tibi
1702 548 1863 603 aDomino.

139 644 242 712 ceptus
266 639 375 706 luerat,
386 640 415 693 et
432 637 604 707 portabatur
622 637 653 692 in
668 640 751 693 utero
771 637 903 709 Virginis
928 652 973 692 se·
1028 637 1111 692 Tunc
1127 637 1169 692 ait
1187 637 1305 692 Maria.-
1320 636 1496 708 Maenihcel
1516 637 1612 692 anime
1632 653 1696 692 mea
1711 637 1866 692 Dominum

138 729 267 786 cundum
281 741 411 796 carnem,
426 725 478 796 qui
497 725 603 780 deitate
627 741 682 782 sua
706 724 804 782 omnia
825 726 970 796 portabat.
1028 726 1140 798 (ibid).
1152 727 1195 781 De
1206 742 1265 797 quo
1279 729 1346 781 ante
1357 725 1516 798 allegorias
1528 725 1558 780 in
1569 725 1764 799 Erangelium
1775 726 1866 781 Lucae

138 819 206 874 ideo
222 817 280 872 ait:
306 814 390 870 Unde
403 815 462 870 hoc
474 814 558 881 mihi,
575 819 606 870 ut
624 815 725 873 veriat
739 820 836 873 mater
853 810 972 871 Dorium
1026 816 1184 887 explicatio
1198 814 1295 886 posita
1309 818 1365 871 est
1408 858 1411 865 .

569 1184 672 1323 ue
748 1179 972 1323 mim
1036 1122 1409 1317 rururuu.

174 1614 216 1671 De
232 1613 292 1670 illia
305 1610 443 1682 lephlhe,
455 1610 533 1683 quod
548 1625 613 1666 eam
627 1612 710 1681 peter
722 1609 753 1664 in
769 1609 973 1666 holocautoma
1032 1613 1127 1680 ptume
1141 1596 1318 1666 testimoniis
1333 1611 1376 1685 (ut
1390 1612 1446 1669 alie
1462 1612 1670 1685 hujuscemodi
1685 1613 1865 1681 omittamus)

140 1703 245 1762 obtulit
259 1702 338 1771 Deo,
355 1700 495 1773 quoniam
510 1699 539 1753 in
553 1698 630 1755 bello
648 1702 781 1768 voveret,
797 1699 823 1754 si
837 1698 971 1767 vicisset,
1032 1714 1120 1771 quarn
1135 1699 1291 1756 Dominum
1305 1717 1322 1754 a
1336 1716 1396 1772 quo
1416 1702 1481 1757 baec
1499 1701 1651 1774 Scriptura
1667 1701 1794 1757 humano
1810 1717 1866 1773 ge-

139 1809 206 1851 eum
217 1808 251 1848 se
261 1791 292 1847 in
304 1789 510 1847 holocautoma
525 1787 692 1843 oblaturum
702 1788 751 1861 qui
764 1788 822 1844 sibi
839 1787 973 1858 dedomo
990 1778 1096 1845 Bneri
1111 1788 1249 1856 attibuta
1264 1792 1320 1859 est,
1337 1790 1508 1846 nouaclum
1523 1807 1582 1847 non
1600 1791 1741 1863 diligere,
1761 1806 1866 1846 rerum

140 1883 244 1945 exieus
253 1881 366 1953 primus
377 1877 656 1949 occurrisset,quod
665 1875 972 1947 cumrorisset,ricit,
1032 1878 1120 1934 etiam
1135 1878 1237 1933 odisse
1249 1879 1319 1934 talia
1334 1879 1482 1936 sacritlcia
1495 1882 1526 1936 in
1536 1879 1645 1953 quibes
1661 1880 1797 1936 homines
1812 1880 1865 1933 im-

106 2018 111 2023 .
140 1977 170 2032 et
182 1970 357 2027 occurrente
371 1967 431 2033 sihi
446 1966 516 2036 fllia,
528 1965 607 2038 qued
618 1969 740 2021 voverat
750 1965 888 2036 reddidit,
898 1964 975 2021 solet
1032 1966 1204 2023 molantur‘.l
1216 1967 1267 2022 llla
1277 1967 1364 2038 plane
1375 1969 1472 2041 diligit
1480 1971 1510 2025 et
1519 1971 1650 2038 coronat,
1662 1959 1729 2024 euni
1739 1968 1867 2041 quisque

140 2076 210 2119 esse
225 2073 333 2130 magna
346 2058 376 2114 et
386 2056 426 2111 ad
437 2054 632 2127 judicandum
646 2054 820 2112 difficillima
834 2054 973 2126 questio,
1002 2035 1133 2127 {iustus
1153 2056 1336 2128 iniquitatem
1358 2058 1474 2128 patiens
1497 2072 1594 2131 usqne
1615 2059 1652 2113 ed
1673 2063 1867 2129 mortem-pro

107 2185 108 2188 =
140 2149 318 2226 quibusdam
343 2145 413 2219 quid
433 2144 494 2200 sihi
517 2143 574 2200 hoc
589 2142 659 2199 velit
680 2158 772 2203 nosse
787 2142 975 2214 cupientibus
1032 2144 1155 2203 veritate
1170 2144 1309 2214 decertet,
1322 2146 1369 2202 rel
1383 2146 1421 2201 ab
1437 2147 1576 2217 inimicis,
1592 2162 1669 2220 quos
1684 2162 1738 2219 pro
1751 2145 1868 2219 justitia

139 2245 168 2300 θῑ
182 2240 230 2312 pie
245 2232 459 2310 (lllfflfflfllihlfflr
468 2232 648 2305 quibusdam
663 2247 733 2288 voro
748 2232 798 2304 qui
813 2231 975 2303 Scripturis
1032 2231 1163 2303 offendit,
1179 2234 1334 2305 occiditur,
1350 2235 1519 2291 retribuens
1542 2236 1586 2291 eis
1602 2236 1685 2292 -bona
1699 2251 1753 2308 pro
1767 2234 1865 2304 malis,

141 2331 189 2390 bic
218 2327 330 2385 sanctis
361 2323 496 2394 imperita
523 2322 671 2393 impietate
698 2321 895 2379 adversantur
919 2320 976 2377 hoc
1031 2322 1062 2378 id
1076 2325 1123 2379 eet
1137 2339 1190 2394 pro
1206 2323 1274 2380 odio
1297 2323 1493 2380 dilectionem.
1510 2324 1611 2381 Talem
1631 2325 1703 2381 dicit
1723 2325 1867 2380 Dominus

138 2418 267 2481 maxilua
277 2416 307 2470 iu
318 2413 429 2469 crimen
439 2411 616 2467 vocantibus
627 2410 708 2482 quod
717 2411 795 2482 legis
809 2412 839 2465 et
849 2409 976 2481 prophe·
1033 2413 1210 2484 sanguinem
1222 2412 1365 2484 justume
1380 2414 1524 2486 sanquine
1540 2413 1627 2479 Abel,
1642 2429 1732 2488 usquc
1745 2415 1785 2469 ed
1798 2431 1867 2469 ean·

140 2505 332 2564 tarumDeus
346 2501 433 2559 etiam
449 2499 586 2556 humanis
601 2499 760 2557 sacrifieiis
775 2498 864 2555 luerit
875 2498 976 2555 delec-
1031 2501 1150 2574 quinem
1165 2501 1321 2558 Zachariae
1335 2503 1456 2573 (Matth.
1479 2505 1574 2575 xxur).
1598 2504 1751 2575 Praecipue
1768 2507 1867 2559 aulem

140 2599 229 2654 latua.
238 2593 370 2661 Quorum
382 2588 538 2647 calumniis
553 2589 598 2644 sio
609 2589 747 2659 prinutus
758 2587 975 2658 respondemus
1031 2589 1111 2662 quod
1122 2591 1298 2662 sanguinem
1309 2590 1384 2649 ludit
1396 2592 1463 2663 ipse
1473 2608 1528 2665 pro
1537 2593 1634 2660 nobis,
1644 2595 1677 2648 et
1686 2592 1867 2648 sacrificium

139 2690 173 2743 ut
182 2685 276 2743 Deum
286 2681 364 2754 legis
375 2683 404 2735 et
413 2677 633 2750 prophetarum,
643 2680 741 2749 atque,
752 2678 785 2735 ut
799 2676 976 2748 expressius
1030 2679 1166 2750 seipsum
1180 2679 1286 2736 obtulit
1301 2680 1379 2750 Deo,
1395 2681 1441 2736 sic
1463 2681 1565 2754 utique
1579 2682 1694 2753 obtulit,
1711 2685 1742 2737 ul
1755 2681 1792 2736 ab
1808 2682 1867 2737 ini-

101 2826 107 2851 ι
139 2775 251 2842 ffifflmr
267 2772 361 2827 Deum
383 2767 549 2838 Abfflhflmr
565 2770 595 2823 θῑ
616 2767 710 2831 llffllm
725 2765 819 2835 luae,
835 2769 865 2821 el
882 2765 976 2821 Deum
1031 2768 1119 2824 micis
1131 2767 1313 2840 projectitia
1334 2771 1528 2828 occideretur.
1549 2771 1635 2827 Hunc
1651 2772 1761 2827 imitata
1775 2770 1866 2826 multa

138 2863 232 2923 laceb
243 2877 298 2917 nec
313 2859 362 2914 illa
377 2856 524 2913 sacrificia
539 2856 760 2925 delectaverint,
771 2855 974 2925 ubipecorum
1031 2861 1193 2928 martyrum
1206 2858 1286 2914 milia
1302 2875 1397 2931 usque
1411 2860 1449 2915 ad
1461 2864 1585 2916 mortem
1599 2875 1653 2932 pre
1667 2860 1790 2916 veritate
1806 2876 1868 2916 001·-

139 2952 314 3012 ¹¹⁰¹⁰⁰⁸¹¹⁸ffl
324 2945 532 3016 ⁰ff⁰f⁰b⁸¹¹¹¹¹fr
542 2945 596 3002 Sed
611 2945 690 3017 (1¹²0d
702 2943 974 3017 sisnifloativalue·
1031 2950 1143 3017 tarum,
1167 2951 1196 3004 et
1215 2948 1252 3003 ab
1268 2948 1398 3004 inimicis
1413 2949 1608 3005 saevientibus
1622 2949 1770 3007 immolata
1784 2952 1865 3005 eunt.

101 3080 104 3084 ι
138 3045 199 3103 rint
219 3043 249 3099 et
267 3037 403 3112 quaedam
416 3035 530 3092 umbrae
545 3034 726 3104 futurorum,
744 3048 811 3089 eum
824 3048 875 3089 res
891 3033 972 3103 ipsas
1033 3036 1196 3108 Dequibus
1207 3036 1279 3092 dicit
1287 3037 1455 3108 Scriptura:
1477 3039 1623 3112 Tanquam
1641 3053 1743 3095 aarum
1757 3039 1789 3093 in
1803 3037 1866 3094 for·

139 3132 228 3192 ¹1⁰¹)ss
243 3145 310 3202 ‘11¹ae
325 3127 373 3184 ΜΒ
389 3125 546 3181 ⁸³⁰¹'ffi0fi8
560 3122 807 3196 flidssiflfflbfflffl
821 3137 972 3181 00ss1m0n·
991 3094 1017 3161 0
1033 3125 1250 3197 uaceprcbarit
1258 3127 1435 3192 succisione
1442 3128 1604 3184 holocausti
1612 3129 1742 3186 bostiam
1751 3128 1866 3201 aceepit

140 3223 212 3281 dare
234 3217 378 3281 voluisse·
405 3213 512 3270 Fuisse
536 3215 633 3269 antam
655 3213 743 3271 etiam
764 3212 851 3266 istam
872 3209 973 3266 utilem
1032 3213 1102 3272 liba
1116 3214 1199 3286 (Sap.
1216 3218 1268 3286 ιιι).
1288 3215 1371 3271 cade
1386 3220 1415 3272 et
1425 3216 1586 3288 Apostolus
1601 3218 1690 3273 dicit:
1707 3217 1774 3290 Epo
1786 3218 1866 3273 emm

142 3325 264 3369 caueam
274 3322 327 3362 cur
337 3305 385 3361 illa
397 3306 589 3373 mutarentur,
601 3317 656 3357 nec
667 3301 754 3359 modo
764 3298 973 3373 nonjuberen·
1026 3304 1091 3375 jem
1106 3303 1241 3359 immolor
1256 3304 1402 3378 (Philipp.
1420 3307 1462 3377 rr).
1477 3307 1535 3362 Sed
1553 3323 1612 3362 non
1627 3307 1672 3362 sic
1686 3305 1813 3378 lephthe
1829 3306 1866 3362 de

139 3403 189 3458 tur
205 3395 320 3465 offerri,
338 3394 396 3449 imo
414 3391 651 3463 prohiberentur,
672 3406 709 3447 ne
724 3405 793 3445 rere
810 3388 974 3444 secundum
1031 3392 1091 3448 illia
1111 3393 1182 3448 lecit
1200 3393 1404 3453 holocautoma
1423 3395 1563 3468 Domino,
1584 3396 1640 3451 sed
1658 3395 1736 3451 sicut
1750 3410 1866 3467 prece-

141 3485 290 3546 carnalem
304 3481 442 3537 allectum
458 3480 567 3536 talibus
590 3481 685 3535 Deum
699 3479 840 3535 delectari
854 3481 974 3548 putare·
1031 3485 1113 3553 ptum
1132 3481 1227 3538 luerat
1248 3499 1356 3553 pecora
1380 3482 1495 3554 olierri,
1520 3488 1548 3539 et
1570 3484 1750 3555 prohibitum
1769 3483 1866 3540 fuerat

141 3566 974 3639 mus.Sedutrumetiamhumenissacrillciissignitlcari
1031 3570 1166 3626 homines
1187 3572 1344 3626 immolari.
1368 3572 1465 3645 Magis
1490 3573 1546 3628 hee
1572 3573 1612 3628 illi
1636 3573 1733 3628 simile
1747 3573 1866 3628 videaur

132 3665 239 3725 ,futura
254 3660 437 3734 opportuerit
456 3659 561 3715 merito
575 3658 728 3729 quantur.
743 3657 848 3728 Neque
862 3659 974 3713 mortes
1031 3659 1110 3730 quod
1121 3659 1191 3716 lecit
1201 3660 1361 3730 Abraham,
1372 3663 1452 3733 quod
1463 3662 1607 3718 Dominus
1615 3663 1786 3734 specialiter
1800 3663 1865 3717 heri

132 3754 292 3813 ‚hominum
307 3765 474 3823 quanquam
485 3750 677 3817 mortuorum,
689 3746 719 3801 in
735 3745 791 3800 hac
811 3761 900 3800 eausa
920 3760 974 3800 ex·
1030 3748 1173 3819 praecepit
1187 3764 1246 3804 uon
1262 3749 1394 3822 generali
1408 3750 1485 3822 lege.
1503 3751 1541 3806 Ut
1556 3751 1625 3806 talia
1643 3751 1701 3807 sihi
1716 3751 1864 3807 sacrificia

140 3845 318 3903 horrescere
332 3842 361 3896 at
377 3837 535 3894 formidare
551 3835 741 3904 deberemus,
753 3834 780 3890 si
791 3834 833 3888 illi
847 3834 898 3905 qui
908 3833 974 3889 haec
1030 3836 1135 3893 herent
1149 3838 1306 3909 aliquando
1322 3840 1484 3910 mandavit,
1503 3840 1562 3895 imo
1581 3842 1668 3896 etiam
1681 3840 1746 3896 heri
1760 3840 1865 3912 proni.

140 3935 176 3991 de
192 3948 226 3988 ce
241 3931 305 3986 lieri
321 3930 473 4001 gratanter
486 3925 654 3996 acciperent
673 3924 704 3977 in
721 3926 861 3979 aeternam
880 3938 975 3978 remu·
1030 3925 1102 3982 buit.
1120 3926 1214 3982 Distat
1234 3927 1331 3999 itaque
1353 3928 1410 3984 hoc
1431 3929 1510 4001 quod
1527 3928 1597 3985 iecit
1611 3929 1738 4001 lephthe
1753 3946 1770 3985 a
1785 3929 1864 3986 lacto

141 4021 323 4078 horationem
338 4015 614 4072 commendarentur
628 4013 700 4069 Deo.
716 4011 789 4083 Sed,
809 4013 836 4066 si
852 4011 909 4068 hoe
923 4027 973 4067 ve·
1030 4015 1174 4085 Abrahae,
1197 4019 1337 4089 quoniam
1357 4018 1422 4089 ipse
1440 4017 1547 4090 jussus
1564 4018 1669 4074 obtulit
1682 4018 1788 4089 silium,
1805 4019 1863 4075 iste

129 4126 206 4168 rum
219 4110 311 4178 esset,
324 4105 380 4160 hoc
391 4119 488 4177 genus
499 4102 714 4159 sacrificiorum
725 4102 787 4157 Deo
801 4116 860 4157 non
875 4100 975 4171 displi·
1030 4108 1127 4162 autem
1143 4105 1213 4160 iecit
1228 4106 1307 4178 quod
1322 4107 1426 4179 etlegc
1436 4107 1591 4163 retamim
1605 4111 1634 4163 et
1644 4107 1725 4164 nullo
1740 4107 1863 4179 speciali

130 4201 229 4257 cerel.
247 4194 411 4267 Displicere
424 4195 523 4248 autam
537 4192 597 4248 Deo
617 4191 691 4247 satis
706 4191 858 4247 evidenter
871 4191 973 4246 eadem
1028 4193 1190 4266 jubebatur
1202 4196 1337 4267 imperio.
1358 4197 1470 4253 Deinde
1490 4212 1551 4254 nen
1570 4196 1667 4253 solum
1680 4197 1711 4252 in
1726 4213 1780 4252 sua
1793 4196 1864 4270 lege

131 4288 292 4360 Scriptura
307 4286 442 4340 testatur.
463 4281 553 4352 Nam,
576 4297 644 4337 oum
665 4281 763 4337 omnia
777 4279 972 4352 primogenita
1030 4286 1144 4355 postea,
1156 4299 1259 4339 verum
1270 4285 1438 4341 etiamtunc
1454 4286 1597 4341 Dominus
1611 4287 1642 4342 in
1658 4285 1723 4356 ipso
1734 4285 1864 4341 Abrahae
1879 4335 1883 4348 ,

140 4377 198 4435 sibi
212 4374 304 4432 dicari
320 4377 347 4429 et
362 4388 417 4427 sua
432 4386 501 4428 esse
524 4371 651 4426 voluerit
671 4374 759 4442 atque
781 4371 970 4441 praeceperit,
986 4403 1014 4468 D
1031 4372 1102 4442 ulie,
1114 4372 1223 4428 talibus
1232 4373 1390 4429 sacrificiis
1400 4390 1487 4445 quam
1496 4374 1758 4430 nondeloetmtup
1767 4377 1865 4429 osten.

138 4465 244 4525 redimi
257 4466 400 4521 tantuma
418 4476 452 4516 se
474 4461 567 4517 voluit
587 4460 782 4532 primogenita
804 4458 970 4528 bominum,
1030 4460 1082 4531 eit,
1100 4477 1166 4516 cum
1180 4466 1293 4532 patrem
1309 4461 1863 4536 cujusildamjubendoprobarerat,a

130 4573 175 4628 ¹ne
186 4552 381 4612 immolandos
393 4550 454 4605 Deo
466 4549 620 4607 crederent
629 4549 708 4604 illios
716 4563 789 4604 suos
798 4562 875 4619 quos
885 4550 971 4602 natos
1030 4549 1082 4605 illii
1097 4553 1194 4607 tamen
1209 4551 1413 4607 interlectione
1427 4553 1588 4624 prohibuit,
1604 4556 1633 4608 et
1653 4553 1784 4623 arietem,
1802 4568 1861 4625 qno

128 4646 275 4719 ,primitus
289 4640 507 4711 ⁸11⁸⁰0Pi⁸⁸011t
524 4637 636 4693 Deinde
655 4637 713 4692 hoc
727 4637 856 4706 apertius
869 4636 909 4691 ita
925 4635 971 4690 lo-
1029 4639 1209 4694 sacrificium
1224 4640 1303 4695 licite
1314 4641 1478 4696 secundum
1493 4645 1626 4697 veterum
1637 4642 1861 4714 congruentiam

137 4735 246 4808 quitur,
262 4731 342 4804 quod
356 4729 483 4784 humana
503 4726 676 4800 holocausta
698 4726 744 4779 sic
764 4726 845 4781 Deus
859 4725 971 4795 impro·
1028 4727 1212 4799 temporibus
1236 4732 1409 4784 consuetam
1434 4731 1640 4802 compleretur,
1665 4731 1811 4802 apposuit,
1828 4730 1859 4785 si

127 4822 187 4879 >bet
201 4825 233 4877 ut
246 4819 401 4892 prohibeat
416 4817 567 4873 detestans
586 4830 621 4871 ea
640 4814 670 4870 in
689 4813 756 4869 aliis
772 4813 927 4886 gentibus,
942 4817 971 4869 et
1027 4820 1124 4874 autem
1141 4817 1197 4873 hoc
1212 4818 1379 4889 quempiam
1394 4822 1510 4874 meret.
1526 4819 1675 4891 quomodo
1696 4819 1743 4890 pie
1768 4819 1862 4874 credi.

128 4910 246 4983 .l>⁰l²⁸¹¹0
261 4924 316 4964 ⁸¹¹⁰
330 4906 508 4979 llloe‘lllliens
524 4920 562 4960 ¹¹³
575 4903 680 4960 &Udefll
692 4903 809 4959 lfflilffl·
825 4903 968 4969 Αῑίθηᾶθ,
1028 4906 1103 4961 derit
1118 4906 1267 4961 Abraham
1281 4907 1374 4962 Deum
1382 4907 1492 4964 talibus
1503 4907 1659 4964 sacrificiis
1669 4907 1820 4978 delectari,
1832 4907 1861 4963 si

125 4999 242 5071 inquil,
259 4997 316 5052 tibi
332 4995 408 5068 ipsi:
423 4994 471 5051 Ne
482 4994 743 5066 sequarieoentes,
753 4997 907 5065 postqum
919 5007 970 5047 er·
1027 4993 1093 5050 brec
1107 4994 1207 5050 illicite
1222 4994 1385 5051 offeruntur
1405 4997 1487 5067 Deo;
1511 5000 1540 5052 et
1562 4996 1629 5052 ideo
1651 4999 1734 5053 recte
1757 5000 1860 5068 putant

124 5081 969 5155 .termiueuefuerintel‘acietue,neexquiraedeoseorum
1027 5084 1191 5139 credidisse
1206 5084 1294 5140 etiam
1307 5084 1434 5157 Jephthe
1444 5087 1525 5158 quod
1537 5086 1595 5142 tale
1605 5086 1785 5142 sacrificium
1797 5087 1858 5142 Deo

136 5176 259 5241 dicerer
272 5171 516 5241 Quemadmodum
527 5168 640 5225 faciunt
651 5176 760 5244 pentes
768 5170 830 5226 diis
840 5171 913 5226 suis.
925 5169 970 5226 fa·
1026 5175 1130 5245 posset
1144 5188 1214 5229 essa
1229 5177 1392 5245 acceptum,
1408 5174 1504 5246 primo
1520 5175 1689 5231 consideret
1697 5175 1777 5235 aliud
1788 5191 1858 5233 esse

132 5267 208 5326 ciam
220 5270 249 5323 et
259 5279 324 5337 epo.
333 5261 400 5320 Non
411 5260 506 5316 iacies
516 5260 558 5315 ita
569 5258 693 5316 Domino
702 5259 765 5316 Deo
776 5264 833 5316 tuo.
846 5259 968 5315 Abomi-
1025 5261 1103 5318 ultro
1113 5276 1233 5332 rovere,
1244 5263 1446 5335 aliudjubenti
1457 5265 1681 5336 obtemperare,
1697 5265 1856 5336 nonenim,

136 5358 274 5415 nements
289 5353 367 5411 euim
382 5365 448 5425 quw
461 5348 603 5406 Dominus
614 5347 679 5405 odit
686 5346 824 5406 [comunt
833 5349 896 5405 diis
904 5349 969 5405 suis
1025 5350 1051 5406 si
1066 5349 1176 5423 aliquid
1191 5355 1299 5424 proter
1314 5367 1426 5409 morem
1441 5353 1471 5409 in
1485 5353 1572 5410 domo
1591 5369 1609 5409 a
1624 5353 1729 5410 Dmlno
1744 5354 1859 5411 institu-

136 5436 967 5522 quonismetdlioreuoeelliliosoomburuntirai.(Dent.
1024 5443 1087 5498 tum
1101 5439 1335 5515 serrolabetur,
1351 5443 1440 5517 atque
1457 5442 1488 5498 ld
1525 5443 1666 5501 onerem
1689 5443 1858 5501 oboriente.

135 5535 199 5605 ²⁸0·
594 5588 597 5593 4
1023 5528 1104 5589 lecit.
1121 5529 1190 5587 ldeo
1205 5545 1265 5589 uon
1280 5533 1327 5588 ast
1341 5530 1526 5604 plectendus,
1542 5532 1571 5590 ai
1585 5531 1643 5590 hoc
1657 5535 1764 5607 sponte
1777 5549 1857 5608 pire·

124 5694 129 5701 ,
172 5621 248 5698 Quid
262 5622 430 5686 evidentius
445 5617 563 5682 arandi
579 5619 677 5695 potest
696 5615 744 5680 bis
758 5620 872 5681 mactae
885 5616 968 5681 Scri.
1023 5619 1195 5698 „mpura
1206 5618 1547 5700 mammam
1558 5621 1698 5684 mn„
1706 5621 1855 5693 ,bum
