3796 6022
132 258 192 324 135

510 252 732 321 APPENDIX
753 256 811 319 AD
835 246 1028 319 HUGONIS
1051 250 1195 317 OPERA
1216 247 1482 317 DOGMATICA.

1795 251 1856 319 136

131 456 728 532 sepultumesseCorpusautomdicitura
738 455 961 523 consuetudine,
977 436 1006 497 Α
1021 470 1093 525 ergo
1111 454 1277 520 deiunctae,
1294 455 1374 526 quod
1388 455 1424 509 ab
1440 455 1538 510 allicio
1552 455 1620 509 vitae
1635 455 1674 510 sit
1689 456 1854 526 depositus,

131 550 199 621 quia
214 550 283 604 dum
298 548 416 602 vivebat
431 561 540 616 corpus
555 547 632 613 erat,
649 544 784 599 utillud:

239 678 345 692 .....
372 635 440 689 Tum
456 649 579 705 corpora
594 632 659 687 Ince
675 637 838 685 carentum.

327 725 454 794 (Vraoic.
474 722 592 793 Georg,
610 721 660 774 lib.
678 737 717 789 1v,
734 735 803 774 vers
818 720 893 789 355.)

132 813 296 868 Defunctus
312 817 443 881 vocatur,
460 811 528 882 quia
552 808 709 879 complevit
723 808 791 861 vitae
816 808 964 874 officium,

132 917 200 956 nam
215 903 340 956 dicimus
366 901 521 956 defunctos
545 897 654 966 olllcio,
670 897 739 967 quia
754 896 851 950 officia
868 896 966 950 debita

133 991 363 1061 compleverunt,
375 989 458 1044 Unde
470 991 516 1042 est
529 991 556 1040 et
570 986 733 1040 honoribus
749 984 884 1053 iunctus,
897 984 965 1037 hinc

1021 544 1085 597 sive
1109 544 1188 614 quod
1211 544 1249 596 sit
1271 544 1317 597 die
1333 543 1462 598 functus
1487 544 1625 614 Sepultus
1642 549 1738 598 autem
1758 545 1855 598 dictus

1021 647 1056 685 co
1074 632 1152 701 quod
1168 631 1207 685 sit
1220 632 1285 686 sine
1303 633 1391 702 pulsu
1406 633 1453 686 vel
1469 633 1534 687 sine
1549 633 1748 702 palpitatione,
1766 633 1793 685 id
1810 635 1856 687 est

1021 720 1086 774 siae
1103 723 1192 775 niatu.
1209 720 1340 790 Sepelire
1355 725 1452 775 autem
1468 723 1514 775 ost
1530 736 1654 792 corpora
1671 722 1808 789 condere,
1826 721 1855 774 id

1021 812 1068 862 est
1078 809 1272 862 abscondere.
1286 809 1361 862 Nam
1376 809 1498 863 humare
1509 809 1635 864 obruere
1651 809 1788 878 dicimus,
1799 810 1855 864 boc

1022 899 1068 951 est
1083 896 1204 951 hornum
1219 895 1343 967 injicere
1359 900 1388 951 et
1406 897 1495 951 humo
1512 900 1622 968 tegere.

136 1175 1404 1202 m

742 1313 921 1392 LIBER
979 1312 1255 1402 QUARTUS

265 1489 316 1551 De
339 1486 602 1571 proprietatibus
632 1489 662 1547 et
690 1484 844 1567 epithetis
873 1504 993 1560 rernm,
1024 1483 1110 1545 serie
1136 1484 1303 1549 litterario
1334 1487 1367 1548 in
1395 1488 1543 1550 ordinem
1570 1490 1725 1553 redactis.

863 1663 1122 1691 ψ

203 1844 272 1898 Cnr.
290 1843 312 1898 1.
330 1843 373 1896 Dc
388 1842 436 1896 ln's
451 1839 557 1913 quibus
568 1839 665 1911 prima
682 1838 783 1892 littura
799 1843 843 1892 cst
856 1837 894 1890 A.
982 1818 1008 1878 Β
1025 1836 1109 1890 matri
1126 1837 1295 1890 simillimus
1311 1840 1357 1891 est
1381 1840 1408 1892 et
1424 1839 1613 1895 immolationi
1630 1845 1735 1911 aptus3
1752 1842 1858 1896 immo·

169 1932 340 1987 Ablactatus
371 1947 387 1984 a
411 1928 539 1983 mamilla
563 1943 616 1998 per
644 1943 775 1980 amarum
801 1927 965 1995 separatur,

133 2020 208 2093 patri
224 2020 365 2086 redditur,
378 2022 407 2073 et
420 2017 556 2071 validiori
572 2016 638 2070 cibo
653 2014 752 2090 utitur.

169 2110 261 2165 Abies
277 2111 323 2164 est
336 2108 426 2162 arbor
440 2108 506 2174 alta,
519 2120 652 2176 procera,
664 2119 747 2157 coma
758 2102 967 2173 pulcherrima.

1025 1924 1130 1978 landus
1142 1941 1200 1979 non
1212 1926 1325 1980 clamat.
1336 1926 1430 1980 Mater
1440 1927 1507 1998 ejus
1519 1929 1563 1982 lac
1575 1930 1688 1999 praebet
1698 1931 1734 1985 ad
1747 1930 1860 1984 lomen-

1023 2015 1094 2080 tum,
1112 2017 1141 2067 et
1163 2015 1260 2069 lanam
1275 2015 1311 2068 ad
1326 2016 1550 2087 vestimentum,
1567 2033 1686 2072 carnem
1702 2019 1738 2072 ad
1762 2034 1858 2073 esum.

1023 2101 1202 2157 Tondendus
1219 2103 1295 2174 silet,
1314 2104 1454 2175 ungulam
1471 2107 1554 2160 findit
1569 2109 1598 2160 et
1613 2108 1749 2162 ruminat.

168 2199 318 2268 Accipiter
332 2196 462 2269 agrestis
475 2194 523 2249 vel
539 2194 689 2264 sylvester
702 2208 774 2246 aves
790 2191 970 2246 domesticas
1060 2190 1113 2244 Ala
1130 2192 1247 2263 gemina
1270 2195 1329 2262 est,
1347 2193 1437 2248 dorso
1452 2195 1596 2266 infigitur,
1612 2196 1765 2250 volucrem
1786 2196 1859 2250 sub-

140 2287 226 2357 rapit,
249 2290 349 2356 captas
375 2285 513 2339 continuo
537 2283 672 2350 devorat,
688 2283 720 2334 ut
740 2280 907 2349 plumescit,
922 2295 971 2332 re-

1023 2278 1110 2334 levat.

128 2376 226 2448 ¹qtririt
239 2375 303 2429 loca
319 2371 569 2443 opportunaunde
586 2385 645 2425 nou
661 2369 833 2436 extrahitur,
845 2367 971 2439 abjectis
1060 2368 1135 2421 Alba
1163 2368 1257 2422 vestis
1281 2368 1475 2423 sacerdotalis
1505 2386 1614 2441 corpus
1639 2373 1742 2443 operit,
1760 2376 1806 2427 cst
1831 2374 1860 2426 in

136 2464 246 2535 plumis
263 2463 427 2534 sylvestres
443 2476 514 2514 aves
530 2460 615 2528 capit,
633 2458 801 2511 columbam
815 2456 970 2527 persequi·

1024 2455 1149 2510 manicis
1165 2457 1276 2525 stricta,
1295 2457 1419 2510 interius
1435 2458 1501 2528 lata,
1516 2459 1592 2514 linea
1607 2464 1662 2514 est.

132 2556 190 2623 tur,
203 2552 333 2623 praedam
348 2550 471 2604 Domino
483 2551 592 2602 servat.
607 2547 794 2601 Doniesticus
809 2545 971 2599 insiuistra
1015 2560 1017 2562 ’
1060 2544 1172 2599 Alveus
1188 2560 1294 2616 aquam
1310 2545 1625 2617 continet,prolundus
1641 2553 1697 2622 est,
1711 2550 1858 2606 alluvione

133 2641 257 2715 geritur,
274 2643 305 2694 ut
325 2640 405 2694 volet
427 2639 464 2692 ad
487 2638 648 2703 dexteram,
663 2634 856 2704 compedibus
880 2649 971 2688 cons-

134 2729 285 2802 tringitur,
296 2727 425 2800 corrigia
437 2726 560 2797 ligatur3
573 2740 639 2796 qnae
654 2739 720 2777 eum
737 2738 796 2777 non
812 2726 906 2793 rupta,
917 2723 970 2777 sed

135 2818 232 2874 soluta
252 2822 307 2887 est,
323 2817 424 2871 volare
439 2814 632 2886 permittitur,
653 2813 718 2866 visa
738 2827 825 2866 carne
842 2812 917 2865 redit
933 2811 969 2865 ad

133 2906 301 2962 Dominum.

169 2996 282 3051 Acinus
297 2996 327 3049 in
343 2993 528 3066 nigredinem
544 2991 676 3059 vertitur,
688 2990 808 3045 odorem
825 2988 886 3043 vini
901 2990 969 3043 roti-

135 3088 195 3154 net‚
213 3084 337 3140 latorem
354 3084 467 3137 emittit.

130 3184 142 3203 ⁶
168 3174 271 3229 Activa
282 3173 340 3227 vita
356 3169 646 3244 p1·ae‹licat,sollieita
662 3169 717 3238 θεῖ,
729 3169 816 3221 finem
832 3167 967 3221 habitura

134 3263 339 3332 fructuosum,
370 3261 511 3331 operibus
534 3259 641 3327 instat,
671 3256 844 3327 martyrium
871 3255 965 3324 subit,

132 3350 301 3423 periculosa
317 3353 371 3404 est.

169 3440 250 3493 Acus
267 3437 388 3510 gracilis
404 3440 459 3506 cst,
471 3436 577 3507 rigida,
590 3438 680 3504 tores,
693 3451 752 3488 nno
765 3433 858 3503 capite
871 3434 966 3502 acuta,

133 3528 267 3584 etaltera
284 3525 441 3597 perforata,
458 3523 621 3578 consuendi
638 3522 736 3577 alticio
747 3524 823 3592 apta.

168 3616 297 3669 Adamas
319 3613 492 3668 insecabilis
514 3615 543 3666 et
566 3611 754 3665 indomabilis
780 3614 840 3678 ost,
858 3609 967 3663 serrum

127 3703 260 3774 attrabit,
278 3719 350 3757 auro
373 3702 419 3755 vel
443 3701 500 3754 alio
520 3699 636 3753 metallo
661 3714 720 3753 non
741 3699 896 3766 retinetur,
914 3698 968 3751 sed

133 3793 268 3863 chalybe,
286 3795 314 3845 ct
328 3793 439 3844 tautum
455 3789 600 3861 sanguine
621 3788 696 3842 birci
712 3787 928 3841 comminuitur.

168 3881 268 3951 Adeps
283 3879 380 3934 omnis
404 3878 519 3932 Doniini
540 3880 585 3931 est
601 3875 668 3948 jure
684 3879 835 3946 perpetuo,
853 3874 965 3928 crassi-

132 3969 202 4024 tudo
230 3968 353 4021 interior
380 3970 425 4021 est
454 3966 552 4019 cordis
573 3965 620 4018 vel
650 3963 898 4034 modusicam-is
918 3962 965 4017 vel

132 4057 258 4128 hepatiS,
275 4072 379 4109 renum
394 4054 440 4108 vel
456 4053 696 4108 renunculorum.

170 4147 230 4199 Aer
253 4161 339 4199 rarus
368 4146 424 4211 est,
448 4143 576 4209 mobilis,
599 4142 706 4195 nivibus
736 4141 851 4211 plenus,
879 4139 964 4194 lacilo

132 4233 340 4302 corrumpitur,
360 4232 541 4301 spiraculum
568 4234 614 4283 est
641 4230 817 4296 viventium,
835 4228 965 4371 nubiffs

133 4323 321 4391 obscuratur,
342 4321 405 4375 sole
428 4320 617 4387 illuminatur,
636 4318 732 4372 bieme
755 4318 905 4371 condensa
941 4333 964 4385 r,

132 4415 221 4466 vento
235 4412 371 4483 agitatur,
392 4412 493 4463 aestate
510 4410 673 4473 serenatur,
692 4407 849 4460 nubilosus
870 4406 966 4476 signi-

131 4501 199 4555 tlcnt
215 4499 343 4569 pluviam
360 4497 497 4551 suturam.

168 4588 226 4642 AEs
243 4590 271 4642 et
287 4587 423 4656 aethiopS,
436 4588 463 4638 et
478 4586 567 4638 aestas
583 4583 729 4637 habentur
744 4584 772 4636 in
788 4583 883 4636 littera
893 4583 929 4636 L

169 4677 287 4747 Agere
312 4675 418 4728 nocuis
439 4676 592 4744 purgatur,
610 4674 800 4741 stercoratur,
824 4671 966 4741 multipli-

133 4763 208 4817 citer
235 4767 343 4830 aratur,
369 4766 465 4816 rastro
496 4763 638 4831 aequatur,
663 4760 834 4828 seminatur,
865 4776 967 4814 semen

134 4850 276 4922 operitur,
293 4850 388 4904 fossis
411 4850 619 4918 circunrdatur,
637 4849 759 4918 sepitur,
776 4864 882 4902 vacare
901 4864 967 4918 per-

134 4939 267 5006 mittitur,
287 4939 373 5009 signa
393 4939 428 4992 ad
445 4939 608 5009 iugandum
624 4954 695 4992 aves
711 4938 740 4990 iu
756 4953 791 4992 eo
808 4941 966 5007 ponantur.

170 5027 310 5098 Agricola
324 5042 409 5081 mane
421 5029 584 5098 consurgit,
597 5028 706 5081 vilibus
723 5028 862 5094 induitur,
875 5026 968 5081 boves

132 5114 208 5188 jugo
220 5115 323 5184 sociat,
334 5116 453 5169 stimulo
464 5115 557 5168 boves
568 5116 715 5184 sollicitat,
727 5119 857 5184 tempora
867 5115 969 5169 arandi

134 5206 164 5261 et
175 5204 339 5260 seminandi
351 5203 499 5272 observat,
512 5204 737 5273 tempestatibus
749 5204 826 5257 aeris
839 5220 897 5258 non
908 5203 969 5257 abi-

134 5294 225 5366 gitur,
233 5296 346 5348 rectum
360 5293 476 5347 sulcum
492 5292 707 5362 facit,instante
715 5309 842 5362 vespera
851 5294 970 5348 domum

135 5382 303 5453 revertitur,
317 5381 429 5453 Jactum
445 5397 547 5436 semen
562 5381 705 5451 patienter
720 5385 882 5451 exspectat.

171 5471 277 5546 Agnus
291 5471 435 5527 innocens
446 5473 492 5526 est
503 5473 530 5526 et
540 5471 608 5543 pius
620 5472 648 5525 et
659 5470 795 5542 simplex,
806 5472 882 5527 inter
892 5471 969 5527 mul-

135 5561 182 5625 aa
197 5563 320 5622 matrem
335 5560 500 5635 cognoscit,
514 5558 579 5620 solo
593 5559 692 5620 balatu
707 5559 787 5619 illam
802 5563 967 5636 cognoscit,

1025 2632 1170 2688 dilatatur.

1060 2722 1224 2794 Amygdala
1239 2722 1335 2777 dulcis
1351 2727 1397 2777 est
1408 2724 1494 2779 cibus
1512 2728 1728 2798 aegrotantium,
1745 2728 1817 2782 dura
1833 2729 1862 2782 et

1024 2826 1130 2881 aspera
1145 2813 1220 2865 testa
1235 2813 1355 2882 tegitur.

1062 2899 1186 2968 Ancilla,
1210 2899 1341 2967 humilis,
1364 2902 1522 2973 obediens,
1540 2905 1722 2975 verecunda,
1748 2904 1859 2973 timida,

1026 2988 1134 3057 fidelis,
1150 2988 1286 3057 sollicite,
1305 2990 1423 3060 inculta,
1441 3008 1500 3046 non
1517 2992 1605 3046 babet
1620 2996 1805 3062 potestatem.

1062 3077 1200 3131 Anchora
1215 3077 1301 3131 sortis
1316 3081 1371 3146 est,
1382 3079 1505 3150 adunca,
1517 3081 1622 3149 terrea,
1640 3083 1670 3135 in
1684 3085 1770 3152 portu
1783 3082 1861 3154 jaci-

1027 3167 1083 3236 tur,
1100 3165 1201 3220 funem
1218 3167 1315 3237 habet,
1333 3184 1437 3222 navem
1452 3169 1558 3222 retinet
1578 3174 1679 3224 contra
1701 3171 1860 3241 procellas,

1026 3253 1079 3315 vix
1091 3256 1236 3310 evellitur.

1062 3347 1196 3420 Angelus
1221 3361 1314 3415 porus
1336 3347 1454 3413 natura,
1473 3347 1569 3400 lidelis
1586 3349 1791 3418 custodienda,
1817 3364 1862 3403 re·

1027 3435 1200 3495 conciliator
1225 3434 1387 3505 gratiosus,
1405 3434 1549 3489 obediens
1565 3438 1768 3508 exsequenda,
1792 3454 1861 3492 con-

1025 3525 1214 3596 templativus
1231 3522 1368 3592 favendo,
1385 3505 1506 3577 activus
1517 3525 1689 3579 nuntiando.

1062 3613 1197 3669 Annulus
1214 3611 1358 3681 principio
1374 3615 1454 3665 caret
1469 3614 1497 3666 ct
1511 3613 1578 3681 llne,
1592 3614 1736 3668 rotundus
1753 3619 1809 3684 est,
1822 3614 1862 3667 la·

1026 3705 1093 3776 pide
1109 3704 1274 3769 decoratur,
1291 3699 1416 3770 digitum
1432 3701 1536 3753 circuit
1552 3702 1580 3753 et
1595 3702 1725 3773 stringit,
1737 3703 1862 3773 digitum

1025 3789 1862 3861 ornal,strictiornoucongruit,largiordecidit,despon-

1026 3881 1128 3936 sandis
1144 3880 1171 3932 et
1188 3876 1401 3930 consecrandis
1420 3877 1589 3948 virginibus
1605 3882 1731 3949 aptatur,
1749 3879 1858 3950 sigillis

1026 3969 1119 4042 regiis
1136 3965 1301 4036 apponitur.

1059 4061 1162 4112 Annus
1177 4056 1303 4125 quatuor
1317 4057 1481 4123 temporum
1495 4055 1702 4111 vicissitudine
1718 4058 1857 4125 variatur,

1025 4145 1181 4201 duodecim
1197 4143 1351 4197 mencibus
1368 4142 1570 4214 distinguitur,
1587 4144 1616 4198 in
1636 4161 1669 4199 se
1685 4146 1857 4217 revolvitur,

1024 4237 1055 4291 iu
1066 4252 1099 4290 sc
1113 4233 1264 4289 nascentia
1281 4231 1438 4285 consumit.

1061 4327 1193 4378 Anseres
1206 4321 1362 4375 silvestres
1377 4322 1408 4373 in
1422 4321 1512 4375 altum
1528 4326 1555 4377 et
1567 4322 1731 4378 inordinate
1747 4324 1857 4391 volant,

1027 4428 1130 4469 omnes
1155 4410 1353 4467 suntcinerci
1370 4409 1489 4481 coloris,
1511 4412 1683 4466 assiduitate
1708 4413 1858 4484 clangoris

981 4502 1123 4566 Dnoctis
1141 4502 1288 4554 testantur
1311 4498 1439 4569 vigilias,
1463 4500 1551 4553 simul
1575 4500 1720 4571 habitant,
1747 4501 1859 4571 saepius

1028 4590 1221 4646 conclamant.
1232 4587 1392 4641 Domestici
1400 4588 1518 4656 seipsas
1528 4589 1859 4661 rost1·islacoranl,cum

1028 4679 1157 4735 sentiunt
1182 4677 1330 4730 hominem
1347 4676 1481 4745 clamant,
1505 4678 1578 4730 varii
1596 4681 1624 4732 et
1646 4679 1725 4733 nivei
1749 4678 1859 4733 coloris

1027 4770 1107 4836 sunt,
1124 4765 1288 4820 seminibus
1301 4762 1390 4834 jactis
1406 4765 1515 4818 nocivi.

1063 4859 1137 4928 Apis
1148 4855 1299 4910 sinecoitu
1309 4853 1450 4922 nascitur,
1464 4853 1500 4908 de
1509 4856 1586 4924 putri
1596 4856 1673 4910 bove
1685 4857 1787 4926 oritur,
1801 4855 1860 4910 sol-

1027 4948 1106 5001 licita
1128 4949 1183 5015 ost,
1205 4943 1328 4997 lloribus
1352 4943 1494 5012 pascitur,
1511 4945 1657 5016 gregatim
1676 4945 1773 5016 volal;
1799 4945 1858 5012 alii,

1027 5035 1161 5090 nonsibi
1186 5033 1309 5101 laborat,
1326 5032 1442 5085 occisas
1458 5035 1486 5085 et
1510 5035 1640 5087 mortuas
1665 5033 1777 5105 abjicit,
1802 5034 1860 5088 cito

1027 5125 1153 5192 laeditur,
1171 5120 1276 5194 frigori
1300 5121 1427 5190 inimica,
1452 5121 1583 5176 exterius
1597 5138 1714 5194 aspera,
1736 5123 1861 5177 interius

1028 5214 1117 5268 habet
1132 5211 1329 5279 dulcedinem,
1346 5210 1518 5264 munditiam
1534 5211 1638 5282 diligit.
1656 5212 1729 5266 Cum
1744 5213 1859 5283 pungit,

1030 5302 1167 5358 aculeum
1186 5300 1309 5370 amittit,
1333 5315 1391 5371 quo
1420 5300 1533 5354 amisso
1563 5316 1713 5371 nunquam
1733 5301 1862 5356 fructum

1030 5391 1109 5447 lacit.

1065 5481 1150 5553 Aqua
1169 5479 1333 5536 communis
1350 5481 1406 5551 est,
1425 5478 1531 5535 sordes
1550 5476 1638 5551 lavat,
1664 5477 1695 5535 in
1709 5478 1765 5536 ima
1788 5478 1860 5553 nuit,

1029 5570 1146 5632 alveum
1160 5586 1220 5629 uon
1236 5570 1356 5643 deserit,
1367 5570 1398 5626 in
1411 5584 1491 5626 mare
1506 5569 1674 5647 revertitur,
1690 5585 1776 5630 omne
1792 5569 1864 5627 dilu-
