3796 6022
529 258 988 351 arsenarum-nie.
1005 258 1030 324 1.

1578 269 1639 335 5ss

64 478 82 517 ,ε
93 460 272 516 volantatem
284 463 445 515 moveatur.
457 460 593 514 Debitum
602 460 699 513 autern
707 457 744 512 ad
759 441 789 503 Α
804 458 988 530 gratulamur
1002 474 1074 532 ergo
1085 460 1206 516 bonitati
1219 461 1255 517 da
1266 464 1345 516 tantu
1356 462 1511 534 majestate
1521 469 1641 537 propter

64 552 93 605 at
107 550 188 605 illius
202 551 373 620 appetitum,
388 564 445 603 nec
462 554 544 603 extra
561 564 648 603 suum
661 547 744 619 iudi-

64 654 133 706 rere,
152 654 207 693 nec
228 637 304 691 inira
326 637 500 691 subsistere.
515 636 651 707 pratiatur.
671 635 745 700 Quia

64 728 122 782 itus
134 743 241 781 sessor
252 730 307 797 est,
322 729 350 781 et
362 741 430 780 earo
439 725 616 797 jumentum,
629 724 746 780 henum

64 819 88 871 rt
98 815 281 887 praecipitem
295 831 310 868 a
323 814 398 868 malo
411 814 557 881 cohibeat,
569 816 598 868 et
608 813 744 882 calcaria,

64 905 111 958 aad
120 905 230 958 bonum
241 904 396 958 excitanda
408 905 554 966 exerceat,
568 906 596 956 el
607 902 746 972 pabulum

64 992 227 1046 firmitatem
239 994 431 1046 sustentatae
444 991 569 1045 deliciet.
584 991 617 1044 ln
628 990 746 1044 stabulo

68 1081 98 1134 in
110 1081 156 1133 via
168 1080 293 1133 calcaria
305 1083 332 1132 et
344 1079 469 1145 tronum,
483 1079 539 1133 hoc
549 1082 595 1132 est
607 1078 636 1132 in
648 1079 746 1149 quiete

64 1158 127 1239 am,
139 1169 169 1223 in
181 1168 392 1223 exercitatione
405 1167 617 1223 cohibitionem
630 1171 659 1222 et
674 1168 747 1222 inci-

64 1277 79 1313 ι.
100 1258 196 1313 Frena
218 1260 263 1311 est
289 1258 386 1326 tirnor,
413 1257 538 1311 calcaria
563 1273 656 1311 amor.
674 1256 746 1311 Cum

64 1345 279 1409 lelectationem
295 1345 476 1415 praecipitem
493 1345 615 1416 impellit
629 1345 746 1400 deside-

64 1449 106 1505 ·re,
123 1435 241 1489 cohibet
252 1450 269 1487 a
279 1433 472 1489 delectatione
484 1434 633 1488 timentem
643 1434 745 1504 provi-

64 1538 126 1578 raoe.
145 1522 177 1576 ln
194 1523 250 1577 hoc
267 1523 344 1577 enim
365 1522 443 1593 quod
465 1523 560 1577 cernit
582 1523 662 1592 quod
677 1526 747 1593 post

64 1627 125 1667 mna
140 1611 285 1682 sequitur,
309 1612 373 1666 sive
396 1611 427 1665 in
453 1611 655 1681 correctione,
682 1611 746 1665 sive

64 1715 94 1755 ae
104 1715 112 1755 :
124 1700 291 1755 refrenatur
306 1715 322 1752 a
339 1698 424 1768 culpa
440 1700 505 1754 sive
520 1699 550 1752 in
566 1715 664 1769 opere,
681 1699 746 1753 sire

802 546 911 618 ipsum,
928 563 965 604 ue
977 560 1033 619 pro
1048 549 1134 604 nobis
1150 549 1314 620 alliciatur,
1332 554 1573 624 congratulamur
1586 557 1641 611 im·

802 637 950 690 mensitnti
967 637 1098 692 detenta
1120 639 1250 693 bonitate
1272 644 1393 711 propter
1414 658 1484 710 nos,
1507 646 1537 697 at
1552 644 1640 700 nabis

802 726 1107 795 comportatorum
1130 727 1178 781 his
1202 729 1340 782 omnihus
1363 729 1518 785 admiratio
1535 748 1641 805 magna

803 816 892 868 estet
907 818 1012 884 stupor
1027 815 1126 882 ruenti,
1144 816 1260 887 quando
1283 833 1341 871 nan
1364 818 1542 888 dedignatur
1557 821 1639 876 Deus

804 901 926 956 humilia
942 906 970 957 et
986 903 1101 957 intirma
1117 907 1228 958 nostra.
1253 905 1287 958 Et
1309 905 1376 976 quia
1399 905 1440 959 illi
1460 908 1554 976 pietas
1569 908 1640 964 tacit

802 1005 835 1044 se
853 1006 911 1045 non
927 991 1092 1063 indignum,
1104 993 1182 1062 quad
1194 992 1282 1047 nobis
1298 994 1418 1049 miseria
1434 998 1639 1052 necessarium

801 1080 907 1135 reddit.
929 1078 1185 1144 Quemadmodum
1207 1085 1335 1136 materna
1359 1084 1452 1152 pictas
1468 1086 1638 1141 sordentem

802 1183 927 1238 puerum
943 1184 1004 1222 non
1019 1168 1168 1237 abhorret,
1185 1169 1239 1223 sed
1250 1171 1464 1240 quodammodo
1476 1173 1639 1230 delectatur

802 1259 991 1312 contrectans
1007 1260 1035 1311 et
1046 1257 1236 1327 deosculans,
1249 1274 1303 1313 nec
1316 1259 1547 1330 ignominiosum
1557 1266 1639 1332 putat

802 1344 924 1417 indigna
935 1345 1094 1414 sustinere,
1104 1346 1174 1417 quia
1183 1347 1299 1401 dilectio
1310 1347 1465 1417 pulchrum
1477 1349 1546 1403 tacit
1557 1350 1639 1422 quid·

802 1433 872 1504 quid
888 1433 984 1489 dilecti
1000 1435 1167 1489 necessitas
1183 1436 1328 1505 exposcit,
1341 1436 1385 1490 sic
1401 1452 1474 1509 ergo
1489 1437 1536 1507 pia
1551 1454 1637 1494 mens

802 1521 896 1577 Deum
911 1538 998 1578 suum
1015 1523 1238 1594 contemplatur,
1262 1525 1370 1594 etipsa
1386 1541 1440 1579 sua
1456 1526 1639 1597 contempla-

801 1609 880 1664 tione
896 1610 1028 1665 suaviter
1039 1612 1174 1666 rellcitur
1193 1615 1221 1667 et
1244 1613 1329 1667 dulce
1349 1613 1391 1666 illi
1407 1616 1453 1667 est
1468 1630 1588 1685 semper
1602 1616 1639 1672 ad

802 1699 1053 1754 considerandum
1074 1700 1153 1770 quod
1177 1701 1215 1754 ad
1238 1702 1394 1755 amandum
1417 1706 1445 1756 et
1460 1702 1638 1759 laudandum

64 1788 153 1844 hone.
163 1789 264 1844 Timor
274 1788 484 1858 ergohenum,
495 1788 559 1857 ipse
570 1786 745 1842 timorcohi-
761 1769 787 1833 Β
803 1804 922 1858 semper
935 1793 981 1844 est
996 1805 1098 1844 suave.
1116 1790 1283 1860 Tripliciter
1300 1794 1398 1846 autem
1411 1792 1528 1847 enimus
1545 1793 1638 1848 Deum

64 1877 136 1951 tagit
150 1877 319 1932 ettluentem
334 1876 474 1945 animum,
491 1881 519 1931 et
535 1877 614 1931 sistit
629 1877 745 1930 eumad

64 1982 102 2035 m,
114 1966 276 2021 ostendens
289 1964 407 2020 facilius
418 1965 523 2019 malam
535 1965 748 2036 concupiscen-

64 2070 109 2111 ere
119 2070 207 2126 quam
218 2056 324 2110 melam
337 2054 549 2109 conscientiam
564 2054 701 2122 tolerare3
717 2059 745 2109 et

64 2130 112 2200 um
127 2147 159 2198 ut
175 2144 279 2199 durius
295 2144 409 2199 evadat.
427 2143 538 2198 Deinde
554 2143 635 2197 venit
649 2159 743 2212 arnor,

63 2236 84 2287 rt
106 2231 262 2288 excitanda
284 2232 399 2303 pigram
421 2232 456 2286 ud
480 2231 654 2286 exercitium
677 2229 746 2284 boni

64 2326 249 2378 amonstrans
265 2321 402 2375 alacriter
417 2321 600 2375 tolerandum
617 2320 748 2375 laborem

64 2426 108 2466 rra
130 2410 404 2481 recompensatione
429 2413 516 2463 tantae
532 2408 745 2464 retributionis.

64 2499 83 2556 d
98 2499 224 2554 facimus
238 2498 440 2552 transitorium
451 2500 497 2553 est
507 2501 535 2552 et
545 2499 633 2552 finem
644 2496 747 2565 hahet3

64 2603 106 2645 em
122 2591 324 2659 expectamus,
342 2591 484 2642 aeternum
496 2591 542 2642 est
553 2590 582 2642 et
591 2587 680 2642 linem
690 2601 749 2641 non

64 2692 145 2733 ereas
161 2681 207 2732 est
222 2677 280 2730 vita
303 2676 368 2730 sine
391 2680 499 2746 morte,
524 2676 663 2748 gaudium
684 2674 749 2730 sine

68 2765 241 2838 jucunditas
257 2766 322 2820 sine
337 2765 449 2820 dolore.
473 2765 504 2819 Si
524 2781 596 2838 erga
612 2766 677 2819 haec
692 2764 751 2818 vita

64 2859 95 2911 te
117 2855 226 2923 finitur,
252 2858 364 2910 tantum
387 2855 529 2926 diligitur,
553 2859 583 2909 ut
608 2869 661 2924 pra
683 2852 751 2925 ejus

64 2941 174 3017 iidquid
190 2959 244 3015 pro
260 2944 325 3014 ipsa
341 2943 505 2999 desiderari
515 2945 613 3013 potest
626 2942 752 2997 libenter

64 3049 109 3103 ur,
125 3049 161 3087 ne
177 3033 241 3087 sola
257 3034 321 3104 ipsa
342 3034 499 3100 amittatur,
524 3047 582 3102 quo
602 3031 751 3086 desiderio

804 1878 1026 1948 contemplatur,
1040 1879 1069 1932 in
1080 1880 1192 1948 scipso,
1206 1878 1234 1933 in
1246 1879 1386 1948 operibus
1398 1881 1475 1950 suis,
1486 1884 1513 1935 et
1524 1881 1554 1935 in
1563 1880 1642 1953 judi·

804 1967 858 2021 ciis
875 1967 949 2022 suis.
967 1967 999 2021 ln
1016 1968 1127 2037 seipso,
1145 1967 1265 2035 bonnm,
1281 1967 1310 2020 in
1326 1968 1467 2038 operibus
1485 1971 1560 2038 suis,
1580 1986 1642 2025 ma·

804 2071 910 2127 girum,
923 2054 1082 2125 injudiciis
1091 2055 1166 2123 suis,
1175 2054 1305 2125 justum,
1317 2056 1346 2110 in
1354 2057 1465 2127 seipso,
1474 2058 1641 2128 amabilem;

803 2144 832 2198 in
848 2143 990 2214 operibus
1006 2144 1081 2212 siris,
1099 2144 1266 2199 mirabilem
1280 2161 1287 2214 3
1304 2145 1332 2198 in
1347 2145 1469 2216 J'udioiis
1485 2147 1562 2217 suis,
1579 2162 1642 2202 me-

803 2233 953 2288 tuendum.

803 2321 865 2375 Trr.
878 2321 983 2376 cxxi.
999 2321 1340 2448 Quodaniprairlonrinem
1351 2324 1505 2379 excruciat
1517 2330 1546 2380 et
1558 2340 1646 2382 exer·

1102 2410 1147 2447 cr·
1162 2412 1192 2448 ra
1214 2411 1260 2449 rur
1273 2396 1342 2449 rita.

842 2481 936 2537 llomo
950 2480 980 2535 iu
996 2480 1155 2537 miseriaci
1168 2482 1204 2537 ad
1222 2483 1371 2538 miseriam
1386 2487 1472 2539 nattis
1488 2490 1542 2540 eet.
1559 2484 1645 2550 Quod

806 2586 865 2625 nan
882 2573 973 2638 osset,
991 2570 1017 2625 si
1033 2570 1122 2625 horno
1146 2588 1205 2626 non
1230 2576 1395 2642 peccasset.
1418 2574 1548 2628 Primum
1564 2573 1644 2630 enim

806 2659 835 2713 in
852 2674 957 2731 magua
972 2657 1158 2730 jucunditate
1181 2660 1249 2729 tait,
1277 2663 1305 2715 et
1327 2660 1363 2715 ab
1386 2662 1433 2716 itia
1455 2663 1483 2717 iu
1499 2678 1646 2718 summam

808 2745 979 2802 felicitatem
991 2749 1147 2818 pervenire
1159 2746 1279 2818 debuit,
1295 2749 1348 2804 sad
1365 2751 1433 2820 quia
1448 2750 1646 2806 obedientiam

808 2852 866 2890 non
882 2836 990 2906 tenuit,
1013 2853 1068 2891 nec
1093 2838 1220 2892 rotinere
1245 2839 1337 2908 potuit
1360 2839 1438 2909 quod
1461 2839 1571 2906 habuit,
1588 2856 1645 2895 nee

808 2925 932 2995 adipisci
948 2925 1025 2997 quod
1037 2925 1191 2979 habiturus
1203 2925 1266 2980 fuit.
1281 2926 1373 2997 Igitur
1382 2927 1418 2980 nd
1430 2928 1580 2983 miseriam
1592 2930 1645 2985 de·

808 3012 907 3084 jactus
922 3018 950 3068 el
965 3013 1002 3068 ad
1020 3014 1168 3068 miseriam
1184 3018 1370 3083 reservatus,
1392 3017 1481 3086 caepit
1495 3016 1525 3070 in
1542 3017 1647 3072 eodem

64 3122 143 3178 ,nam
156 3123 310 3191 debemus,
328 3122 377 3176 ub,
397 3137 451 3176 ΠΕ,
466 3122 526 3175 vi„
540 3123 634 3176 mma,
649 3121 751 3175 temni,
771 3089 797 3152 G
811 3102 938 3157 cruciari
946 3105 976 3156 et
985 3101 1128 3156 exerceri.
1141 3102 1321 3172 Crucieri,ut
1331 3103 1445 3173 culpam
1455 3107 1645 3176 agnosceret3

65 3213 238 3284 cgaudium
254 3212 313 3266 ullo
331 3226 456 3265 maerore
473 3211 680 3281 corrumpitur,
698 3225 752 3264 nec

64 3316 87 3355 rs
97 3301 200 3355 dolore
209 3301 356 3354 afficitur?
368 3300 438 3354 Haec
448 3301 544 3371 itaque
554 3297 753 3354 consideratio

68 3404 122 3460 per
144 3390 326 3445 desiderium
349 3390 459 3443 amoris
482 3388 619 3442 alacriter
634 3402 755 3442 currere

64 3468 239 3534 ¹ale'rantiam
263 3479 429 3548 passioniS,
454 3481 485 3532 ut
503 3477 606 3548 gravia
622 3492 681 3530 non
697 3476 757 3530 sint

64 3581 105 3638 [ue
117 3568 195 3620 liniri
206 3570 332 3636 possunt
344 3567 372 3620 in
383 3570 526 3636 tempore,
537 3582 602 3620 cum
613 3568 682 3636 post
692 3564 757 3635 ipsa

71 3659 141 3711 sunt
153 3671 219 3727 quae
229 3656 315 3725 plenu
325 3656 499 3725 consistent,
508 3654 672 3724 otperlecta
681 3654 759 3709 bona

64 3743 140 3800 itate.
159 3745 221 3798 Hoc
237 3748 283 3798 cst
297 3760 369 3815 argo
382 3744 460 3815 qnod
475 3744 601 3798 dicitur:
619 3743 759 3812 FratreS,

64 3849 195 3889 ssumus
211 3850 266 3887 nou
283 3833 378 3887 carnii.
391 3833 547 3888 Debitores
563 3832 641 3887 enim
657 3846 762 3886 sumus

72 3937 137 3978 eam
149 3923 341 3978 cohibeamus
357 3921 393 3975 ab
406 3922 568 3992 iniquitute,
581 3925 609 3976 et
620 3936 762 3975 exercea-

64 4012 174 4081 rirtute,
192 4015 219 4066 et
236 4015 439 4066 sustentemus
461 4011 492 4065 in
507 4010 691 4079 infirmitate,
709 4008 764 4063 sed

64 4092 763 4170 uettnsumusei,utsecundumillumvivamus

67 4178 146 4244 en'im
161 4189 325 4243 secundum
341 4189 420 4242 illam
436 4190 548 4258 vivere,
565 4188 704 4244 videlicet
717 4203 765 4242 se-

68 4270 327 4347 concupiscenlias
339 4282 367 4332 et
379 4278 527 4333 desideria
539 4278 628 4347 illius,
641 4279 672 4332 ut
682 4276 761 4348 quod

64 4364 763 4438 etfugiamuS,ctquoddiligitappetamus.Quod

64 4469 149 4525 rmus,
166 4471 221 4509 nec
232 4471 249 4507 a
260 4456 336 4509 melo
348 4456 578 4525 declinaremus,
590 4471 645 4509 nec
656 4455 766 4509 bonurn

64 4559 108 4599 ue.

67 4649 105 4705 Χ.
124 4649 166 4704 De
188 4651 297 4722 duplici
318 4657 348 4705 et
368 4651 439 4705 item
460 4650 574 4723 tripiici
589 4649 737 4722 contempl
754 4679 769 4691 ·

277 4741 356 4794 tione
371 4741 428 4794 Dei

64 4862 113 4934 pie
123 4862 190 4935 ,iugi
202 4865 447 4934 contemplatione
460 4864 609 4920 Creatoris
621 4865 667 4919 sui
680 4864 773 4919 relici-

64 4955 163 5023 {nanto
179 4954 276 5024 magis
291 4953 359 5023 ejus
374 4953 534 5008 bonitatem
550 4955 673 5026 cogitat,
692 4955 771 5007 tanto

78 5037 145 5112 ejus
161 5056 262 5095 amore
279 5041 483 5097 inflammatur.
499 5042 622 5096 lliratur
636 5044 773 5112 pietatem

64 5132 128 5184 :tam
143 5129 329 5201 majestatem
341 5130 376 5184 ad
388 5134 520 5184 nostrum
536 5130 773 5201 compassionem

66 5235 74 5289 ς
89 5219 214 5273 miratur
224 5219 420 5290 majestatem,
434 5235 500 5290 quae
517 5221 624 5273 tantam
638 5221 774 5291 pietatem

66 5304 258 5378 ampaesionc
276 5309 304 5361 et
317 5307 502 5377 providentia
522 5307 600 5362 attici
617 5310 645 5362 ct
658 5309 776 5379 pertur-

64 5390 167 5453 r'sinit.
179 5395 210 5452 Si
226 5397 304 5451 enim
320 5398 398 5450 tanta
413 5397 533 5452 bonitas
549 5399 640 5467 esset,
657 5399 685 5451 et
699 5398 777 5450 tanta

65 5500 153 5541 saon
165 5488 258 5554 esset,
269 5486 346 5541 mala
361 5490 463 5542 nostra
473 5486 510 5541 ed
522 5484 615 5542 Deum
629 5484 777 5541 redunda-

70 5570 168 5631 etrtem
179 5577 259 5631 tanta
270 5575 413 5647 majestas
429 5578 512 5632 esset
526 5578 555 5631 et
569 5563 648 5631 tanta
661 5574 778 5632 bonitas

64 5666 102 5736 et,
114 5663 193 5723 bane
202 5663 271 5743 eiua
281 5665 319 5722 ed
330 5670 386 5722 nob
397 5663 456 5724 no'ir
466 5662 692 5726 descenderent.
701 5661 778 5725 (tea-

811 3190 955 3261 exerceri,
965 3189 1042 3244 atad
1054 3189 1288 3244 misericordiam
1299 3192 1431 3261 reparari
1441 3194 1555 3262 posset.
1568 3192 1607 3247 Ut
1617 3193 1648 3248 in

812 3278 914 3334 dolore
923 3278 1046 3333 sentiret
1054 3277 1248 3350 bonumquod
1255 3279 1391 3351 perdidit,
1401 3280 1649 3336 inexercitatione

812 3369 969 3439 proliceret
984 3368 1020 3421 ad
1039 3366 1150 3422 honum
1173 3368 1252 3440 quod
1273 3368 1428 3424 habiturus
1454 3368 1519 3425 fuit.
1545 3370 1652 3425 lotum

814 3472 887 3530 ergo
902 3456 937 3510 ad
955 3456 1117 3511 cruciatum
1131 3471 1252 3511 versum
1267 3459 1401 3528 estquod
1413 3461 1544 3513 creatum
1555 3457 1652 3514 fuerat

815 3545 851 3599 ed
864 3545 1089 3617 jucunditatem,
1106 3548 1137 3599 ut
1147 3546 1177 3599 in
1188 3545 1325 3599 omnibus
1338 3546 1470 3601 dolorem
1481 3550 1509 3601 et
1520 3547 1652 3603 laborem

818 3635 957 3705 inveniat,
968 3637 999 3688 ut
1007 3635 1036 3688 in
1045 3635 1093 3689 sui
1102 3634 1261 3688 alilictione
1270 3638 1298 3689 et
1304 3639 1482 3705 praesentem
1491 3637 1653 3705 miseriam,

817 3727 845 3779 et
861 3723 1002 3778 amissum
1017 3722 1186 3778 felicitatem
1200 3727 1355 3796 agnoscat.

835 3813 897 3868 Trr.
913 3812 1033 3868 cxxu.
1053 3811 1134 3878 Quod
1152 3812 1274 3894 verbum
1290 3813 1347 3869 Dei
1361 3812 1453 3869 solum
1470 3813 1576 3870 Irarum
1591 3817 1638 3869 est

1182 3900 1296 3938 carrium.

856 3971 900 4027 Ex
923 3970 1038 4028 duabus
1062 3970 1238 4028 substantiis
1262 3976 1377 4029 constat
1397 3972 1497 4042 hamo,
1518 3972 1615 4028 anima
1630 3976 1659 4030 et

821 4064 909 4117 carne
920 4077 927 4130 ;
939 4063 967 4115 et
975 4064 1098 4132 utraque
1107 4060 1217 4116 bonum
1226 4078 1314 4117 suum
1323 4062 1421 4117 hahet.
1431 4062 1546 4118 Bonum
1556 4063 1656 4119 carnis

821 4154 867 4206 est
884 4148 1010 4204 mundas
1027 4167 1093 4204 cum
1108 4150 1285 4205 abundantia
1295 4150 1491 4223 ¹jucunditatis
1503 4168 1580 4207 suae.
1600 4152 1658 4208 Bo·

822 4255 891 4295 nam
900 4238 1005 4293 animm
1016 4241 1062 4293 est
1069 4239 1153 4293 'Deus
1165 4256 1231 4294 curn
1242 4239 1392 4294 aitluentiu
1403 4240 1570 4297 dulcedinis
1581 4226 1657 4297 suae.

823 4328 852 4384 Si
866 4345 937 4400 erga
949 4328 1027 4382 bona
1039 4329 1137 4382 carnis
1150 4330 1228 4382 lanta
1243 4333 1322 4399 sunt,
1340 4330 1416 4384 bona
1432 4331 1538 4384 animae
1553 4333 1662 4402 quanta

781 4406 808 4468 D
824 4433 893 4472 esee
910 4417 1037 4489 putanda
1052 4419 1142 4471 sunt?
1156 4416 1270 4482 Quanto
1287 4418 1366 4472 cuim
1381 4419 1476 4472 anima
1492 4433 1581 4473 carne
1597 4433 1661 4471 me-

825 4506 881 4561 lior
891 4510 946 4576 cst,
958 4508 1039 4560 tanto
1050 4506 1160 4560 honum
1171 4508 1275 4561 animia
1285 4507 1470 4562 honocarnis
1478 4506 1584 4560 molius
1592 4521 1662 4560 esse

825 4611 951 4650 necessa
977 4599 1033 4649 est.
1058 4594 1160 4649 Ouinia
1185 4598 1282 4649 autem
1307 4612 1373 4665 quae
1400 4595 1559 4649 visibiliter
1582 4594 1661 4648 bona

827 4688 909 4754 sunt,
927 4685 1004 4737 bona
1019 4688 1145 4754 tantum,
1167 4689 1198 4738 nt
1213 4685 1322 4737 dictum
1339 4687 1400 4751 est,
1419 4684 1517 4738 carnis
1532 4686 1618 4754 sunt,
1636 4686 1666 4737 et

827 4775 863 4827 ab
884 4773 992 4827 bonum
1015 4774 1121 4826 animm
1146 4773 1314 4842 pertingere
1337 4772 1505 4826 nullatenus
1525 4774 1663 4843 possunt.

827 4861 972 4933 Quidquid
985 4861 1070 4915 dulce
1082 4861 1172 4914 estad
1182 4864 1312 4932 gustum,
1323 4860 1465 4932 quidquid
1478 4860 1617 4916 redolens
1627 4860 1666 4916 ad

828 4952 978 5019 attactum,
992 4944 1134 5021 qitnlqunt
1150 4949 1307 5020 plausibile
1318 4950 1355 5003 ad
1370 4950 1511 5022 auditum,
1524 4950 1669 5023 quidquid

828 5041 894 5094 leue
910 5039 946 5092 ud
962 5041 1081 5107 tactum,
1094 5038 1235 5109 quidquid
1248 5038 1404 5108 pulchrum
1416 5040 1451 5093 od
1464 5056 1572 5110 risum,
1585 5039 1668 5096 carni

829 5128 980 5183 blanditur
996 5132 1022 5182 et
1036 5127 1201 5200 jucundum
1222 5130 1268 5180 est
1290 5129 1327 5181 ad
1349 5144 1483 5198 carnem,
1505 5132 1532 5183 ct
1548 5145 1607 5185 non
1623 5131 1669 5184 est

831 5217 937 5272 animae
952 5215 1064 5273 honum
1080 5215 1110 5270 in
1129 5214 1177 5270 his
1197 5214 1348 5273 omuibus.
1364 5216 1497 5273 Primum
1512 5218 1671 5274 considera

832 5306 931 5378 ipsum
944 5304 1064 5361 'visibile
1080 5304 1189 5375 lumen,
1201 5306 1281 5377 quod
1291 5304 1463 5362 visibilibus
1474 5304 1671 5378 omnibueju·

833 5394 962 5450 cundum
976 5396 1032 5464 est,
1049 5394 1115 5448 sine
1130 5409 1189 5466 quo
1200 5392 1274 5450 nihil
1285 5398 1332 5449 est
1342 5394 1472 5451 visibile.
1485 5394 1587 5468 ipsum
1597 5409 1671 5467 erga

833 5474 974 5559 magnum
988 5481 1100 5539 bonum
1116 5485 1171 5554 est,
1189 5485 1218 5539 et
1234 5484 1310 5539 inter
1327 5485 1434 5540 caetera
1448 5482 1527 5540 bona
1541 5480 1673 5541 visibilia

832 5572 932 5648 magis
946 5571 1058 5630 bonum
1072 5574 1100 5629 et
1119 5571 1283 5644 iucundius
1306 5571 1419 5631 bonum
1440 5574 1508 5646 est,
1529 5574 1559 5630 et
1572 5572 1671 5655 huten

834 5663 946 5725 bonam
969 5663 1077 5722 anime
1101 5676 1171 5722 esee
1197 5672 1260 5723 aaa
1282 5654 1397 5741 *pauet
1423 5658 1580 5721 illamam
1597 5658 1691 5718 autin
