3796 6022
475 362 532 426 us
554 360 717 428 amous
740 326 955 426 cosroms
976 362 1031 426 ur
1051 362 1259 432 erasmus.
1547 436 1550 440 ,
1668 378 1728 445 aen

492 543 1713 587 Μ

64 678 292 762 ecerptioaem
301 698 388 762 para
402 699 423 739 u
439 681 550 740 emetat
565 696 668 760 snpra
683 677 717 737 ia
732 675 926 759 Appeadiee
941 677 986 739 ed
1000 697 1101 758 opera
1125 682 1295 762 erepetiea
1311 704 1321 744 .·
1333 705 1419 770 para
1436 707 1487 766 111,
1507 692 1717 756 sermonibus

301 845 304 849 Ι
403 763 527 820 eentum
545 763 712 835 constane,
730 757 763 819 in
778 756 972 840 Appendiee
987 759 1032 820 ad
1046 779 1147 841 opera
1163 764 1325 844 mystice.)

145 1105 246 1234 llll
297 1103 587 1233 UNiONE
634 1100 1018 1232 CORPORIS
1059 1105 1154 1234 ET
1202 1104 1577 1243 SPIRITUS.

64 1519 95 1562 ro
111 1510 209 1560 natum
224 1511 270 1561 est
286 1521 325 1560 er
339 1522 429 1562 earne
444 1521 513 1562 cero
528 1509 583 1572 est,
602 1510 631 1559 et
647 1501 721 1576 quod
735 1507 834 1557 natum
848 1479 878 1542 Α
892 1505 1089 1560 conscendas.
1121 1506 1198 1563 Sunt
1224 1509 1316 1581 igitur
1338 1512 1369 1566 in
1393 1511 1451 1567 boe
1479 1513 1580 1568 mundi
1602 1530 1725 1586 corpore

64 1611 98 1650 ex
110 1595 221 1667 spiritu
237 1595 364 1667 spiritus
378 1600 424 1650 est
443 1595 538 1666 (dean.
556 1595 607 1665 m).
624 1592 654 1647 Si
671 1592 744 1647 nihil
758 1592 834 1647 inter
891 1596 1016 1664 quatuor
1027 1595 1169 1651 elementa
1188 1601 1316 1670 propriis
1332 1601 1523 1672 qualitatibus
1533 1602 1681 1674 distincta,
1697 1605 1727 1660 id

64 1685 133 1740 itum
151 1688 179 1739 et
200 1699 308 1756 corpus
334 1685 462 1739 medium
477 1687 575 1754 esset,
597 1698 693 1754 neque
710 1682 833 1752 spiritus
889 1686 936 1737 est
950 1687 1038 1754 terra,
1055 1701 1140 1756 aqua,
1157 1687 1248 1758 igniS,
1265 1705 1324 1744 aer.
1344 1690 1401 1745 Sed
1420 1707 1457 1745 ex
1477 1691 1526 1746 his
1543 1693 1680 1764 primum,
1697 1695 1727 1750 id

85 1789 221 1844 corpore,
246 1790 342 1845 neque
368 1790 477 1844 corpus
500 1789 566 1828 eum
591 1772 697 1843 spiritu
723 1786 833 1825 conve·
889 1775 1021 1828 estterra
1038 1775 1102 1829 sela
1117 1792 1171 1847 per
1181 1793 1214 1832 se
1225 1777 1384 1834 immobilis
1396 1783 1452 1850 est,
1464 1781 1532 1851 quia
1543 1783 1656 1837 moveri
1667 1799 1726 1840 non

79 1864 238 1936 potuisset.
260 1864 382 1918 llultum
406 1867 502 1918 autem
525 1863 613 1917 distat
632 1863 708 1916 inter
724 1876 832 1930 corpus
889 1865 995 1931 potest,
1025 1864 1084 1918 nisi
1108 1866 1296 1921 extrinsecus
1319 1868 1495 1939 impellatur.
1522 1871 1646 1942 Reliqua
1672 1872 1728 1926 trie

64 1950 186 2020 »iritum3
211 1952 300 2024 longe
322 1956 391 2008 sunt
415 1970 431 2006 a
456 1969 489 2008 se
513 1953 570 2007 duo
595 1952 670 2006 haec.
692 1950 745 2004 Est
761 1965 832 2021 ergo
888 1951 1008 2005 mobilia
1029 1959 1111 2023 sunt,
1138 1955 1206 2026 quia
1221 1972 1274 2026 per
1290 1973 1323 2011 se
1339 1961 1495 2013 moventur
1510 1959 1575 2013 sine
1597 1960 1726 2030 impulsu

64 2040 129 2095 dam
154 2057 211 2112 quo
239 2043 374 2097 aseendit
403 2058 527 2113 corpus,
559 2046 590 2096 ut
618 2035 833 2111 appropinquet
888 2039 1068 2096 extrinseco.
1090 2042 1153 2097 Hoc
1173 2046 1271 2099 lamen
1292 2047 1416 2101 interest
1432 2048 1511 2118 quod
1536 2064 1612 2119 aqua
1632 2049 1726 2103 teneri

64 2129 117 2199 tui,
130 2133 158 2184 et
169 2146 291 2185 rursum
303 2132 441 2202 quiddam
452 2147 510 2202 quo
527 2131 680 2186 deseendit
696 2128 830 2199 spiritus,
887 2132 994 2199 potest,
1010 2134 1042 2184 ut
1057 2147 1115 2185 non
1131 2137 1292 2203 moveatur,
1311 2151 1363 2189 aer
1376 2138 1404 2190 et
1418 2136 1499 2207 ignis
1514 2153 1573 2192 nen
1588 2140 1725 2207 possunt.

64 2220 249 2290 »propinquet
267 2222 394 2290 corpori.
418 2220 450 2274 Id
473 2236 531 2292 quo
553 2219 688 2274 aseendit
709 2233 828 2288 corpus,
888 2216 1019 2273 Rursum
1029 2236 1080 2276 aer
1089 2223 1126 2276 ad
1136 2226 1242 2279 statum
1255 2225 1347 2279 teneri
1359 2242 1418 2280 uon
1430 2227 1580 2296 polest,ad
1590 2241 1722 2297 praeseu-

64 2313 320 2378 seorporeesl:et
331 2307 829 2381 iterumidquedescenditspiritus
884 2306 955 2361 tiam
973 2313 1080 2378 potest.
1103 2311 1184 2383 Ignis
1209 2330 1280 2368 vero
1306 2331 1360 2368 uec
1374 2316 1410 2368 ad
1427 2318 1535 2370 statum
1551 2318 1676 2385 tenetur,
1692 2318 1726 2370 ut
1828 2369 1831 2377 ,

64 2396 113 2452 ius
130 2402 176 2452 est
196 2400 312 2470 spiritu.
334 2400 391 2455 Sed
413 2404 441 2454 et
460 2401 524 2471 ipsa
542 2414 666 2470 corpora
688 2414 748 2452 non
764 2414 829 2452 om·
884 2413 943 2452 non
954 2402 1116 2470 moveatur,
1129 2417 1184 2456 nec
1195 2403 1231 2456 ad
1242 2405 1442 2473 praesentiam,
1455 2409 1486 2459 ut
1504 2422 1562 2461 nou
1578 2406 1725 2474 elabatur,

64 2484 196 2557 ejusdem
219 2489 368 2560 qualitatis
393 2494 472 2559 suut,
499 2489 553 2544 sed
578 2490 653 2543 taeta
679 2490 749 2543 sunt
772 2486 829 2541 alia
884 2485 1083 2560 Quaecumque
1101 2505 1173 2562 ergo
1189 2493 1377 2547 extrinsecus
1392 2494 1455 2548 sive
1471 2494 1507 2548 ad
1524 2496 1724 2567 praesentiam,

64 2575 152 2645 mora,
178 2576 235 2631 alia
261 2578 411 2648 inferiora,
438 2580 494 2634 alia
520 2595 676 2650 suprema,
704 2581 731 2632 et
761 2592 829 2631 cor·
886 2579 951 2633 sive
971 2579 1007 2633 ad
1028 2584 1136 2635 statum
1157 2582 1249 2636 teneri
1271 2587 1407 2653 possunt,
1432 2584 1621 2639 extrinsecus
1637 2585 1725 2640 etiam

64 2680 108 2720 rm
123 2671 257 2722 naturam
273 2685 347 2739 pene
371 2670 621 2726 transcendentia.
639 2667 780 2723 Similiter
802 2668 830 2720 et
886 2669 999 2723 moveri
1020 2673 1156 2740 possunt,
1182 2670 1230 2726 vel
1252 2675 1283 2726 ut
1302 2675 1489 2743 moveantur,
1516 2673 1542 2728 si
1567 2673 1727 2730 immobilia

64 2758 146 2810 tuum
169 2759 238 2811 sunt
253 2758 301 2811 alii
317 2761 499 2830 superiores,
526 2760 576 2814 alii
596 2758 764 2825 interiores,
782 2752 831 2809 alii
847 2777 873 2838 B
888 2760 966 2827 sunl,
973 2758 1020 2813 vel
1030 2762 1060 2813 ut
1068 2761 1195 2831 amplius
1206 2765 1389 2831 moveantur,
1397 2762 1424 2816 si
1434 2762 1532 2818 minus
1544 2767 1623 2818 sunt.
1633 2762 1724 2819 Solus

64 2843 91 2915 ii,
113 2849 142 2900 et
156 2862 231 2916 pene
248 2848 323 2903 intra
338 2849 523 2920 spiritualem
538 2853 672 2905 naturam
686 2847 832 2920 prolapsi,
888 2847 968 2919 ignis
979 2848 1057 2903 sicut
1071 2850 1163 2904 teneri
1181 2865 1240 2904 non
1255 2853 1361 2921 petest,
1377 2850 1421 2905 sic
1437 2852 1522 2906 etiam
1538 2853 1725 2908 extrinsecus

76 2933 158 2990 laune
173 2937 291 2992 modum
309 2939 408 2994 infima
425 2957 491 2995 eum
507 2940 632 2995 summis
645 2940 831 3011 copulentur.
888 2938 1001 2994 moveri
1016 2955 1075 2994 non
1090 2942 1197 3010 potest,
1214 2939 1243 2994 in
1260 2955 1293 2994 se
1309 2955 1426 2995 omnem
1441 2944 1552 2996 motum
1567 2941 1682 2997 habens
1697 2944 1726 2998 el

64 3023 131 3079 ndit
145 3025 265 3097 Moyses
282 3028 312 3082 in
327 3032 456 3085 montem
465 3071 472 3100 ,
491 3032 519 3083 et
534 3029 614 3083 Deus
630 3029 785 3084 descendit
799 3029 829 3082 in
888 3042 925 3082 ex
935 3043 984 3083 se.

64 3127 127 3169 em.
143 3115 209 3170 Nisi
221 3117 425 3189 ergoMoyses
437 3119 626 3175 ascendisset
636 3122 664 3174 et
680 3118 760 3173 Deus
776 3118 828 3172 de·
865 3146 869 3153 <
923 3118 955 3174 Ia
966 3119 1014 3174 liis
1025 3135 1097 3192 ergo
1109 3122 1234 3191 quatuor
1244 3134 1438 3191 quaecumque
1450 3118 1545 3190 magis
1556 3120 1660 3173 sensui
1670 3136 1725 3175 su·

64 3202 167 3273 disset,
184 3221 245 3262 non
261 3209 473 3264 convenissent
482 3209 512 3263 in
529 3224 629 3263 unum.
641 3208 748 3278 Magna
759 3209 829 3261 sunt
886 3207 1015 3280 bjaeent,
1028 3210 1125 3280 magis
1137 3224 1260 3279 corpora
1273 3208 1428 3263 dicuntur:
1444 3223 1511 3278 quae
1521 3222 1619 3262 veroa
1630 3224 1725 3264 seusu

64 3307 85 3347 ‚s
112 3295 251 3350 omnibus
274 3301 468 3352 sacramente.
493 3298 637 3354 Ascendit
661 3313 781 3368 eorpus,
802 3298 831 3350 et
887 3297 954 3368 plus
968 3296 1058 3370 longe
1067 3301 1147 3367 sunt,
1157 3299 1389 3370 magisanatura
1401 3312 1559 3368 corporum
1569 3297 1723 3368 recedunt,

64 3382 147 3438 endit
162 3384 295 3455 spiritus.
311 3387 454 3442 Ascendit
469 3387 612 3458 spiritus,
630 3391 659 3443 et
674 3379 832 3442 deseendit
887 3389 914 3441 et
935 3386 971 3442 ad
993 3390 1128 3443 naturam
1143 3388 1299 3458 spirituum
1309 3385 1462 3442 accedunt.
1485 3387 1561 3441 Hinc
1586 3387 1725 3458 estquod

64 3490 80 3528 r.
96 3471 162 3539 Quo
177 3475 312 3530 ascendit
327 3491 453 3547 corpus,
475 3477 615 3547 superius
631 3482 677 3531 est
693 3492 829 3549 corpore.
885 3475 951 3547 ipse
966 3493 1027 3545 aer,
1043 3476 1110 3549 quia
1126 3493 1187 3549 prae
1204 3478 1250 3531 sui
1267 3476 1427 3532 subtilitate
1443 3476 1537 3532 videri
1546 3492 1605 3532 non
1615 3479 1723 3549 potest,

64 3562 216 3620 deseendit
227 3564 362 3636 spiritus,
374 3565 499 3622 interius
511 3570 557 3621 est
567 3565 683 3637 spiritu.
697 3565 829 3622 Rursum
886 3566 1009 3636 spiritus
1024 3566 1196 3636 appellatur,
1217 3582 1284 3621 cum
1298 3581 1408 3637 corpus
1424 3565 1463 3620 sit
1477 3566 1616 3637 quoniam
1637 3566 1668 3621 in
1690 3582 1724 3622 ea

65 3653 202 3709 ascendit
226 3652 360 3724 spiritus,
387 3655 527 3726 superius
552 3655 659 3726 spiritu
683 3672 689 3711 :
716 3659 743 3712 et
767 3673 826 3729 quo
885 3671 940 3727 qua
952 3658 1033 3726 parte
1042 3671 1166 3711 sensum
1176 3656 1310 3727 eorporis
1320 3655 1446 3724 excedit,
1455 3658 1567 3710 tantum
1577 3654 1724 3726 spirituali

64 3742 238 3812 enditDeuS,
246 3741 372 3799 interius
380 3743 569 3814 Deo.Carpus
577 3761 671 3800 sensu
680 3745 824 3816 aseendit,
883 3747 996 3800 naturae
1007 3745 1232 3817 appropinquat,
1240 3745 1308 3800 utin
1319 3744 1512 3816 appellatione
1521 3744 1607 3799 etiam
1615 3759 1723 3799 nomen

64 3834 112 3889 los
122 3833 314 3887 sensualitate
324 3833 488 3888 deseendit,
501 3833 572 3889 ltem
583 3835 707 3904 spiritus
721 3851 826 3890 ascen·
883 3833 963 3889 illius
977 3837 1111 3904 usurpet.
1128 3834 1186 3889 Sed
1203 3834 1282 3906 ignis
1297 3833 1347 3905 qui
1361 3835 1427 3904 ipse
1442 3848 1510 3887 aere
1525 3833 1613 3903 longe
1625 3831 1723 3887 subti-

64 3921 312 3993 tontemplatione,
343 3923 423 3978 Deus
452 3923 606 3979 deseendit
633 3923 823 3980 revelatione.
882 3923 939 3979 lior
957 3927 1003 3979 est
1023 3926 1051 3979 et
1070 3923 1217 3994 mobilior,
1235 3925 1335 3978 etnon
1350 3923 1428 3977 sieut
1446 3937 1506 3988 aer,
1532 3921 1722 3977 extrinsecus

64 4008 177 4082 »phania
191 4013 238 4066 est
257 4011 287 4066 in
302 4012 492 4082 revelatione,
504 4011 739 4085 intelligentiam
755 4029 824 4069 oon·
881 4015 999 4068 terrena
1014 4028 1138 4084 corpora
1154 4012 1281 4067 eitlando
1298 4013 1404 4080 movet,
1417 4010 1471 4066 sed
1487 4010 1612 4066 interius
1628 4025 1722 4084 vege·

64 4098 184 4170 latione,
211 4101 380 4173 imaginatio
405 4103 435 4157 in
455 4101 656 4171 sensualitate,
676 4103 705 4157 in
729 4118 823 4159 seusu
839 4095 866 4157 0
881 4103 969 4159 tendo
998 4102 1137 4171 viviticat,
1168 4102 1265 4173 magis
1289 4101 1407 4172 proprie
1436 4102 1560 4156 vocatur
1586 4099 1720 4171 spiritus.

64 4192 214 4245 amentum
225 4191 438 4259 sensualitatis,
451 4195 479 4247 et
490 4191 574 4264 origo
590 4192 820 4263 imaginationis.
881 4190 939 4247 Sed
955 4191 1004 4247 hie
1020 4193 1154 4263 spiritus,
1170 4191 1198 4245 id
1214 4194 1259 4246 est
1275 4191 1355 4263 ignis
1371 4190 1447 4245 alius
1462 4193 1508 4245 est
1523 4189 1553 4245 in
1564 4190 1602 4244 iis
1613 4203 1722 4260 corpo·

68 4278 182 4334 scalam
194 4279 334 4349 leeob,in
345 4283 424 4335 terra
435 4280 576 4351 stabat‚et
587 4281 742 4337 summitas
754 4279 821 4354 ejus
880 4281 975 4351 ribus,
988 4296 1055 4353 quae
1070 4283 1182 4336 tantum
1197 4282 1325 4351 vegetat,
1342 4295 1401 4335 nen
1416 4279 1583 4346 sensificat;
1600 4278 1677 4334 alius
1691 4277 1723 4334 in

64 4368 238 4441 elongabat.
250 4370 340 4424 Terra
352 4385 472 4440 eorpus,
485 4369 592 4425 coelum
607 4370 698 4425 Deus.
711 4371 822 4427 Ascen·
855 4369 917 4437 ¹„iis
945 4386 1012 4441 quae
1042 4373 1071 4425 et
1098 4371 1217 4441 vegetat
1242 4371 1271 4423 et
1300 4368 1462 4423 sensillcet.
1492 4367 1616 4439 Vegetat
1642 4368 1722 4422 enim

66 4457 158 4513 animi
174 4459 418 4529 contemplatione
434 4460 470 4513 ab
486 4459 596 4514 intimis
608 4459 644 4514 ad
656 4476 780 4516 samma.
797 4462 822 4515 Α
854 4468 859 4475 ’
880 4458 1026 4530 quaedam,
1043 4475 1102 4515 non
1118 4458 1271 4513 sensificat
1286 4458 1364 4512 sieut
1377 4457 1501 4511 arbores
1513 4456 1676 4526 etplantas,
1693 4440 1723 4510 et

64 4547 820 4618 »readspiritum,mediantesensuetsensuulitute.
879 4549 1020 4603 universa
1049 4549 1079 4602 in
1105 4552 1183 4602 terra
1213 4547 1428 4618 germinantia3
1458 4545 1595 4617 quaedam
1623 4547 1721 4600 autem

64 4634 137 4691 lritu
161 4636 198 4691 ad
222 4636 326 4706 Deum,
350 4637 497 4692 mediante
522 4638 768 4708 contemplatione
794 4642 822 4709 et
879 4639 997 4709 vegetat
1013 4639 1041 4692 et
1058 4636 1221 4704 sensificat,
1239 4635 1317 4690 sieut
1331 4636 1416 4689 bruta
1433 4634 1590 4688 animantia
1611 4633 1719 4705 omnia,

64 4724 172 4781 atione.
190 4725 333 4781 Dominus
348 4729 446 4782 autem
462 4727 553 4782 scalae
575 4727 717 4797 innititur,
740 4730 771 4782 ut
785 4728 821 4782 ad
880 4726 910 4780 in
932 4727 1041 4797 quibus
1066 4725 1202 4797 quaedam
1222 4726 1291 4778 sunt
1310 4739 1376 4795 quae
1397 4737 1518 4777 sensum
1538 4724 1650 4776 tantum
1665 4722 1720 4777 ba·

64 4829 238 4885 {suprema
261 4815 449 4870 inclinentur.
467 4815 674 4871 ascendamus
690 4816 781 4888 igitur
795 4820 823 4872 et
879 4816 960 4883 bent,
990 4814 1231 4886 imaginationem
1260 4813 1319 4867 nou
1342 4811 1469 4882 habent3
1494 4811 1629 4882 quaedam
1653 4828 1720 4884 quae

64 4903 310 4972 consideratione,
334 4908 476 4975 quantum
491 4920 664 4976 possumus,
682 4905 750 4976 quia
767 4904 821 4959 etsi
881 4920 1005 4959 sensum
1020 4906 1048 4959 et
1063 4903 1304 4975 imaginationem
1320 4901 1439 4957 hahent.
1452 4900 1524 4957 Cum
1540 4901 1638 4973 itaque
1651 4917 1721 4959 sen-

64 5006 77 5048 ι
98 5008 158 5049 non
179 4998 352 5063 possumus,
373 4992 448 5049 torte
468 4993 579 5065 aliquid
598 5008 770 5065 possumus.
791 4993 822 5049 Si
880 4993 992 5050 silicani
1015 4992 1112 5064 majus
1135 4993 1175 5047 sit
1197 5006 1286 5064 quam
1306 4992 1440 5062 vegetari
1460 4993 1587 5060 tantum,
1604 4994 1722 5048 constat

64 5096 164 5137 sumus
179 5081 277 5153 angeli
294 5081 439 5151 volantes,
455 5084 552 5136 tamen
569 5083 822 5138 sumusbomines
880 5082 1013 5154 proiecto
1038 5080 1114 5135 hauc
1136 5080 1198 5134 vim
1222 5079 1408 5136 subtiliorem
1432 5095 1501 5136 esse
1521 5079 1573 5136 ubi
1596 5094 1720 5136 sensum

64 5168 178 5226 dantes.
204 5170 312 5242 Angeli
334 5172 415 5226 scala
435 5186 495 5226 non
510 5171 644 5243 indigent
657 5173 706 5243 qui
722 5174 823 5227 volant
879 5173 1011 5242 praestat,
1024 5186 1111 5242 quem
1123 5169 1183 5225 illie
1194 5169 1245 5225 ubi
1257 5169 1351 5225 solam
1365 5169 1582 5242 vegetationem
1594 5169 1719 5228 confert.

63 5274 81 5314 a
106 5259 367 5330 contemplatione3
393 5259 446 5315 sed
471 5261 607 5316 homines
631 5261 681 5333 qui
704 5264 819 5331 repunt,
880 5261 938 5316 Ubi
954 5263 1052 5315 aulem
1066 5260 1163 5332 magis
1179 5259 1299 5315 subtilis
1319 5262 1375 5328 est,
1392 5259 1608 5332 quodammodo
1623 5259 1720 5332 magis

64 5347 82 5403 ri
96 5346 397 5418 amplius,ambulant
408 5349 534 5404 humana
546 5351 668 5405 ratione.
686 5349 749 5422 Ego
761 5366 820 5405 non
881 5349 1005 5421 spiritus
1032 5353 1088 5418 est,
1114 5350 1183 5422 quia
1207 5350 1238 5404 in
1267 5365 1303 5405 eo
1331 5365 1390 5421 qno
1414 5350 1511 5422 magis
1535 5349 1719 5419 incorporeae
1751 5355 1756 5362 '

64 5436 192 5509 angelos
210 5439 320 5492 scalam
332 5439 510 5509 quaesivisse
526 5442 647 5511 propter
661 5455 704 5510 se,
721 5440 774 5495 sed
790 5411 861 5495 utD
879 5443 992 5496 naturae
1008 5440 1202 5512 approximat,
1219 5455 1327 5495 nomen
1346 5439 1457 5510 pariter
1470 5442 1499 5493 et
1510 5437 1719 5509 proprietatem

64 5522 819 5599 uesdoeerentquidsueeredebeantipsi.rtseensus
880 5530 959 5584 illius
984 5533 1125 5600 usurpa13
1155 5546 1215 5584 non
1243 5533 1340 5583 tamen
1367 5527 1506 5599 propriae,
1536 5525 1603 5597 quia
1628 5525 1657 5578 in
1683 5541 1719 5581 eo

64 5613 203 5685 bjnilmis
220 5616 256 5670 ad
271 5633 419 5688 suprema.
437 5617 516 5671 Pone
532 5632 604 5689 erga
616 5617 742 5688 primum
754 5634 819 5690 quae
880 5619 946 5690 ipso
962 5618 1042 5690 quod
1063 5619 1187 5690 spiritus
1208 5618 1324 5685 dieitur,
1343 5631 1493 5687 corporeae
1512 5617 1625 5669 naturae
1646 5629 1718 5683 pro-

64 5706 176 5777 esunt,
187 5704 337 5762 utabillis
347 5705 492 5778 insipieus
503 5704 606 5762 ordine
617 5706 652 5762 ad
662 5706 816 5779 superiora
879 5707 1034 5782 prietatem
1061 5723 1237 5783 nequaqum
1264 5705 1416 5765 excedere
1440 5700 1748 5772 eumprobatuma-
