3796 6022
43 233 126 307 ue
596 321 601 331 .
684 237 913 305 sannonns
935 235 1124 306 onvrou.
1415 195 1418 200 ’
1688 241 1769 311 nee

47 439 145 497 nenda
160 453 221 497 non
240 437 447 514 injunguntur.
461 442 568 497 Atnon
582 441 621 496 ita
636 436 923 514 sancti,praeser·A
940 457 1042 497 eorum
1061 442 1234 513 pravitatem
1255 443 1427 499 auctoritate
1452 460 1515 500 suae
1536 427 1700 504 sanctitatis
1720 462 1770 502 re-

48 531 101 585 tim
112 528 246 601 perfecti,
263 530 314 603 qui
333 530 447 586 interna
464 530 560 604 magis
577 531 713 603 diligunt,
725 531 881 603 exquibus
939 530 1065 586 frenant.
1083 531 1145 587 Nec
1166 532 1262 587 solum
1278 533 1373 588 sancti
1395 533 1508 604 praelati
1527 534 1603 590 istos
1618 533 1769 607 praelatos,

47 619 163 690 potiora
172 619 280 692 gaudia
293 622 423 677 sumunt.
435 619 557 677 Undeet
574 619 725 677 subditur:
737 619 880 675 Exsulta·
940 623 968 674 et
987 619 1104 675 nobiles
1118 620 1291 693 ignobiliter
1304 621 1440 677 viventes
1455 639 1472 676 a
1492 623 1557 677 suis
1576 623 1771 694 pravitatibus

50 709 148 764 tiones
158 708 216 764 Ilei
235 709 267 764 in
282 715 403 782 gutture
419 725 529 766 eorum.
549 708 771 765 Exsultationes
789 709 843 764 Dei
853 710 883 764 in
940 708 1099 779 cohibent,
1119 726 1223 766 verum
1245 713 1273 766 et
1288 709 1416 782 subjecti
1440 711 1612 767 eorumdem
1627 712 1773 769 malorum

49 799 170 869 gutture
181 800 353 855 sanctorum
364 801 444 870 sunt,
456 797 883 870 dumproeoecptisbenelleiis
939 795 1023 868 ipsos
1044 798 1183 855 cohibere
1205 801 1322 871 debent,
1339 816 1376 856 ne
1395 801 1513 872 possint
1532 817 1637 857 manus
1659 816 1772 873 eorum,

50 886 235 943 exsultanter
249 887 311 944 Deo
327 888 438 961 gratias
453 890 555 962 agunt.
573 888 649 944 Hinc
663 892 709 945 est
723 888 802 961 quod
816 903 884 959 pro·
939 887 1019 959 quod
1041 892 1200 960 coeperant,
1222 889 1355 960 implere,
1376 890 1424 945 vel
1448 891 1475 945 si
1503 890 1689 961 incoeperint,
1714 906 1774 946 non

49 975 138 1047 pheta
153 977 188 1031 de
204 976 381 1042 Jerusalem,
398 978 457 1033 imo
472 978 509 1033 de
523 977 717 1033 universitate
732 975 884 1050 justorum
939 977 1058 1047 possint
1072 993 1282 1049 consuescere,
1300 979 1348 1033 vel
1363 979 1591 1034 diutiustenere.
1610 979 1677 1035 Nisi
1692 980 1771 1035 enim

49 1064 134 1120 dicit:
149 1064 293 1122 Gaudium
304 1065 447 1122 etleetitia
463 1066 638 1122 invenietur
654 1067 685 1120 in
704 1081 749 1137 ee,
767 1068 885 1139 gratia·
940 1065 1051 1121 subditi
1061 1082 1128 1121 cum
1138 1068 1311 1122 auctoritate
1322 1068 1396 1123 mala
1408 1085 1510 1124 eorum
1521 1069 1680 1139 reprobent
1690 1071 1719 1124 et
1730 1069 1776 1125 eis

50 1168 116 1208 rum
133 1154 220 1221 actio,
242 1160 271 1210 et
300 1170 357 1211 vox
375 1152 474 1211 laudis
489 1154 559 1225 (Isa.
581 1155 630 1226 m).
657 1154 715 1210 Sed
735 1153 804 1227 quia
826 1170 885 1211 non
941 1155 1154 1225 contradicant,
1172 1156 1357 1213 seductionis
1373 1171 1476 1213 eorum
1491 1174 1525 1212 se
1540 1174 1610 1214 reos
1626 1157 1732 1214 sciant.
1744 1154 1776 1213 Si

53 1241 166 1297 suillcit
180 1245 211 1298 ut
227 1243 364 1317 cuiquam
378 1245 580 1301 tantummodo
595 1245 707 1301 bonum
718 1244 815 1315 iaciat,
827 1245 886 1299 nisi
942 1245 1021 1299 enim
1035 1244 1119 1299 asina
1135 1244 1254 1300 Balaam
1270 1261 1423 1302 sessorem
1439 1263 1525 1302 suum
1542 1263 1638 1319 usque
1657 1247 1694 1303 ad
1709 1246 1776 1320 gla-

51 1333 80 1386 et
103 1330 135 1387 in
159 1331 226 1389 aliis
248 1332 359 1390 malum
373 1349 427 1405 pro
442 1333 558 1390 viribus
573 1334 716 1405 destruat,
728 1336 795 1407 apte
811 1333 886 1389 sub·
943 1333 1023 1389 dium
1032 1333 1132 1406 angeli
1143 1333 1346 1406 subvexisset,
1354 1351 1451 1390 nonne
1462 1338 1697 1408 uterqueeorum
1709 1351 1778 1392 scn-

52 1420 131 1476 ditur
142 1436 149 1478 :
943 1423 1064 1477 tentiam
1075 1422 1243 1478 subiisset?
1258 1424 1344 1479 Nunc
1353 1428 1449 1480 autem
1458 1425 1485 1479 ei
1500 1425 1618 1496 restitit,
1628 1424 1727 1481 calces
1738 1425 1779 1480 al·

85 1509 127 1565 Et
134 1509 230 1584 gladii
239 1511 513 1585 aucipitessivebis
523 1513 611 1584 acuti,
621 1513 650 1569 id
662 1514 708 1569 est
718 1515 887 1583 enutroque
944 1510 1015 1581 lisit,
1031 1511 1132 1567 verbis
1149 1515 1251 1567 contra
1272 1516 1405 1568 naturam
1421 1513 1594 1584 increpavit,
1620 1514 1724 1586 sieque
1744 1530 1778 1570 se

51 1601 135 1672 parte
147 1601 235 1671 acuti,
245 1601 277 1656 in
287 1601 426 1658 manibus
437 1619 547 1674 eorum,
560 1603 599 1658 ad
607 1601 775 1658 taciendam
789 1601 888 1656 vindi·
945 1605 974 1655 et
996 1600 1078 1655 illum
1102 1601 1237 1656 salvavit.
1253 1600 1303 1657 Sic
1317 1606 1345 1657 et
1362 1601 1471 1657 Paulus
1494 1603 1603 1658 restitit
1619 1603 1650 1658 in
1673 1602 1780 1659 faeiem

52 1694 129 1744 ctam
142 1689 174 1744 in
183 1690 362 1759 nationibus,
373 1693 597 1764 increpationes
605 1692 636 1747 iu
639 1691 765 1764 populis,
779 1689 890 1747 adalli—
946 1688 1043 1760 Petro,
1055 1690 1121 1763 quia
1128 1689 1380 1762 reprehensibilis
1388 1698 1454 1746 crat
1464 1690 1545 1760 (Gal.
1553 1693 1594 1762 n).

51 1779 370 1852 gandosregeseorum
378 1782 410 1835 in
417 1781 616 1853 compedibus,
628 1780 780 1837 etnobiles
788 1796 888 1837 eorum
904 1757 931 1820 Β
982 1778 1066 1843 Quod
1087 1783 1183 1835 autem
1199 1781 1340 1851 praelatus
1358 1780 1546 1836 subditorum
1563 1781 1781 1854 eorreptionem

52 1866 85 1921 in
100 1868 229 1924 manicis
243 1867 367 1937 terreis,
382 1876 412 1925 ut
423 1869 575 1926 taciantin
591 1871 656 1944 ejus
664 1870 811 1944 judicium
825 1885 890 1925 con·
947 1867 1334 1940 libenteramplectidebeat,
1350 1870 1455 1925 beatus
1464 1869 1629 1942 Gregorius
1639 1870 1669 1924 iu
1678 1869 1783 1926 Pasto-

53 1957 215 2028 scrtptum:
224 1957 793 2032 gloriaboeejcstomnibussanctisejus.
804 1959 889 2015 Unde
948 1957 1061 2012 ratibus
1077 1957 1270 2028 demonstrat,
1287 1959 1409 2014 dicens:
1430 1981 1441 2007 ιι
1459 1957 1615 2029 Praelatus,
1626 1959 1676 2031 qui
1690 1975 1782 2030 prava

54 2045 228 2117 Apostolus,
246 2063 314 2102 cum
333 2047 369 2103 de
385 2049 511 2119 spiritali
536 2052 682 2105 armatura
706 2048 887 2121 loqueretur,
949 2045 1047 2101 studet
1059 2062 1159 2119 agere,
1172 2051 1305 2103 ettamen
1316 2049 1352 2102 ad
1364 2048 1429 2103 hmo
1440 2047 1520 2102 videt
1531 2051 1656 2103 ceteros
1669 2050 1780 2119 tacere,

54 2133 91 2190 de
104 2134 203 2208 gladio
218 2135 303 2192 dicit:
315 2137 357 2192 Et
366 2137 497 2210 gladium
508 2139 644 2210 spirituS,
656 2138 687 2193 id
697 2141 744 2194 est
758 2137 889 2211 gladium
948 2135 1013 2206 ipse
1029 2134 1148 2191 sibimet
1161 2137 1247 2192 testis
1262 2140 1309 2191 est
1324 2137 1402 2209 quod
1418 2137 1486 2208 plus
1496 2136 1619 2193 veritate
1630 2153 1663 2193 se
1672 2137 1784 2209 appetit

55 2223 230 2294 spiritalem,
257 2227 333 2298 quod
354 2232 401 2282 est
426 2227 547 2283 verbum
570 2227 629 2283 Dei
643 2227 767 2300 (Epiros.
784 2227 836 2297 vr).
854 2226 890 2281 Et
950 2223 1045 2296 diligi,
1063 2240 1151 2296 quam
1166 2228 1269 2281 contre
1283 2241 1317 2281 se
1335 2241 1395 2282 non
1411 2226 1473 2282 vult
1487 2226 1617 2283 defendi.
1634 2226 1711 2284 Hinc
1726 2226 1785 2282 Pe·

55 2313 137 2369 alibi:
151 2312 891 2388 VivusestsermoDci,etetdcax,etpeaetrebilior
949 2315 1014 2368 trus
1034 2313 1265 2385 increpationem
1285 2315 1510 2370 Paulidibenter
1533 2316 1657 2387 accepit.
1677 2335 1688 2366 v
1706 2314 1784 2371 Hine

55 2402 136 2459 omni
142 2402 243 2475 gladio
254 2404 389 2477 ancipiti,
398 2411 427 2460 ct
434 2405 615 2479 pertingens
624 2404 891 2478 usqueeddivisio·
949 2401 1042 2456 David
1059 2404 1275 2475 correptionem
1290 2403 1403 2459 subditi
1416 2404 1566 2460 humiliter
1581 2403 1701 2471 audivit,
1715 2404 1785 2476 quia

56 2492 891 2568 nemenimseaespiritus,cornpepnumquoqueetmedul·
948 2494 977 2547 et
991 2494 1124 2547 rectores
1140 2492 1221 2563 boni,
1238 2493 1307 2547 dum
1322 2493 1436 2564 privato
1452 2508 1552 2549 amore
1569 2508 1602 2548 se
1619 2490 1704 2566 diligi
1718 2507 1786 2548 nes·

55 2580 893 2657 larum,etdiscretorcopitationumetintentionumoor·
949 2581 1038 2650 ciunt,
1049 2580 1150 2636 libreae
1159 2580 1786 2654 puritatisverbumasubditis,obsequium

56 2670 107 2727 dis
117 2669 225 2740 (Hebr.
239 2670 289 2742 iv).
308 2671 467 2728 Pluraliter
479 2670 632 2728 autemhic
643 2673 781 2729 dicuntur
788 2673 889 2746 gladii,
949 2669 1123 2725 humilitatis
1140 2671 1274 2726 credunt.
1288 2670 1346 2726 Sed
1358 2670 1509 2726 interhaee
1520 2686 1647 2726 necesse
1658 2673 1705 2725 est
1717 2685 1787 2742 qua·

57 2760 128 2832 quia
142 2759 202 2816 duo
217 2764 286 2816 sunt
300 2760 488 2816 Testamenta
503 2762 588 2817 verbi
599 2762 662 2818 Dei.
679 2762 723 2817 nd
738 2763 818 2835 quod
833 2762 892 2817 lor·
948 2762 1035 2814 tenus
1050 2760 1237 2815 subditorum
1248 2774 1343 2831 mens,
1356 2775 1425 2815 cum
1435 2759 1570 2831 quaedem
1580 2761 1660 2814 recte
1672 2759 1785 2815 sentire

57 2848 137 2904 sitan
167 2852 280 2921 spectat
311 2849 384 2905 illud
408 2848 638 2923 Evangelicum:
665 2851 799 2922 Domine,
824 2867 893 2907 ecce
949 2848 1086 2919 potuerit,
1104 2848 1148 2903 sic
1164 2849 1193 2903 in
1208 2864 1312 2904 vocem
1327 2848 1472 2904 libertatis
1491 2848 1624 2920 prodeat,
1644 2851 1674 2905 et
1687 2852 1785 2906 tamen

56 2936 114 2993 duo
126 2937 222 3010 gladii
229 2939 278 2993 liic
293 2939 375 3008 (Luc,
386 2941 474 3009 nixu).
491 2938 548 3006 Qui
561 2944 642 2995 recte
657 2940 705 2994 bie
716 2941 794 2994 acuti
811 2942 891 3009 sunt,
950 2937 1073 2991 libertas
1088 2937 1118 2991 in
1143 2938 1313 3008 superbiam
1328 2954 1388 2993 non
1403 2939 1547 3008 erumpat,
1564 2953 1601 2993 ne
1624 2938 1694 2993 dum
1708 2937 1785 2995 forte

57 3027 127 3100 quia
144 3024 218 3082 loris
233 3027 263 3082 in
284 3027 373 3084 nobis
397 3031 548 3099 amputant
563 3029 711 3084 luxuriam
733 3029 842 3100 carnis,
865 3031 893 3083 et
913 3025 1174 3137 Cimmoderatius
1189 3026 1234 3080 eis
1250 3026 1360 3098 linguae
1375 3025 1499 3080 libertas
1515 3026 1699 3098 conceditur,
1714 3025 1785 3083 vitae

59 3118 141 3171 intus
157 3120 294 3172 resecant
305 3117 444 3173 malitiam
454 3118 564 3174 cordis,
579 3118 631 3172 llis
641 3118 718 3173 acuti
733 3120 812 3187 sunt,
825 3117 893 3189 quia
950 3115 987 3170 ab
1004 3114 1052 3170 his
1068 3114 1218 3170 humilitas
1233 3115 1389 3171 amittatur.
1410 3114 1447 3170 Ut
1461 3115 1574 3170 iaciant
1589 3115 1621 3184 in
1643 3116 1689 3170 eis
1702 3115 1785 3190 judi·

59 3205 301 3277 bonosamalis,
313 3205 566 3262 etmalosabonis
577 3207 760 3263 discernunt.
772 3207 893 3263 Gladios
951 3206 1027 3259 oium
1061 3204 1269 3277 conscriptum.
1302 3203 1450 3260 iudicium
1488 3203 1689 3275 conscriptum
1727 3204 1786 3260 diei
1814 3275 1817 3279 Ι

60 3297 158 3351 autem
173 3295 268 3350 sancti
285 3297 386 3350 tenent
404 3294 434 3349 in
455 3295 602 3366 manibus,
619 3296 688 3368 quia
701 3296 793 3352 verba
808 3312 894 3352 saera
950 3297 1049 3364 potest
1072 3292 1206 3348 divinum
1226 3295 1377 3350 decretum
1400 3297 1522 3350 auctore
1542 3294 1603 3350 Deo
1621 3293 1651 3348 in
1676 3293 1791 3350 mundo

60 3399 128 3457 quae
145 3384 309 3455 praedicant
331 3387 472 3440 exercent
494 3385 647 3456 operibus.
663 3385 707 3440 Ad
722 3385 793 3458 quid
807 3385 895 3441 etiam
951 3382 1098 3438 sancitum
1116 3399 1133 3436 a
1153 3382 1289 3438 Patribus
1310 3382 1416 3439 litteris
1437 3383 1684 3439 commendatum.
1701 3381 1786 3449 Quod

58 3476 180 3529 teneant
195 3488 248 3530 eos
263 3472 439 3545 declaratur,
457 3489 524 3529 eum
545 3474 696 3529 subditur:
714 3475 763 3529 Ad
780 3472 895 3530 lacien-
950 3471 1242 3543 videlicetjudicium
1253 3472 1348 3528 sancti
1360 3473 1390 3527 in
1402 3473 1584 3543 nationibus,
1596 3472 1726 3544 populis,
1736 3488 1787 3529 re·

60 3563 128 3618 dam
142 3561 303 3617 vindictam
312 3561 344 3617 in
352 3562 532 3634 nationibus,
541 3563 800 3635 increpationesin
808 3580 896 3635 popu·
951 3560 1051 3633 gibus,
1075 3565 1103 3616 et
1126 3561 1278 3617 nobilibus
1299 3578 1402 3618 eorum
1418 3562 1539 3632 iaciunt,
1557 3563 1627 3617 dum
1642 3562 1718 3617 alios
1732 3577 1786 3633 pro

58 3650 109 3708 lis.
126 3649 292 3706 Possumus
308 3654 405 3708 mrtem
420 3668 473 3723 per
487 3652 623 3708 nationes
633 3651 690 3708 hoc
701 3651 806 3708 inloco
822 3669 895 3709 con·
952 3651 1135 3705 contumacia
1145 3649 1363 3722 puniunt,alios
1373 3650 1481 3706 desuis
1489 3651 1788 3723 transgressionibus

61 3737 217 3795 venienter
229 3739 396 3814 intelligere
411 3741 507 3799 malos
522 3757 576 3812 per
591 3743 718 3812 populos
729 3741 836 3813 bonos,
851 3742 897 3797 in·
955 3738 1158 3810 corripiunt,et
1169 3739 1327 3811 integritati
1336 3739 1477 3795 virtutum
1489 3741 1649 3795 restituunt
1657 3739 1687 3794 in
1695 3755 1789 3812 quen·

63 3828 168 3884 llrmos
182 3832 280 3885 tamen
296 3832 324 3885 et
346 3829 547 3901 imperfectos.
563 3829 665 3886 Sancti
684 3831 783 3903 itaque
798 3831 828 3887 in
843 3847 898 3887 aa·
954 3828 1329 3898 tumpossuntssttreecest
1337 3827 1434 3901 gloria
1446 3828 1787 3901 omnibussanctisejus,

63 3917 196 3974 tionibus
216 3917 325 3991 gladiis
346 3919 440 3974 lleum
463 3919 622 3989 vindicant,
645 3919 715 3975 dum
734 3920 898 3976 seeundum
955 3920 987 3971 ut
1002 3916 1141 3972 videlicet
1161 3916 1219 3987 ipsi
1240 3917 1310 3971 boni
1330 3932 1384 3987 per
1395 3916 1543 3990 justitiam
1559 3918 1697 3989 existant,
1715 3919 1744 3973 et
1758 3917 1790 3972 in

64 4010 214 4079 praecepta
229 4023 325 4062 sacrae
340 4006 502 4079 Scripturae
519 4009 614 4063 malos
631 4011 897 4080 excommunicent,
955 4005 1022 4060 aliis
1037 4006 1195 4076 puniendis
1206 4005 1253 4060 vel
1269 4006 1464 4078 corripiendis
1472 4007 1637 4063 seeundum
1645 4007 1790 4062 rationem

64 4095 111 4151 vel
135 4099 213 4151 certe
238 4095 266 4150 in
287 4111 340 4152 eos
365 4096 525 4152 vindictam
544 4097 721 4170 quaudoque
745 4100 898 4153 venturam
956 4093 1128 4167 praedictam
1143 4096 1267 4168 gratiam
1282 4095 1341 4150 sibi
1357 4096 1453 4151 dotum
1464 4100 1632 4152 exerceant.
1647 4094 1790 4152 Omnibus

65 4185 238 4256 praedicant.
259 4185 478 4256 increpationes
496 4186 527 4241 in
551 4187 669 4258 populis
690 4186 809 4258 iaciunt,
829 4187 900 4243 dum
956 4184 1071 4239 sanctis
1086 4184 1159 4256 ejus,
1173 4184 1202 4238 id
1214 4185 1437 4240 estnonsolum
1447 4185 1790 4258 majoribussedetmi-

65 4273 901 4348 bonorumperlectorumctintlrmorumquaslibettrans·
958 4272 1092 4328 neribus.
1106 4272 1267 4329 Interiores
1284 4274 1361 4328 enim
1377 4274 1446 4329 licet
1457 4275 1563 4341 inaliis
1574 4275 1732 4346 puniendis
1742 4269 1791 4329 vel

64 4364 240 4437 gressioues
261 4364 394 4420 veniales
409 4368 438 4420 et
462 4365 545 4420 leves
561 4365 658 4420 sacris
678 4365 781 4422 verbis
796 4343 941 4423 reden-D
959 4361 1791 4441 corripiendispotestativeuonagant,potestativetamen

67 4454 172 4526 guunt.
181 4452 249 4508 Mali
261 4468 299 4509 ex
309 4453 453 4509 industria
464 4454 549 4510 malac
559 4454 729 4525 voluntatis,
738 4459 766 4510 et
774 4455 900 4511 elatione
958 4450 1116 4523 agentibus
1129 4455 1336 4522 cooperantur,
1347 4452 1406 4506 etsi
1417 4468 1475 4507 non
1486 4450 1563 4506 tacto
1575 4451 1622 4505 vel
1633 4450 1736 4522 verbo,
1745 4453 1792 4505 ta-

10 4583 12 4586 -
67 4542 184 4613 culpam
196 4541 368 4612 incurrunt:
384 4543 455 4598 boni
466 4558 504 4598 ex
519 4543 695 4616 ignorantia,
713 4545 759 4601 vel
775 4545 900 4600 intirmi·
959 4555 1026 4594 men
1041 4542 1119 4594 voto.
1137 4540 1221 4595 Unde
1236 4543 1282 4595 est
1301 4540 1392 4595 illud:
1415 4539 1583 4595 Laetabitur
1595 4540 1705 4611 justus,
1728 4554 1792 4594 curn

65 4634 125 4686 tate
139 4630 323 4703 delinquunt.
340 4630 376 4686 Et
391 4635 531 4703 quantum
546 4632 635 4689 distat
660 4634 791 4707 nequitia
811 4633 902 4690 mulo·
962 4629 1073 4685 viderit
1092 4629 1251 4684 vindictam
1262 4627 1357 4700 (Psal.
1374 4630 1454 4700 nvn).
1472 4629 1507 4684 Et
1523 4629 1551 4684 si
1561 4627 1791 4702 gaudetjustus,

66 4736 133 4775 rum
148 4719 184 4775 ab
201 4719 442 4791 imperfectorum
456 4721 634 4798 infirmitate,
651 4722 901 4779 tantumvindicla
960 4734 1026 4774 cum
1045 4718 1126 4773 videt
1149 4717 1258 4788 iniquis
1283 4718 1444 4773 vindictam
1464 4718 1586 4789 illatam,
1610 4717 1702 4773 multo
1723 4716 1793 4790 plue

67 4808 186 4864 videtur
200 4807 318 4864 differre
334 4810 371 4864 ab
386 4810 598 4881 increpatione.
620 4810 758 4882 Nequitia
782 4811 901 4882 quippe,
959 4808 1100 4879 gaudere,
1113 4806 1279 4861 credendus
1288 4810 1344 4877 est,
1355 4807 1424 4861 dum
1432 4807 1512 4861 videt
1522 4807 1729 4878 peccatoribus
1740 4823 1795 4880 per

69 4900 99 4953 et
124 4896 254 4952 vindicta
281 4899 351 4952 sunt
373 4899 550 4972 graviores3
576 4898 731 4954 infirmitas
753 4901 850 4955 autem
875 4902 904 4954 et
960 4895 1175 4965 eorreptionem
1186 4898 1214 4950 et
1230 4896 1464 4951 emendationem
1475 4898 1594 4951 veniam
1605 4912 1793 4967 concessam,

68 4985 231 5057 increpatio
246 4985 387 5043 leviores.
404 4987 454 5043 Ad
468 4986 636 5061 alligandos
651 5004 855 5062 reposcerem
871 4989 903 5043 in
960 4985 1146 5040 sanctitatem
1160 4985 1337 5055 restitutam,
1347 4985 1796 5059 quemadmodumgaudiumest

67 5072 258 5148 compedibus
265 5076 418 5132 etaobiles
426 5092 526 5133 eorum
535 5077 567 5132 in
574 5076 700 5133 manicis
708 5077 835 5134 ferreis:
845 5079 904 5134 lle·
961 5075 992 5130 in
1008 5072 1093 5129 coelis
1108 5090 1198 5145 super
1214 5089 1270 5128 uno
1281 5079 1440 5146 peccatore
1452 5075 1660 5145 penitentiam
1676 5080 1795 5148 agente,

70 5179 127 5237 ges
139 5164 196 5220 boc
211 5163 241 5220 in
253 5164 320 5221 loco
332 5165 389 5220 diei
400 5168 536 5237 possunt,
548 5183 674 5238 quorum
689 5169 735 5222 est
751 5183 788 5222 ex
804 5167 904 5223 otlleio
961 5164 1057 5235 magis
1072 5179 1155 5236 quam
1171 5179 1263 5235 super
1279 5164 1439 5234 nonaginta
1449 5165 1665 5238 uovcmjustis,
1680 5165 1730 5237 qui
1739 5178 1797 5218 non

69 5253 179 5308 virtute
194 5253 384 5311 discretionis
400 5255 476 5310 alios
494 5271 610 5328 regere.
627 5253 762 5326 Nobiles,
781 5256 831 5328 qui
851 5271 904 5311 eu·
962 5257 1051 5325 egent
1060 5253 1236 5324 poenitentia
1248 5252 1329 5321 (Luc.
1342 5257 1404 5322 xv).
1421 5251 1521 5308 Sancti
1534 5253 1643 5325 itaque,
1661 5254 1798 5322 utsupra

68 5341 321 5417 juslibetlulgore
336 5343 489 5415 diguitatis
504 5346 622 5400 caeteris
633 5344 770 5400 videntur
779 5343 906 5416 praepol·
962 5341 1072 5396 dictu-m
1082 5341 1368 5410 est,exsultabuntin
1378 5341 1473 5414 gloria
1484 5341 1632 5413 perbonam
1642 5340 1799 5396 conscien-

72 5431 146 5487 lere.
159 5429 214 5497 Qui
231 5435 339 5503 quanto
356 5432 547 5489 sublimiores
559 5437 638 5505 sunt,
650 5437 729 5489 tanto
739 5433 857 5489 facilius
871 5448 906 5489 ao
961 5430 1010 5485 tiae
1025 5429 1245 5501 gloriationem:
1257 5430 1395 5487 laetantur
1409 5431 1597 5486 incubilibus
1607 5429 1672 5485 suis
1688 5444 1741 5501 per
1751 5429 1799 5485 in-

73 5518 162 5577 citiue
178 5519 209 5578 ie
224 5521 339 5591 culpam
354 5536 565 5596 nonnunquam
579 5523 697 5579 cadunt.
714 5520 795 5588 Quos
811 5521 907 5578 saneti
962 5522 1079 5576 ternam
1092 5517 1239 5591 quietem
1252 5520 1469 5577 exsultationes
1487 5519 1540 5575 Dei
1555 5523 1624 5575 sunt
1640 5517 1670 5574 in
1680 5520 1799 5594 gutture

72 5608 105 5671 ia
130 5609 323 5686 compedibus
343 5608 373 5668 et
396 5610 521 5671 manicis
538 5610 647 5673 terreis
667 5609 770 5689 ligant,
786 5611 906 5694 quoties
965 5621 1132 5697 corumpar
1146 5607 1308 5689 gratiarum
1325 5606 1593 5688 actionem3gtadii
1607 5608 1754 5682 ancipites
1769 5606 1801 5673 tu

218 5716 328 5788 Pom.
348 5715 521 5785 ccxxvu.
1141 5713 1144 5717 ’
1320 5711 1322 5715 ’
1624 5713 1670 5787 bb
