3796 6022
85 362 166 435 1073

725 367 954 434 SERMONES
976 367 1164 436 CENTUM.

1741 370 1822 438 1074

87 577 160 648 dus,
178 577 275 651 magis
291 593 378 650 quam
394 573 618 648 distringendus
633 589 648 627 a
665 572 750 644 plebe
765 574 820 627 est.
838 571 924 627 Nunc
938 564 967 627 A
984 573 1068 626 xuria
1084 576 1130 628 est
1144 574 1268 645 maculo,
1286 575 1393 631 malitia
1409 593 1494 650 ruga.
1512 576 1569 634 Per
1587 576 1707 634 sordem
1722 578 1819 650 expri-

86 683 159 739 ergo
170 710 176 736 ,
189 666 357 722 charissimi
372 665 470 735 nobis,
488 663 660 736 hujusmodi
675 662 813 734 praelatos
830 661 859 716 in
875 661 923 716 his

87 773 154 828 quae
170 756 333 812 inordinate
349 759 465 828 gerunt,
483 759 593 809 temere
608 754 739 808 lacerare
763 768 822 806 non
843 768 923 822 prae·

89 862 253 901 sumamus.
270 845 306 900 Et
314 845 479 900 secundum
495 844 571 898 beati
583 842 718 914 Gregorii
735 841 921 908 sententiam,

89 951 176 989 nemo
193 938 337 1002 nestrum,
355 934 441 989 etiarn
457 933 568 1004 injuste
590 932 709 1004 ligatus,
727 930 774 984 sui
792 931 922 1001 pastoris

88 1024 382 1078 sententiamtomerc
394 1021 598 1092 reprehendat,
609 1037 656 1088 ne,
667 1021 722 1075 etsi
732 1019 843 1091 injuste
851 1020 923 1092 liga-

87 1114 196 1182 tussit,
209 1113 329 1167 tumidae
338 1110 581 1182 reprehensionis
589 1110 738 1180 superbie,
750 1111 845 1180 eulpa,
856 1126 922 1180 quae

85 1206 227 1270 nouerat,
241 1202 299 1256 ilat.
310 1201 556 1256 Siautemrerum
569 1200 648 1254 Booz
659 1200 822 1254 viderimus
832 1200 922 1270 spiri-

85 1291 142 1345 tale
165 1307 267 1345 semen
283 1291 319 1345 ad
333 1289 558 1361 propagandum
577 1306 684 1344 nomen
700 1288 809 1344 Christi
829 1288 922 1343 verbe

85 1380 320 1450 predicationis,
353 1382 381 1434 at
404 1379 539 1450 exemplo
565 1379 635 1433 beni
670 1378 769 1450 operis
795 1377 921 1433 sollicite

82 1470 239 1538 suscitare,
257 1469 450 1541 gaudeamus.
465 1468 499 1522 Et
514 1485 569 1522 nos
582 1468 723 1538 ipsibene
738 1468 876 1536 vivendo,
890 1469 919 1521 et

83 1558 158 1612 altar
171 1557 294 1614 alterum
305 1558 499 1625 admonendo,
513 1561 667 1612 consortes
684 1557 727 1612 illi
737 1572 806 1612 esse
816 1557 846 1611 iu
857 1572 921 1611 me·

83 1646 139 1701 rito
155 1647 344 1715 studeamus,
361 1650 391 1701 ut
415 1647 455 1700 illi
473 1650 629 1701 consortes
655 1646 684 1700 in
706 1647 828 1716 praemio
856 1645 920 1700 fieri

86 1752 262 1791 mereamur.
274 1735 357 1801 Quod
373 1736 460 1790 nohis
473 1738 615 1806 praestare
627 1735 766 1806 dignetur
777 1734 920 1790 Dominus

85 1828 188 1880 nester
208 1825 298 1880 Iesus
323 1824 470 1893 ChristuS,
494 1824 544 1896 qui
565 1828 611 1879 est
635 1823 799 1879 seeundum
822 1824 920 1878 omnio

86 1914 166 1968 Deus
182 1913 356 1969 benedictus
372 1914 402 1967 in
417 1914 537 1968 saecirla.
554 1915 658 1968 Amen.

377 2002 506 2059 Sentio
527 2003 629 2057 LVIII.

159 2091 239 2158 Quod
248 2091 421 2164 significent
435 2093 607 2147 necessaria
622 2093 690 2147 ritae
705 2091 849 2146 liumanee.

122 2181 154 2236 ln
176 2182 388 2236 Ecclesiastico
399 2181 527 2254 legimus
545 2182 624 2253 qued
635 2181 852 2253 ejusdem-libri
869 2197 921 2235 au-

86 2274 160 2341 ctor,
184 2271 219 2325 de
235 2271 418 2325 necessariis
443 2270 580 2325 humanae
603 2270 671 2325 ritae
694 2270 784 2325 rebus
808 2269 922 2324 faciens

86 2360 274 2429 mentionem,
288 2359 374 2414 dicit:
389 2359 508 2413 Initium
525 2361 706 2415 necessariae
720 2360 769 2414 rei
785 2359 854 2414 vitm
869 2359 922 2414 bo-

84 2449 185 2519 minis,
197 2465 274 2520 apua¹
294 2448 390 2519 ignis,
407 2455 436 2502 et
448 2448 572 2518 ferrum,
583 2449 628 2503 lae
639 2455 668 2504 et
678 2449 765 2521 pariis
774 2448 922 2520 similagi-

85 2543 202 2606 neus,et
213 2536 315 2607 rneI,et
326 2537 431 2592 botrus
442 2543 548 2607 armet
558 2538 661 2608 eleum,
675 2543 704 2593 et
716 2538 922 2594 vestimentum

83 2626 193 2698 (Eecli.
205 2627 318 2691 xxxrxl,
333 2629 361 2681 at
371 2628 449 2682 sieut
465 2627 544 2697 alibi,
557 2628 736 2700 quibusdam
752 2644 790 2682 ex
804 2627 851 2682 his
867 2643 922 2698 pe·

83 2717 161 2785 sitis,
170 2716 259 2786 addit,
272 2717 540 2789 domusprotepens
549 2716 921 2789 turpitudinem,·supcrius

85 2805 194 2876 quippe
210 2806 337 2876 quodam
353 2804 419 2861 loeo
435 2805 566 2861 dixerat:
586 2806 704 2861 initium
720 2807 787 2861 ritae
796 2806 924 2860 bortrinis

86 2911 169 2966 aquia,
184 2900 213 2948 et
222 2894 320 2966 partie,
334 2900 364 2948 et
379 2895 595 2964 uestimentum,
610 2901 638 2950 et
649 2895 751 2950 deuius
760 2902 924 2967 protegens

983 662 1190 718 mitnrmacula
1199 665 1334 721 luxuriae.
1348 667 1405 722 Per
1415 667 1595 740 Sanguinem
1607 684 1680 741 ruga
1689 668 1818 724 malitiae.

981 751 1065 815 Quod
1077 768 1148 808 vero
1158 769 1210 823 per
1219 755 1396 826 sanguinem
1408 756 1508 811 militie
1517 757 1617 810 cordis
1630 757 1815 827 exprimitur,

981 845 1080 911 aperte
1091 845 1280 912 monstratur,
1294 844 1343 898 ubi
1355 845 1462 899 dieitur
1473 846 1508 900 de
1518 846 1648 900 remedie
1656 846 1816 918 eJ'ustlinc

981 930 1125 984 Ieremias
1136 931 1176 985 ait
1188 948 1193 986 :
1206 933 1310 988 Larua
1322 934 1434 989 inutilia
1450 951 1502 989 cor
1514 941 1591 989 tuum
1603 934 1778 1005 Jerusalem,
1788 939 1818 991 ut

980 1019 1064 1073 satra
1081 1020 1145 1074 dna.
1166 1021 1319 1095 Usquequo
1335 1024 1529 1078 niorabuntur·
1540 1025 1571 1078 in
1583 1024 1817 1097 incogitatioaes

982 1109 1098 1164 noxie?
1109 1110 1238 1177 (denir).
1249 1111 1325 1166 Sane
1335 1113 1458 1182 spiritus
1468 1112 1583 1184 judicii,
1596 1114 1673 1167 lavat
1682 1113 1814 1183 sordem,

979 1197 1047 1252 dum
1062 1198 1149 1254 home
1164 1200 1193 1253 in
1203 1199 1249 1255 his
1263 1217 1328 1272 quae
1339 1202 1817 1257 iltisecundumluxariamdulcia

984 1286 1109 1354 fuerant,
1121 1288 1321 1344 tirnoredivini
1331 1291 1608 1361 percussusjudicii
1617 1292 1734 1346 sibimet
1742 1307 1818 1347 ame·

978 1377 1079 1430 rescit.
1092 1376 1127 1430 Et
1139 1379 1262 1448 spiritus
1276 1379 1392 1434 ardoris
1404 1379 1496 1433 abluit
1507 1381 1693 1451 sanguinem,
1706 1380 1776 1435 dum
1786 1380 1817 1436 in

978 1465 1035 1533 his,
1053 1465 1208 1537 inquibus
1224 1483 1296 1539 erga
1320 1469 1488 1538 proximum
1511 1484 1630 1522 amarus
1651 1469 1815 1539 exstiterat,

978 1555 1109 1610 coelestis
1118 1557 1228 1610 umoris
1237 1557 1342 1612 ardore
1350 1560 1455 1626 tactuS,
1467 1557 1727 1630 intrinsecuserga
1739 1571 1818 1613 eum·

979 1644 1044 1698 dem
1054 1644 1186 1699 suaviter
1199 1645 1372 1700 edulcescit.
1384 1645 1483 1701 Gratia
1493 1662 1565 1718 erge
1578 1647 1816 1716 compunctionis

978 1733 1076 1787 omnia
1095 1737 1215 1803 peccata
1232 1734 1295 1789 sire
1313 1734 1440 1788 carnalia
1459 1735 1523 1789 sire
1541 1735 1705 1804 spiritualia
1728 1736 1815 1806 lavat,

979 1823 1048 1893 quta
1059 1823 1183 1893 spiritus
1192 1822 1296 1894 judieii
1309 1823 1439 1893 sordem,
1452 1826 1479 1878 et
1488 1823 1612 1894 spiritus
1621 1824 1737 1880 ardoris
1748 1840 1817 1880 sau·

938 1885 963 1946 B
980 1911 1100 1983 guinem
1116 1913 1263 1967 emundat.

1015 2001 1156 2065 Quamvis
1168 2004 1265 2056 uatem
1280 2001 1344 2056 haec
1360 2001 1400 2056 ita
1417 2001 1646 2074 distinguamus
1659 2004 1691 2056 ut
1709 2001 1817 2072 spiritu

977 2088 1085 2161 judieii
1095 2091 1224 2160 sordem,
1238 2091 1344 2162 spiritu
1354 2091 1470 2145 ardoris
1483 2091 1659 2162 sanguinem
1668 2090 1760 2144 lavari
1772 2091 1816 2144 di·

981 2195 1092 2249 camne,
1113 2183 1269 2252 utrumque
1284 2183 1381 2234 tumen
1397 2181 1553 2252 utrobique
1570 2179 1700 2250 operari,
1717 2179 1747 2235 id
1771 2181 1817 2235 est

981 2270 1100 2323 sordem
1116 2270 1351 2342 sanguinemque
1372 2271 1513 2324 mundare
1538 2269 1702 2342 intelligere
1724 2269 1817 2325 debe·

982 2358 1169 2413 musTirnor
1187 2359 1294 2429 quippe
1306 2362 1333 2412 et
1348 2375 1440 2425 amor,
1460 2359 1509 2430 qui
1526 2358 1729 2429 justificandis
1744 2374 1816 2430 pee-

982 2447 1132 2501 catoribus
1157 2462 1210 2516 per
1230 2446 1371 2517 Spiritum
1386 2451 1522 2502 sanctum
1545 2447 1751 2517 infunduntur,
1776 2448 1816 2503 ita

981 2535 1038 2590 sibi
1049 2538 1254 2607 cooperantur,
1265 2540 1296 2590 ut
1307 2536 1372 2590 sive
1385 2537 1444 2590 sint
1455 2536 1583 2591 carnalia
1596 2537 1659 2591 sive
1674 2536 1817 2607 spiritalia

981 2627 1109 2696 peccata,
1123 2626 1227 2680 timore
1240 2625 1437 2696 praecedente,
1450 2640 1549 2680 amere
1560 2627 1702 2697 sequente
1713 2624 1817 2680 effica-

981 2716 1054 2769 citer
1065 2715 1230 2770 abluantur.
1244 2715 1279 2770 Et
1290 2714 1357 2786 quia
1373 2731 1474 2769 veram
1486 2715 1742 2785 compunctionem
1753 2729 1817 2769 ma·

981 2804 1122 2859 nifastem
1132 2808 1178 2858 est
1189 2804 1319 2859 comitari
1332 2821 1432 2858 veram
1444 2804 1675 2875 confessionem,
1684 2820 1816 2877 congrue

981 2896 1136 2963 postquam
1148 2910 1253 2964 aquam
1262 2894 1465 2949 neeessariam
1476 2893 1559 2961 dixit,
1573 2895 1671 2948 statim
1680 2894 1818 2965 etignem

87 2984 303 3055 turpitudinem
315 2983 920 3054 (Eceli.xxix).Hienuucadditpluraalio,
982 2996 1051 3035 esse
1063 2983 1267 3036 necessarium
1281 2983 1425 3053 adJunxit.
1443 2983 1523 3054 Ignis
1534 2998 1639 3052 nempe
1655 2982 1819 3037 confessio·

85 3076 115 3127 et
132 3073 267 3144 quaedam
284 3072 436 3143 prioribus
452 3071 584 3128 dulciora
599 3076 628 3128 et
642 3073 790 3141 suaviora,
812 3075 840 3128 et
855 3089 923 3144 gre·
982 3086 1048 3124 nem
1065 3070 1224 3143 significat,
1238 3071 1306 3141 quia
1320 3070 1399 3141 ignis
1409 3070 1505 3140 rubet,
1518 3073 1546 3124 et
1562 3070 1715 3125 confessio
1727 3085 1816 3124 vere-

84 3162 170 3231 tiora,
188 3164 220 3216 ut
234 3164 280 3216 est
300 3162 356 3230 lac,
373 3162 441 3231 mel,
458 3162 574 3231 betrus,
601 3162 708 3232 oleum,
732 3162 801 3233 quia
821 3161 922 3216 multi·
983 3159 1098 3214 candiae
1120 3159 1259 3214 ruborem
1285 3158 1382 3213 habet.
1410 3159 1494 3213 Unde
1510 3159 1619 3213 Paulus
1641 3158 1681 3212 uit
1698 3173 1704 3213 :
1723 3156 1815 3224 Quem

86 3251 584 3322 plicatasecundumincremeatum
593 3251 734 3322 temporis
745 3250 922 3305 infirmitatis
982 3248 1109 3303 fructum
1120 3248 1270 3303 habuistis
1282 3256 1349 3303 tunc
1359 3249 1390 3301 iu
1401 3248 1490 3303 bisin
1503 3248 1609 3320 quibus
1620 3263 1696 3302 rrrrne
1706 3246 1818 3303 erube·

86 3340 224 3394 humanae
234 3339 364 3409 miseria,
377 3341 504 3410 oportuit
520 3339 606 3394 etiam
620 3343 650 3394 ut
659 3339 924 3410 multiplicarentur
981 3338 1088 3392 scitis?
1098 3338 1192 3408 (ilem.
1203 3338 1254 3408 vr).
1269 3338 1434 3392 Possumus
1450 3353 1566 3408 quoquc
1581 3352 1634 3406 per
1649 3337 1750 3410 ignem
1764 3352 1816 3391 sa-

86 3427 154 3499 ejus
180 3429 362 3483 necessaria.
389 3428 425 3483 nt
438 3429 508 3483 dum
531 3429 623 3484 erevit
639 3429 805 3496 infirmitas,
832 3427 925 3483 erevit
980 3426 1159 3481 tisiactionis
1170 3427 1312 3496 laborem,
1328 3424 1560 3497 utsuutjejunin
1575 3429 1602 3480 ot
1613 3426 1814 3495 caeteratalia,

88 3520 308 3589 consequenter
324 3521 352 3572 et
366 3518 544 3573 necessitas.
561 3517 615 3572 Est
629 3521 726 3573 autem
741 3518 919 3579 necessitas.
981 3515 1339 3589 figurare.Cujuslaboris
1350 3515 1817 3588 ignisquoscunqueinpraesenti

85 3607 224 3678 sineque
244 3606 394 3678 quidesse
413 3623 471 3663 nee
483 3610 596 3677 petest3
613 3608 666 3662 sed
678 3607 746 3678 quia
757 3607 821 3662 haec
840 3606 921 3677 fecit,
981 3606 1093 3660 saeculo
1116 3606 1246 3676 perfecte
1262 3605 1420 3660 cremando
1435 3609 1550 3677 purgat,
1567 3622 1619 3661 eos
1635 3607 1664 3660 in
1681 3605 1817 3678 sequenti

84 3695 192 3750 deinde
204 3696 368 3750 seeundum
379 3711 413 3751 ea
423 3713 490 3767 quae
502 3697 583 3750 carni
597 3698 667 3750 sunt
682 3696 924 3765 necessaria,nes
981 3694 1093 3748 saeculo
1105 3694 1259 3749 infernalis
1270 3694 1516 3766 velpurgotorius
1528 3695 1608 3765 ignis
1619 3695 1738 3749 minime
1750 3711 1817 3749 cru·

84 3800 119 3840 ea
130 3788 200 3839 tunc
215 3785 251 3839 ad
270 3785 406 3856 spiritum
418 3787 578 3853 vertamus,
591 3789 629 3855 et,
642 3786 677 3840 ad
691 3789 801 3839 nestrae
813 3788 923 3839 morta-
981 3783 1047 3837 eiat.
1062 3783 1160 3855 llujas
1172 3784 1251 3856 ignis
1260 3783 1477 3855 ethujusaquae
1486 3784 1643 3838 Psalmistu
1652 3782 1817 3837 luculenter

84 3874 175 3928 litatis
187 3874 435 3944 informationem,
453 3875 600 3946 quomedo
612 3874 785 3944 spiritaliter
797 3873 922 3945 intelligi
981 3872 1109 3927 fructum
1120 3872 1267 3942 exprimit,
1280 3872 1329 3926 ubi
1341 3873 1420 3926 dicit.
1439 3872 1706 3943 I'rnnsirinrusper
1716 3872 1816 3944 ipnein

85 3963 204 4034 possiet
219 3964 417 4034 requiramus.
439 3965 524 4035 Aqua
539 3964 568 4018 in
584 3980 669 4018 sacra
684 3963 834 4034 Scriptura
852 3978 923 4034 gra·
981 3967 1009 4016 et
1019 3961 1152 4016 eduxisti
1163 3978 1215 4016 nos
1222 3962 1253 4015 in
1263 3961 1816 4034 refrigerium(I’sal.r‚xv).l³eraquam

83 4052 155 4105 tiam
170 4051 416 4122 compunctionis,
434 4053 613 4124 fletuumque
630 4052 807 4123 quandoque
828 4051 922 4124 signi·
979 4051 1103 4105 enimet
1122 4051 1222 4123 ignem
1239 4051 1409 4121 transimus,
1423 4054 1451 4106 et
1471 4051 1499 4105 in
1523 4051 1711 4123 refrigerium
1730 4050 1816 4106 duci-

85 4141 164 4195 frcat.
181 4140 255 4195 Sunt
269 4144 366 4195 cirtem
385 4142 442 4195 duo
464 4142 700 4212 compunctionis
724 4157 850 4213 genera,
871 4156 923 4211 per
979 4156 1054 4207 mur,
1065 4155 1141 4209 cuin,
1155 4155 1208 4211 per
1219 4141 1511 4210 compunctionemet
1522 4141 1814 4197 confessionemsire

85 4230 229 4300 aquamin
239 4230 357 4284 deserto
369 4230 404 4284 de
421 4234 503 4301 petra
519 4230 566 4285 bis
584 4231 756 4302 productam
772 4230 896 4302 figurata
914 4245 920 4284 :
978 4229 1065 4284 eliam
1076 4228 1308 4284 satisfactionem
1320 4232 1450 4304 purgati,
1464 4231 1500 4285 ab
1512 4231 1650 4304 angustia
1662 4229 1774 4287 doloris
1785 4235 1816 4288 et

84 4334 187 4386 unum,
198 4319 275 4390 qued
288 4334 325 4373 ex
337 4319 438 4374 delore
451 4321 547 4390 eulpae
564 4323 591 4375 et
602 4320 809 4391 timorepaenee
820 4318 922 4373 nasci·
978 4318 1103 4386 timoriS,
1116 4335 1204 4390 quum
1221 4335 1274 4389 pro
1289 4320 1420 4390 peccatis
1433 4321 1545 4375 nestris
1560 4319 1754 4390 patiebamur,
1769 4334 1815 4373 re·

84 4411 149 4476 tur3
167 4407 300 4478 alterum,
316 4409 395 4480 quod
411 4426 448 4464 ex
462 4409 699 4464 consideratione
714 4411 921 4480 perceptorum
979 4407 1277 4480 quiescimustiujus
1293 4406 1814 4481 refrigeriijucunditatemilleselus

85 4496 253 4551 coelestium
264 4497 408 4552 denorum
420 4502 447 4553 et
458 4514 556 4554 amere
566 4496 920 4572 divinogener·atur.Quee
938 4470 965 4533 D
981 4497 1126 4552 veraciter
1141 4498 1231 4564 nevit,
1248 4498 1298 4569 qui
1315 4497 1392 4552 hane
1411 4497 1540 4568 experiri
1560 4496 1655 4569 gratia
1670 4496 1814 4568 largiente

84 4585 145 4639 duo
162 4586 397 4656 compunctionis
416 4603 526 4659 genera
547 4604 600 4658 per
620 4587 727 4642 isaiam
746 4586 920 4660 prophetam
981 4586 1079 4640 divina
1095 4586 1265 4658 promeruit.

86 4673 244 4729 manifeste
256 4674 487 4746 distinguuntur,
500 4676 549 4730 ubi
559 4676 598 4731 ait
608 4693 614 4731 :
626 4676 667 4730 Et
679 4678 738 4731 erit
750 4676 853 4740 orariis,
874 4674 922 4746 prii
1015 4676 1055 4729 ut
1067 4676 1191 4730 ferrmu.
1207 4675 1264 4729 Per
1274 4673 1394 4742 ferrum,
1408 4673 1524 4746 quando
1535 4674 1564 4728 in
1575 4674 1652 4729 bona
1664 4673 1815 4746 signitica-

84 4762 352 4818 relictusfueritin
361 4764 442 4830 Sion,
454 4765 630 4819 elresiduus
640 4764 922 4832 irnlcrusalein,san·
979 4764 1058 4819 tione
1075 4765 1201 4834 ponitur,
1220 4766 1299 4818 reete
1321 4764 1417 4819 uirtus
1441 4763 1608 4818 severitatis
1629 4763 1814 4837 intelligitur.

84 4857 152 4907 etus
166 4851 382 4924 vocabiturgui
392 4854 523 4924 scriptus
534 4859 580 4907 est
591 4854 622 4907 in
634 4854 692 4907 rita
704 4853 734 4906 iu
742 4851 920 4908 Jerusalem:
979 4854 1051 4908 Post
1065 4869 1170 4924 uquam
1185 4868 1258 4924 erge
1274 4856 1302 4906 et
1316 4853 1425 4925 ignem,
1448 4852 1558 4908 ferrum
1574 4853 1661 4909 nobis
1676 4853 1746 4909 dicit
1760 4869 1813 4909 ne·

85 4941 123 4997 Si
134 4940 408 4995 alileeritDorninus
419 4943 536 4996 ser'denr
548 4942 923 5013 hliurumSiornotsangui·
980 4943 1154 5006 cessarium,
1175 4942 1243 5012 quia
1260 4945 1416 5012 postquam
1432 4942 1542 5012 tiendo,
1561 4943 1739 5015 confitendo,
1766 4944 1813 4998 vel

84 5029 918 5103 uemJerusalemlaveritspiritup'udieiietspirituardo-
980 5031 1812 5102 etiumsatisfaciendomalisperpetratiabrenuntiamus,

88 5119 259 5188 ris(Isarv).
270 5119 926 5193 Perspiritumenimjudieiidesignaturccm·
980 5121 1038 5174 nisi
1052 5137 1167 5193 magnae
1188 5120 1356 5174 severitatis
1373 5121 1471 5193 gladie
1494 5124 1687 5179 tentationum
1703 5121 1815 5178 blaudi-

92 5208 222 5279 punctic,
235 5223 302 5278 quae
318 5208 496 5263 naseiturex
513 5209 633 5279 timore,
651 5225 704 5279 per
723 5209 857 5280 spiritum
874 5226 923 5262 ur·
980 5211 1087 5264 aientis
1102 5226 1155 5279 per
1168 5211 1283 5263 hostem
1299 5209 1450 5281 antiquum
1466 5212 1589 5284 gravius
1610 5213 1697 5267 solito
1713 5213 1815 5266 centra

91 5296 468 5368 deris,cempunetio,quie
479 5299 613 5352 nascitur
624 5297 924 5353 examorellivinnm
980 5315 1035 5353 nos
1051 5299 1245 5353 saevientibus
1261 5300 1448 5369 resistamus,
1466 5300 1501 5354 ad
1518 5302 1603 5369 mula,
1616 5298 1816 5371 quaerelique·

86 5384 196 5456 quippe
206 5384 350 5454 Judieium
359 5386 448 5440 infert
459 5387 605 5457 timerem,
618 5387 737 5441 (livinus
757 5391 853 5442 autem
873 5404 922 5440 ar-
980 5404 1090 5458 ruanis,
1110 5387 1157 5443 vel
1178 5390 1257 5442 certa
1268 5388 1304 5442 ad
1319 5391 1456 5462 graviora
1472 5393 1602 5460 peecata,
1619 5389 1703 5443 visco
1715 5387 1815 5442 illece-

87 5473 413 5529 derconfertamerem.
425 5476 864 5545 Sicutauterncempunetionis,
878 5477 923 5531 sic
980 5477 1099 5531 braium
1118 5477 1202 5548 rapti,
1219 5479 1276 5533 cite
1291 5479 1469 5544 reducimur,
1488 5484 1517 5533 et
1532 5478 1605 5532 firrnt
1626 5483 1694 5530 triae
1714 5477 1816 5532 nevis·

85 5565 114 5616 et
126 5561 238 5632 peceati
249 5562 527 5620 duovidenturesse
542 5582 650 5637 genera
662 5581 668 5619 ι
678 5581 768 5618 unum
781 5565 810 5618 in
822 5580 920 5631 earne,
980 5566 1054 5619 simu
1067 5572 1168 5621 nestra
1176 5567 1280 5638 pejora
1289 5568 1444 5638 prioritatis
1454 5567 1591 5635 (biremi),
1605 5568 1719 5636 septem
1728 5566 1817 5638 spiri-

85 5652 212 5706 alterum
231 5651 260 5705 in
278 5652 402 5722 spiritu,
423 5655 450 5708 id
471 5659 516 5710 est
538 5672 628 5710 arnum
647 5655 781 5722 carnale,
798 5654 923 5709 alterum
980 5655 1059 5709 tibus
1072 5655 1131 5727 illo,
1149 5657 1200 5727 qui
1215 5658 1299 5726 prius
1314 5673 1369 5711 nos
1381 5655 1565 5727 possederat,
1579 5655 1817 5726 spiritunequie·

86 5740 249 5812 spirituale.
263 5741 295 5796 In
311 5758 399 5797 carne
411 5742 539 5812 luxuria,
558 5745 588 5797 in
606 5743 712 5816 spiritu
728 5744 846 5800 malitia.
865 5744 922 5799 ltu·
981 5744 1064 5801 ribus
1087 5745 1116 5801 in
1136 5762 1192 5802 nos
1208 5761 1277 5802 eum
1293 5745 1344 5802 illc
1359 5743 1516 5817 ingressis
1534 5741 1848 5799 chisneiensem&-
