3796 6022
131 255 188 324 891
507 258 728 326 APPENDIX
748 259 806 322 Ab
827 254 1019 326 Huooms
1044 254 1186 325 OPERA
1207 254 1475 326 uodalrici.
1795 262 1855 330 399

130 475 195 520 rum
209 462 427 518 remissionem.
442 460 583 526 Quaedam
607 461 693 515 etiarn
715 461 757 517 ihi
781 463 850 516 sunt
864 460 961 515 adho-
976 442 1006 504 Α
1055 461 1204 517 Car.th
1226 462 1555 520 Detriaaimmersioue
1567 469 1595 518 ct
1608 465 1745 520 unctione
1756 466 1857 521 chris·

131 569 235 610 norem
249 552 435 607 sacramenti.
1382 552 1481 607 matis.

306 641 376 694 ttae.
394 638 487 692 xvd.
505 639 548 693 lle
569 639 618 694 die
633 639 783 693 scrutinii.
1056 640 1110 694 llis
1131 640 1272 711 peractis,
1298 640 1514 695 henedicuatur
1536 640 1643 712 lentes,
1673 645 1702 695 et
1729 643 1857 699 traditur

165 730 332 786 Notandum
360 728 447 782 etiam
473 728 552 799 quod
575 728 741 798 baptizandi
775 728 804 781 in
837 727 962 783 sabbato
1019 729 1187 784 novaevitae
1217 729 1273 783 iter
1295 729 1540 800 aggredientibus
1570 730 1638 785 lldei
1662 729 1854 803 Symbolum3

131 818 274 892 paschali,
298 820 401 886 quarta
429 816 502 871 teria
518 820 629 887 quartae
657 816 851 871 hebdomadae
877 816 964 870 Chri·
1021 818 1131 889 quoda
1155 818 1311 871 duodecim
1337 818 1481 888 apostolis
1497 819 1662 873 ordinatum
1684 822 1856 876 estettoti·

132 911 236 963 stiuam
252 906 372 974 militiae,
386 904 413 958 id
429 909 474 959 est
485 905 732 977 quadragesimae,
745 905 918 959 <inseruntur
928 906 965 958 ud
1020 905 1085 959 dem
1097 907 1253 959 sententiis
1264 907 1522 976 comprehensum.
1536 908 1643 962 Postea
1655 908 1855 981 interrogatur

131 996 289 1053 ecclesiam
311 998 342 1048 ut
364 994 568 1049 exorcizentur
592 996 621 1047 et
644 993 869 1048 (catechizentur.
895 994 964 1048 ldeo
1020 994 1046 1047 si
1064 994 1251 1048 abrenuntiet
1265 996 1392 1064 Satanae,
1409 998 1465 1048 etc.
1484 994 1520 1048 Et
1533 997 1600 1065 post
1611 996 1716 1050 trinam
1732 1012 1855 1068 respon·

131 1091 228 1141 autem
243 1087 346 1156 quarta
362 1082 435 1136 teria
446 1086 558 1152 quartae
574 1081 770 1136 liebrtomadn»
794 1083 841 1136 hio
863 1084 962 1137 allicio
1019 1082 1136 1135 sionem
1152 1083 1342 1136 immersione
1355 1083 1432 1137 trina
1448 1084 1620 1153 baptizatur,
1630 1085 1698 1155 quia
1708 1085 1749 1140 ihi
1760 1086 1856 1140 l'rini·

129 1175 265 1245 deputata
281 1176 336 1241 est,
352 1176 383 1225 ut
398 1171 450 1241 qui
463 1170 629 1240 baptizandi
653 1173 732 1240 sunt,
753 1172 819 1241 ipso
840 1187 962 1226 numero
1019 1172 1087 1224 tatis
1104 1171 1210 1225 virtute
1226 1172 1357 1242 etgratia
1378 1173 1537 1226 mundatur
1551 1190 1568 1227 a
1581 1174 1721 1243 peccatis
1740 1175 1854 1230 llehiuc

130 1263 297 1334 intelligant
311 1275 344 1314 se
361 1274 419 1313 non
434 1259 471 1312 ad
497 1259 597 1328 otium,
623 1259 676 1313 sed
701 1259 736 1312 ad
767 1258 963 1327 Christianam
1019 1273 1106 1313 sacro
1122 1259 1281 1313 chrismato
1297 1260 1418 1332 ungitur
1434 1262 1464 1315 in
1480 1261 1601 1331 vertice,
1615 1266 1644 1316 ut
1659 1263 1804 1335 intelligat
1819 1280 1854 1318 se

129 1351 228 1407 vocari
252 1349 405 1417 militiam,
428 1363 462 1400 no
485 1349 510 1401 si
532 1351 635 1418 quarta
659 1352 753 1418 aetate,
779 1349 894 1403 scilicet
915 1349 963 1420 ju·
1018 1348 1187 1417 promoveri
1202 1349 1232 1400 in
1248 1364 1350 1420 regem
1366 1354 1394 1403 et
1409 1350 1605 1420 sacerdotem,
1618 1353 1854 1407 nonministerio

128 1442 247 1494 ventute
262 1453 329 1508 quae
344 1452 453 1507 pugnae
468 1440 513 1490 est
524 1439 599 1506 apta,
615 1435 652 1489 ad
661 1436 792 1490 militiam
803 1437 960 1509 eligantur.
1021 1436 1140 1507 quidem
1157 1437 1211 1491 sed
1222 1437 1364 1509 dignitate
1379 1439 1557 1509 sanctitatis,
1574 1440 1740 1495 secundum
1756 1441 1825 1495 illud
1845 1458 1851 1496 :

129 1528 165 1583 Et
180 1528 248 1598 quia
262 1526 404 1595 praedicta
427 1527 529 1596 quarta
549 1524 623 1578 feria
652 1525 687 1578 de
702 1524 759 1579 lide
775 1525 964 1596 inquiruntur
1025 1524 1081 1579 Vos
1097 1526 1157 1579 ctis
1167 1542 1262 1597 ganas
1277 1526 1412 1596 electum,
1430 1528 1534 1599 regale
1550 1529 1760 1595 sacerdotium,
1778 1546 1855 1601 pens

129 1621 158 1672 et
172 1617 367 1683 instruuntur,
385 1614 452 1668 ideo
467 1613 531 1667 dies
547 1613 595 1667 illa
609 1613 673 1667 dies
689 1614 836 1683 scrutinii,
849 1614 963 1683 et,olti-
1019 1620 1132 1684 sancta,
1160 1615 1282 1685 populus
1306 1617 1522 1687 acquisitionis.
1538 1617 1566 1685 tl
1596 1616 1665 1672 Pet.
1681 1620 1723 1681 ut.
1741 1618 1776 1672 Et
1791 1623 1853 1673 uta

129 1707 208 1760 cium
223 1704 294 1758 illud
310 1702 495 1772 scrutinium,
512 1702 684 1772 appellatur.
703 1701 852 1757 Vocantur
866 1708 963 1758 autom
1020 1701 1129 1757 Christi
1159 1704 1310 1758 consortio
1338 1709 1462 1759 vocetur
1489 1705 1687 1774 Christianus,
1704 1708 1851 1762 etaeterni

127 1791 961 1865 praedictadieporlectionemquaeprreceditepistolam,
1019 1793 1101 1862 regis
1118 1792 1156 1846 sit
1186 1793 1331 1863 collieres,
1354 1793 1422 1848 huic
1451 1799 1637 1849 sacramento
1661 1799 1851 1867 pastaquam

128 1900 194 1956 quae
211 1887 238 1938 et
253 1883 319 1952 ipsa
334 1881 369 1935 de
385 1880 471 1950 aquis
493 1879 632 1949 baptismi
658 1883 713 1947 est,
737 1880 814 1934 sicut
839 1884 867 1933 ct
882 1880 963 1934 outi-
1019 1880 1156 1950 baptismi
1167 1881 1294 1950 Spiritus
1310 1887 1432 1936 sanctus
1444 1883 1617 1953 infunditur,
1628 1888 1659 1938 ut
1675 1886 1714 1938 sit
1731 1889 1851 1939 renatus

128 1972 215 2028 nandi
227 1974 347 2041 propter
361 1969 488 2023 similem
513 1983 633 2022 causam
655 1972 757 2039 quarta
787 1969 860 2023 teria
883 1968 962 2034 Qua·
1018 1984 1055 2024 ax
1069 1985 1144 2040 aqua
1159 1974 1187 2023 et
1202 1970 1311 2040 Spiritu
1328 1975 1442 2041 sancto,
1468 1973 1526 2026 imo
1542 1972 1661 2027 inlusus
1676 1975 1851 2029 ostenditur.

128 2064 195 2116 tuor
210 2060 387 2128 Temporum
402 2062 468 2112 ante
492 2057 654 2127 Epistolam
679 2062 821 2111 vocantur
844 2074 896 2127 per
919 2059 963 2113 lo·
1019 2057 1186 2129 Siquidem
1209 2058 1337 2129 Spiritus
1361 2065 1483 2115 sanctus
1499 2061 1609 2132 inipso
1630 2063 1706 2116 trina
1731 2064 1852 2118 immer-

129 2150 337 2219 otiouemquae
359 2147 485 2216 pertinet
510 2146 546 2199 ad
565 2146 706 2216 Spiritum
734 2150 879 2214 sanctum,
911 2164 964 2217 per
1018 2147 1103 2201 sione
1116 2147 1324 2202 remissionem
1336 2150 1657 2220 conlcrtpeecutorum.
1674 2152 1731 2207 Sed
1743 2168 1802 2207 nou
1814 2154 1853 2207 si·

129 2254 217 2310 quam
232 2236 347 2291 scilicet
362 2234 550 2290 consecranti
566 2239 645 2289 sunt.
661 2235 743 2289 Unde
759 2238 787 2289 et
802 2251 837 2289 ea
851 2236 898 2289 die
914 2252 963 2290 ve·
1019 2236 1079 2290 mul
1095 2252 1161 2290 cum
1172 2236 1363 2293 immersione
1378 2242 1491 2309 poterat
1509 2239 1645 2294 exhiheri
1660 2239 1728 2311 ejus
1754 2258 1853 2297 sacra-

128 2328 212 2384 niuut
226 2327 262 2382 de
279 2326 317 2380 iis
334 2340 400 2397 quae
415 2325 452 2378 ad
468 2323 598 2378 osticium
610 2325 852 2394 suunrpertineut
866 2326 964 2396 requi·
1019 2328 1161 2380 mentum.

128 2417 213 2473 rendi
227 2419 256 2470 et
269 2413 467 2470 examinandi.
794 2459 799 2465 .
1017 2413 1089 2470 Car.
1102 2415 1168 2469 XX.
1181 2416 1225 2471 llc
1243 2423 1325 2472 resta
1342 2417 1408 2472 alba
1425 2424 1454 2472 ct
1470 2418 1730 2475 conruruuicatioue
1741 2437 1851 2491 parru-

128 2505 198 2562 Car.
217 2503 323 2559 XVlll.
349 2502 393 2557 Dc
417 2501 664 2556 antecedentibus
687 2507 755 2556 aute
774 2502 961 2573 baptismum.
1380 2507 1485 2560 lorum.

164 2594 239 2650 Sunt
252 2597 283 2648 ut
299 2592 355 2646 alia
370 2590 505 2663 quaedum
521 2591 599 2644 circa
615 2591 807 2661 baptizandos
823 2592 962 2646 consido·
1053 2592 1167 2647 Exinde
1183 2594 1268 2649 datur
1278 2595 1420 2650 hastizato
1431 2596 1523 2651 vestis
1533 2596 1667 2666 candida,
1685 2613 1751 2669 quae
1763 2599 1847 2653 inno·

128 2684 229 2739 ranila.
244 2682 406 2754 Signantur
420 2680 497 2733 enim
513 2680 641 2749 primum
654 2680 684 2733 in
701 2679 805 2746 fronto,
823 2680 852 2732 in
867 2685 963 2750 pecto
1018 2682 1143 2736 centiam
1159 2683 1673 2758 significat,etstolamjueunditatis
1687 2692 1848 2758 perpetuae,

126 2789 170 2844 re,
184 2773 262 2827 inter
276 2772 427 2838 humeros,
448 2770 478 2822 in
494 2769 628 2839 auribus,
657 2769 687 2823 in
712 2785 774 2838 ore,
802 2770 962 2824 orucissi-
1016 2773 1042 2825 si
1059 2773 1447 2843 innocentiamservaverit,
1470 2776 1496 2828 ei
1512 2776 1690 2846 pronuntiat.
1719 2777 1849 2831 Adulti-

58 2882 62 2887 ·
128 2862 266 2936 gnaculo,
284 2860 372 2932 cujus
388 2860 494 2913 virtute
511 2861 539 2913 et
554 2858 651 2912 omnin
676 2862 861 2912 sacramenta
885 2876 962 2914 com·
1016 2877 1096 2915 mum
1108 2861 1307 2916 datur-cereus
1320 2863 1601 2918 accensusinmanu
1612 2864 1690 2935 eius,
1702 2869 1848 2936 quatenus

126 2952 260 3024 plentur,
292 2954 320 3005 et
348 2949 446 3004 ourrria
475 2947 584 3002 diaboli
611 2950 751 3019 tigmenta
786 2947 958 3004 frustantur.
1015 2949 1386 3022 illudEvangeliiimplere
1402 2954 1848 3010 doceaturzhuceatlaxvestra

126 3041 176 3098 Sic
197 3057 264 3097 cum
287 3039 493 3094 occiderentur
508 3037 697 3108 primogeniti
711 3037 845 3109 AEgypti,
872 3054 962 3109 popu·
976 3085 1002 3148 c
1017 3054 1114 3093 coram
1130 3040 1308 3105 homiuibus,
1329 3047 1358 3094 ot
1372 3040 1492 3095 rideant
1503 3058 1592 3112 opera
1611 3048 1711 3096 vestra
1727 3042 1803 3097 hona
1819 3051 1848 3098 et

126 3130 174 3186 lus
191 3130 395 3197 Hebraeorum,
413 3126 540 3199 signatis
564 3122 701 3196 postibus
723 3125 878 3180 domorum
893 3144 961 3182 san·
1016 3126 1194 3200 gloridocnt,
1213 3143 1272 3182 non
1288 3145 1353 3198 ros,
1371 3130 1424 3183 sed
1441 3129 1565 3184 Patrem
1592 3137 1724 3185 restrum
1754 3134 1803 3205 qui
1816 3134 1848 3188 in

124 3222 219 3293 guine
234 3221 305 3292 agni
320 3217 470 3290 paschalis
491 3216 521 3271 in
538 3220 604 3286 typo
620 3214 781 3268 Dominicis
797 3216 958 3288 passionis,
1016 3215 1152 3271 coelisest
1161 3217 1484 3288 (allattlr.v).0minihus
1493 3218 1541 3273 his
1549 3235 1646 3274 novus
1654 3219 1742 3275 homo
1750 3220 1848 3277 inute-

125 3310 259 3364 salvatus
275 3312 331 3362 est.
347 3308 396 3361 Sic
412 3306 499 3359 etiam
526 3305 603 3375 apud
633 3303 819 3358 Ezechielem
847 3304 884 3357 ab
908 3306 961 3359 im·
1014 3321 1047 3360 ro
1064 3306 1166 3360 matris
1179 3305 1322 3361 Ecclesiae
1334 3307 1499 3378 inchoatur,
1512 3309 1696 3380 provehitur,
1709 3326 1847 3365 consum-

125 3397 248 3453 minanti
263 3397 345 3450 clade
369 3393 537 3449 ierusalem
560 3393 705 3447 liberandi
727 3394 961 3462 praenuntiantur
1013 3398 1118 3463 matur,
1136 3397 1164 3448 et
1175 3395 1358 3449 universitati
1369 3396 1715 3470 Ecclesiaeaggregotur,
1733 3400 1789 3455 hoe
1801 3405 1847 3456 cst

125 3487 176 3558 qui
191 3485 318 3539 litteram
332 3484 415 3538 Thau
441 3490 520 3554 (quae
542 3482 667 3553 liguram
690 3483 788 3535 crucis
813 3482 961 3552 exprimit)
1014 3483 1148 3553 corporis
1164 3483 1274 3538 Christi
1289 3485 1453 3540 membrum
1474 3487 1611 3542 efficitur:
1636 3487 1719 3543 L'nde
1736 3490 1762 3542 si
1779 3488 1845 3560 ejus

122 3573 318 3630 intrantibus
334 3573 477 3626 haberent
490 3570 673 3641 insignitam.
694 3570 799 3624 Postea
815 3571 901 3626 datur
916 3572 960 3625 sal
1013 3572 1191 3627 valetudinis
1205 3577 1261 3643 est,
1279 3578 1463 3628 sacramenta
1478 3576 1610 3647 audatia,
1628 3577 1657 3630 id
1673 3580 1719 3631 est
1735 3593 1845 3648 corpus

124 3663 301 3720 benedictus
316 3663 347 3716 in
369 3678 403 3717 os
425 3659 601 3730 baptizandi,
626 3662 657 3713 ut
673 3659 735 3713 sale
752 3660 905 3729 sapientiae
922 3661 960 3715 sit
1013 3664 1041 3716 et
1052 3664 1604 3734 sanguinemChristi,accipcredebet.
1618 3664 1722 3721 Pueris
1737 3682 1845 3723 recens

124 3755 272 3810 conditus.
290 3752 473 3807 Exsulssatur
493 3765 551 3804 non
576 3748 695 3818 quidem
711 3752 845 3803 creatura
861 3751 915 3804 Dei
930 3750 960 3804 iu
1013 3751 1090 3805 natis
1106 3752 1551 3824 idemsacramentuminspecie
1562 3755 1719 3825 sanguinis
1730 3758 1777 3809 est
1789 3757 1845 3810 mi-

123 3845 201 3917 ipso,
218 3844 272 3900 sed
288 3842 424 3899 diabolus
439 3839 566 3912 incujus
577 3853 670 3910 regno
678 3841 960 3909 propterpeocatum
1012 3840 1197 3896 nistrandum
1212 3842 1304 3913 digito
1319 3843 1495 3912 sacerdotia,
1508 3843 1576 3913 quia
1585 3843 1659 3897 tales
1670 3844 1844 3907 naturaliter

126 3939 214 3991 uatus
229 3937 284 4002 est,
302 3932 477 3988 exsufflatur
491 3930 527 3984 ab
542 3931 618 3999 ipso,
635 3928 728 3999 idest,
751 3942 805 3998 per
820 3928 960 3996 Spiritum
1012 3945 1122 4007 sugere
1137 3934 1273 4000 possunt.
1291 3931 1477 4003 Augustinus
1493 3932 1528 3984 ad
1542 3931 1726 3986 Bonilaeium
1741 3936 1844 3988 contra

123 4026 259 4078 sanctum
276 4022 363 4093 cujus
379 4022 498 4092 signum
514 4023 560 4072 est
575 4019 661 4071 ttatus
677 4017 816 4085 exterior,
838 4033 960 4072 amove·
1012 4017 1152 4073 haeresim
1169 4019 1453 4090 Pelagian01·um:1n
1470 4020 1604 4074 Ecclesia
1619 4020 1845 4093 Salvatorisper

123 4115 180 4182 tur,
197 4113 334 4181 damper
348 4126 381 4165 ea
398 4126 464 4181 quae
488 4101 529 4162 ibi
552 4108 629 4162 dolet
658 4107 717 4178 agi,
743 4110 875 4176 potestas
892 4107 959 4180 ejus
1011 4106 1086 4162 alios
1102 4108 1216 4178 parvuli
1232 4109 1353 4162 credunt
1364 4110 1442 4163 sicut
1453 4109 1640 4181 exaliisquae
1655 4111 1685 4164 in
1696 4111 1845 4183 baptismo

122 4202 295 4269 minoratur,
312 4200 442 4254 nondum
458 4198 577 4252 omnino
589 4197 709 4251 tollitur.
727 4196 865 4251 Nondum
881 4197 959 4251 enim
1011 4195 1195 4251 dimittuntur
1207 4200 1327 4267 peccata
1338 4201 1501 4253 traxerunt.
1528 4199 1590 4253 Nec
1617 4199 1690 4254 illud
1705 4201 1844 4273 cogitetis

124 4306 179 4363 per
192 4289 373 4361 baptismum
387 4291 508 4342 renatus
520 4289 575 4356 est,
593 4286 646 4339 sed
663 4288 772 4338 tantum
791 4300 844 4354 per
860 4285 959 4339 crucis
1013 4300 1065 4339 eos
1081 4286 1170 4340 vitam
1187 4286 1295 4340 habere
1311 4287 1461 4358 possequi
1477 4291 1691 4358 suntexpertes
1707 4291 1844 4360 corporis

124 4378 245 4454 signum
260 4383 289 4435 et
304 4382 410 4434 caetera
425 4393 491 4448 quoe
508 4378 668 4430 circaeam
685 4379 749 4428 acta
768 4375 881 4428 suntin
898 4379 959 4428 ute·
973 4396 1000 4457 D
1014 4377 1043 4429 et
1058 4375 1214 4447 sanguinis
1230 4375 1350 4446 ttlrristi,
1369 4376 1483 4430 dicente
1512 4378 1578 4447 ipso
1604 4377 1747 4434 llornino:
1773 4380 1846 4434 Nisi

122 4486 157 4527 ro
173 4470 276 4525 matris
293 4469 436 4524 Ecclesiae
453 4469 613 4536 conceptus
629 4469 657 4519 at
685 4464 821 4531 nutritos,
846 4468 877 4516 ut
893 4465 958 4517 tan·
1013 4464 1395 4519 manducaverit-iscaruem
1407 4465 1481 4519 Filii
1495 4466 1632 4534 hominia,
1650 4472 1680 4522 ct
1700 4467 1845 4523 biberitis

124 4561 192 4616 dem
201 4577 256 4632 per
265 4576 372 4633 aquam
388 4557 494 4612 salutis
505 4555 624 4609 Christo
646 4557 828 4608 renascatur.
847 4553 958 4607 Deinde

122 4656 287 4726 tanguntur
297 4666 385 4705 aures
394 4652 423 4703 et
433 4663 520 4702 nares
533 4661 599 4700 cum
610 4644 702 4698 saliva
713 4659 720 4713 3
730 4659 807 4713 quae,
819 4642 959 4712 quoniam

123 4758 141 4796 a
171 4741 264 4812 capite
289 4738 452 4807 descendit,
479 4750 637 4806 supernam
659 4733 747 4804 signa
773 4731 956 4802 sapientiam.

125 4829 219 4900 Cujus
234 4831 312 4883 tactu
326 4832 355 4882 et
368 4844 456 4882 aures
474 4826 573 4880 cordis
596 4823 769 4894 aperiuntur
790 4822 826 4875 ad
848 4821 958 4875 intelli-

125 4918 255 4990 gendum
272 4916 396 4970 verbum
405 4917 467 4985 Dei,
481 4919 605 4970 etnares
615 4912 714 4968 cordis
723 4916 754 4967 ut
766 4911 891 4965 sentiant
900 4910 958 4963 lra-

125 5006 270 5079 grantiam
281 5008 497 5077 unguentorum
503 5004 623 5073 Christi,
631 5007 659 5057 et
668 5003 884 5071 dicatcor,eam
893 5015 958 5053 sen·

123 5095 356 5152 tlens21110dore
364 5089 955 5165 urrpaereutorumtuorumcurrlmusfflaut.

123 5185 253 5260 1).Haac
270 5184 393 5240 termam
408 5182 545 5237 Christus
561 5181 706 5236 Ecclesiae
721 5180 847 5249 tradidit,
865 5194 957 5251 quan·

124 5272 173 5345 do,
204 5275 276 5330 muti
300 5277 327 5329 et
356 5273 439 5329 surdi
464 5287 498 5327 os
523 5276 551 5328 et
579 5287 668 5327 aures
698 5278 833 5343 tangens,
858 5270 955 5325 dixit:

121 5360 302 5442 taphphua:
319 5364 393 5440 quod
408 5369 454 5420 cst
469 5364 630 5438 adaperire
646 5365 751 5438 (Marc.
769 5368 820 5438 ru)

1015 4553 1358 4624 ejussarrpuiucmtdoau.
1376 4559 1503 4622 vr),etc.,
1518 4571 1590 4626 ergo
1602 4556 1627 4609 si
1636 4556 1701 4610 sine
1711 4557 1844 4627 periculo

1013 4641 1077 4694 lieri
1093 4641 1463 4712 potest,juxtaprimariam
1471 4643 1615 4698 Ecclesiae
1630 4645 1844 4701 institutionem

1014 4733 1230 4784 sacramentum
1254 4731 1441 4785 eucharistiae
1465 4732 1494 4786 in
1509 4733 1609 4803 specio
1625 4734 1782 4806 sanguinis
1798 4739 1845 4791 est

1013 4818 1186 4872 tradendum
1197 4820 1308 4888 pueris.
1322 4820 1406 4875 llnde
1415 4820 1580 4893 ignorantia
1589 4824 1842 4896 presbyterorum,

1012 4907 1109 4960 adhuc
1124 4908 1248 4961 sormam
1265 4909 1473 4979 1·etincnS,sed
1489 4926 1548 4965 non
1563 4927 1635 4982 rem,
1653 4911 1702 4966 dat
1716 4913 1761 4968 eis
1777 4914 1843 4969 loco

1013 4996 1169 5068 sanguinis
1184 4997 1294 5066 vinum,
1312 4998 1390 5069 quod
1404 5000 1523 5069 penitus
1532 5016 1750 5071 supervacuum
1762 5003 1843 5058 arbi-

1011 5089 1107 5141 trarer
1122 5087 1149 5139 si
1165 5086 1230 5141 siue
1238 5087 1378 5143 scandalo
1388 5087 1567 5159 simplicium
1575 5090 1679 5145 dimitti
1688 5095 1802 5162 posset.
1812 5093 1843 5148 Si

1012 5178 1111 5229 autem
1126 5175 1156 5229 in
1173 5177 1355 5233 reservando
1371 5178 1547 5250 sanguinem
1558 5178 1733 5251 Christiani
1743 5181 1773 5236 in
1788 5182 1844 5237 mi·

1012 5265 1177 5335 nistrando,
1190 5265 1274 5336 pueri
1288 5267 1618 5339 immineatpericulum,
1630 5270 1729 5340 potius
1740 5286 1842 5344 super·

1012 5353 1176 5411 sedendum
1191 5354 1316 5411 videtur.
1331 5356 1532 5413 Necterreant
1542 5374 1597 5414 ros
1612 5361 1769 5430 praemissa
1785 5367 1843 5418 Au·

1011 5444 1231 5516 gustiniverha.
1239 5445 1306 5517 lpse
1314 5446 1392 5502 enim
1400 5447 1479 5519 alibi,
1492 5450 1579 5521 quasi
1587 5465 1621 5504 ea
1631 5449 1842 5525 determinans,

1011 5533 1846 5613 dicit:Nulliestaliquatenusambigendum,tuncunum·

1010 5637 1158 5700 quemque
1183 5624 1314 5683 fidelium
1337 5628 1472 5704 corporis
1496 5630 1712 5709 sanguinisque
1728 5632 1845 5695 Domini
