3816 6030
43 259 106 324 ⁵25
653 252 959 323 ulscstmuud.
974 289 1014 306 -
1030 252 1108 322 ula.
1125 254 1151 321 1.
1713 258 1775 328 526
1890 258 1895 265 ’

45 460 125 514 tione
141 456 266 529 spiritali
275 456 447 513 exercitatio
461 459 517 541 est,
535 457 564 511 in
574 456 634 512 vita
645 456 760 512 coelesti
769 455 884 528 requie·
898 435 928 500 Α
940 454 1050 511 dictum
1071 458 1127 525 cst,
1149 456 1180 511 in
1199 455 1361 527 Scripturis
1382 457 1567 529 prophetiam
1591 459 1628 515 de
1648 462 1773 518 venturo

46 549 87 603 tio
105 548 136 602 ln
151 562 240 602 carne
261 549 430 616 peccatum,
454 546 484 600 in
509 545 616 616 spiritu
639 545 828 616 exercitium,
853 545 884 600 in
941 546 1064 615 accepit,
1080 561 1168 618 quem
1181 548 1278 601 tamen
1292 546 1415 601 ventsse
1428 562 1526 619 usque
1541 548 1578 603 ad
1593 549 1672 604 circa
1687 547 1777 605 linem

47 637 109 691 Deo
125 635 296 691 Sabbatum.
309 635 461 706 AEgyptus
475 637 521 689 est
531 634 589 688 vita
604 633 770 703 soecularis,
787 632 886 688 deser·
942 633 1046 689 soeculi
1061 634 1193 703 credere,
1209 635 1316 690 renuit.
1332 635 1438 690 Petrus
1458 639 1555 690 autem
1574 637 1658 707 prius
1672 637 1774 709 intrat,

46 723 360 794 tumuitaspiritualiS,
370 721 884 794 terrapromissionisvitacoelestis.
942 725 1045 794 postea
1060 722 1230 778 linteamina
1241 723 1397 794 conspicit,
1413 724 1482 795 quia
1499 723 1633 780 Ecclesia
1644 726 1778 799 gentium

47 813 288 885 AEgyptuscaro,
298 811 583 881 desertumanimus,
592 811 886 881 tenupromissionis
942 826 1002 866 non
1016 827 1070 882 per
1082 811 1241 882 prophetas
1257 811 1294 865 ad
1309 812 1397 866 tidem
1410 811 1535 882 ChristI,
1553 813 1607 868 sed
1622 828 1676 885 per
1690 814 1780 872 tidem

49 903 141 958 Deus.
159 901 311 973 AEgyptus
323 900 454 968 iericho,
471 901 623 955 descitum
633 898 793 969 stabulum,
808 901 887 953 terra
943 899 1055 955 Christi
1069 901 1105 954 ad
1121 899 1345 972 intelligentiam
1356 900 1566 972 prophetarum
1580 902 1724 973 pervenit.

47 989 260 1063 promissionis
275 988 451 1043 lerusslem.
468 988 620 1060 AEgpptus
631 987 770 1057 mundus,
782 987 888 1043 deser·
984 992 1057 1045 Haec
1072 988 1173 1058 irater,
1189 989 1321 1044 breviter
1334 988 1487 1058 explanata
1512 989 1549 1043 ad
1567 1005 1704 1060 praeseus
1724 991 1779 1048 tibi

48 1083 113 1135 tum
135 1077 285 1147 Ecclesia,
305 1080 384 1132 terra
403 1077 614 1147 promissionis
635 1077 696 1130 vita
715 1078 835 1131 aeterna.
856 1075 889 1131 ln
918 1064 922 1071 ’
945 1083 1085 1141 sufficere
1101 1077 1269 1147 crederem,
1286 1076 1346 1130 nisi
1360 1076 1439 1131 aliud
1454 1076 1565 1149 aliquid
1583 1077 1680 1134 adhuc
1699 1078 1780 1152 quod

50 1167 187 1239 AEgypto
211 1166 361 1222 servimus
385 1165 546 1235 Pharaoni,
570 1165 600 1219 id
620 1167 666 1220 est
688 1165 822 1234 diabolo,
839 1163 891 1236 qui
944 1173 981 1228 ad
997 1166 1236 1227 reformationem
1250 1180 1366 1220 morum
1381 1165 1525 1235 pertineat
1544 1181 1680 1237 querere
1699 1170 1730 1224 te
1749 1168 1780 1225 in

52 1256 176 1311 Plrarao
184 1255 402 1326 interpretatur,
419 1268 534 1326 negans
545 1268 612 1309 eum
623 1253 738 1308 scilicet
753 1255 781 1308 et
796 1252 892 1307 Domi·
945 1260 1038 1332 hujus
1048 1256 1116 1313 lacti
1128 1255 1223 1327 ligura
1231 1268 1290 1311 nou
1301 1253 1476 1324 dubitarem,
1488 1254 1614 1310 maxime
1625 1255 1694 1327 quis
1704 1271 1781 1328 opus

51 1361 137 1413 num,
160 1344 211 1415 qui
229 1343 321 1399 dixit:
345 1343 500 1398 Dominm
521 1358 579 1398 non
598 1343 736 1415 oopnorit
750 1348 781 1398 et
795 1340 895 1397 Israel
946 1349 1000 1405 tibi
1019 1362 1078 1403 non
1095 1345 1190 1400 iuerat
1203 1342 1279 1397 hanc
1302 1341 1519 1412 expositionem
1540 1359 1558 1396 a
1580 1358 1628 1398 me
1646 1359 1782 1416 quaerere

52 1448 110 1488 nou
121 1432 269 1487 dimittam
284 1431 394 1499 (Exul.
406 1431 447 1502 ν).
459 1431 536 1486 Huic
546 1430 696 1486 servimus
706 1431 737 1485 in
747 1430 891 1503 stimplo,
947 1453 1036 1512 quam
1050 1436 1170 1507 poteras
1185 1433 1251 1486 sine
1265 1445 1330 1485 mea
1342 1430 1474 1486 doctrina
1484 1431 1515 1486 in
1525 1430 1783 1502 explanationibus

51 1524 83 1577 iu
98 1523 161 1577 luto
176 1524 205 1576 et
220 1522 313 1592 pelea.
330 1522 437 1576 Lutum
452 1524 499 1577 est
518 1520 760 1592 concupiscentia
779 1522 890 1575 carnis.
947 1527 1066 1582 Petrum
1077 1520 1147 1577 alibi
1162 1518 1498 1575 sufficienterinvenire.
1514 1519 1617 1575 Dicam
1631 1534 1705 1594 ergo
1713 1521 1784 1594 quid

52 1610 142 1666 Palea
156 1615 203 1666 cst
217 1626 322 1681 pompa
338 1610 505 1665 saecularis.
527 1609 579 1665 llla
603 1625 657 1681 per
678 1609 893 1665 immunditiam
948 1614 1020 1670 mihi
1034 1614 1065 1669 in
1080 1612 1137 1666 hoc
1151 1608 1230 1664 iacto
1250 1607 1401 1663 moraliter
1421 1607 1543 1680 {igurari
1568 1608 1695 1666 videtur.
1720 1610 1784 1667 Duo

52 1700 198 1772 inquinat.
216 1700 287 1754 iimo
303 1715 356 1770 per
376 1698 599 1754 mutabilitatem
623 1701 651 1753 et
672 1697 893 1753 instabilitatem
950 1702 999 1758 isti
1007 1696 1317 1768 electidiscipuli,qui,
1325 1696 1648 1754 auditaresurrectionc
1658 1697 1786 1769 nomini,

53 1788 228 1845 transvolat.
245 1787 405 1858 Propterea
421 1790 564 1842 exeuntes
580 1787 617 1841 ab
633 1786 780 1859 AEgrpto,
797 1789 826 1841 et
840 1800 894 1857 per
951 1790 1039 1847 simul
1055 1789 1092 1844 ad
1106 1789 1329 1843 monumentum
1339 1788 1472 1857 currunt,
1489 1785 1612 1841 sednon
1622 1787 1787 1860 simulper·

53 1892 137 1933 mare
163 1877 312 1947 Rubrum,
337 1876 367 1930 id
392 1879 438 1930 est
456 1876 601 1949 baptismo
622 1876 769 1948 sanguine
783 1874 894 1930 Christi
949 1872 1674 1947 veniuntduasanimaeaffcctionesmihitlgurare
1687 1876 1788 1934 uiden·

54 1966 254 2034 rubricatum,
277 1966 314 2019 ad
336 1964 500 2020 libertatem
523 1964 691 2033 transituri,
721 1964 895 2020 abdicamus
949 1972 1014 2039 tur,
1038 1965 1220 2022 desiderium
1241 1961 1379 2017 videlicet
1398 1964 1427 2017 et
1441 1962 1610 2035 consilium,
1626 1963 1702 2019 Nam
1716 1964 1788 2038 quid

56 2055 214 2111 servitium
237 2054 418 2120 Pharaonis,
442 2053 685 2109 abrenuntiantes
709 2052 842 2124 diabolo,
867 2056 896 2108 et
950 2061 997 2113 est
1019 2055 1099 2110 aliud
1121 2052 1200 2125 quod
1224 2050 1364 2122 discipuli
1387 2051 1486 2106 audita
1509 2053 1729 2108 resurrectione
1751 2052 1788 2108 ad

56 2144 197 2200 omnibus
222 2143 364 2215 operibus
379 2141 464 2214 ejus,
486 2146 515 2197 et
529 2143 668 2197 omnibus
683 2143 800 2214 pompis
816 2142 895 2214 ejus.
950 2145 1172 2201 monumentum
1187 2142 1317 2206 currunt,
1335 2139 1394 2193 uisi
1409 2139 1489 2210 quod
1503 2140 1620 2196 animos
1636 2156 1703 2197 cum
1719 2141 1787 2215 glo·

57 2232 91 2288 ln
104 2232 166 2288 luto
181 2232 333 2303 operibus,
349 2234 378 2287 et
393 2232 424 2286 iu
438 2231 521 2302 palea
535 2233 662 2303 pompis.
690 2231 841 2287 Exeuntes
860 2230 897 2286 ab
951 2236 1025 2290 riam
1037 2229 1267 2288 resurrectionis
1277 2228 1790 2302 audit,imitaripassiouemsppetiti

57 2322 192 2394 AEgypto
216 2322 247 2375 in
272 2321 422 2375 desertum
444 2321 640 2392 relinquimus
665 2316 755 2388 mali,
785 2324 817 2376 ut
837 2336 898 2376 nou
954 2324 990 2378 Et
1004 2321 1076 2394 quid
1091 2322 1147 2390 est,
1165 2317 1244 2390 quod
1264 2317 1313 2371 ille
1328 2317 1403 2372 alter
1416 2317 1582 2389 discipulus
1596 2319 1792 2389 praecuourrit

58 2411 294 2466 consentiamus.
321 2408 472 2464 Exeuntes
486 2425 503 2463 a
518 2409 638 2465 deserto
654 2410 684 2465 iu
703 2412 812 2464 terram
826 2425 898 2481 pro-
954 2413 1042 2467 citius
1056 2409 1152 2480 Petro,
1169 2407 1228 2462 uisi
1242 2406 1321 2478 quod
1340 2419 1441 2461 amore
1462 2405 1626 2462 Salvatoris
1649 2408 1791 2465 succensi

59 2499 215 2554 missionis
240 2498 409 2567 evadimus,
433 2498 509 2552 mala
532 2502 565 2552 ut
588 2514 647 2553 non
668 2499 842 2554 sentiamus.
865 2498 898 2553 ln
954 2500 1022 2573 plus
1036 2515 1090 2572 per
1104 2497 1285 2552 desiderium
1297 2495 1443 2566 cupimus,
1461 2510 1550 2566 quam
1563 2512 1617 2567 per
1632 2496 1793 2552 consilium

61 2588 195 2661 AEgppto
210 2590 257 2643 est
271 2602 370 2660 pugna
386 2588 452 2643 sine
466 2588 604 2658 victoria,
622 2586 670 2642 vel
686 2587 817 2642 servitus
833 2588 898 2643 sine
953 2588 1190 2662 praesumamus?
1206 2585 1364 2641 Praecurrit
1374 2600 1447 2657 ergo
1458 2585 1640 2641 desiderium
1648 2587 1792 2643 rationem

59 2693 170 2751 pugna.
188 2677 221 2732 ln
232 2677 351 2732 deserto
367 2680 413 2731 est
427 2692 526 2749 pugna
541 2677 607 2731 sine
620 2677 755 2748 victoria,
771 2677 818 2732 vel
833 2677 898 2731 vic·
954 2678 1082 2748 consilii,
1098 2677 1167 2750 quio
1182 2675 1233 2748 qui
1248 2674 1346 2730 omnia
1360 2689 1415 2745 per
1438 2672 1610 2730 charitatem
1628 2675 1719 2732 vellet
1737 2690 1810 2748 pro‘

60 2765 220 2821 toriacum
238 2781 348 2838 pugna.
373 2765 405 2818 ln
427 2768 505 2820 terra
529 2765 740 2836 promissionis
764 2766 899 2821 estsine
954 2783 1055 2823 amors
1078 2763 1286 2835 Redemptoris
1311 2763 1424 2834 perpeti
1448 2779 1502 2834 per
1524 2763 1793 2822 considerationem

62 2870 163 2928 pugna
174 2854 306 2909 victoria.
324 2854 356 2909 ln
367 2853 500 2926 AEgppto
511 2857 581 2909 suut
591 2854 802 2910 delectationes
814 2855 899 2910 malm
954 2856 1133 2912 infirmitatis
1147 2868 1212 2909 sum
1227 2851 1444 2924 quodammodo
1461 2852 1602 2925 tardatur,
1619 2857 1651 2908 ut
1664 2870 1724 2911 nou
1737 2869 1792 2911 au·

61 2943 206 3013 etmultra,
215 2947 377 2999 nontamen
388 2943 472 2998 solas.
483 2944 515 2998 ln
526 2943 644 2998 deserto
656 2943 900 2999 suntdeleotatio·
956 2947 1022 3002 deat
1036 2949 1146 3001 temere
1161 2943 1197 2998 de
1214 2941 1278 2997 suis
1288 2941 1404 2995 viribus
1414 2941 1547 3013 gloriari.
1560 2941 1650 2998 Prius
1659 2958 1794 3016 ergopcr

60 3032 901 3104 uesbonaeetpaucae,nontamennullae.lnterrspromis·
917 3035 1139 3113 cdesiderium
1159 3032 1196 3087 ad
1219 3034 1440 3085 monumentum
1463 3030 1617 3101 uenimus,
1640 3032 1695 3087 sed
1715 3033 1793 3090 visis

62 3121 464 3192 sionissuntdclectaticnes,
477 3121 608 3193 albense,
619 3122 765 3193 etmultae,
777 3122 897 3178 etsolea.
957 3122 1179 3179 linteaminibus
1193 3123 1261 3175 ante
1276 3117 1433 3174 consilium
1452 3119 1545 3174 intare
1560 3135 1619 3175 nou
1634 3121 1793 3191 praesumi·

61 3210 125 3266 Trr.
144 3210 245 3266 thvl.
266 3211 311 3266 De
334 3210 448 3266 dnobus
471 3211 629 3283 discipulis
652 3211 846 3267 currentibus
864 3211 903 3266 ad
958 3229 1037 3284 mus,
1053 3211 1122 3283 quia
1130 3210 1199 3265 licet
1209 3223 1294 3263 mens
1306 3210 1407 3263 nostra
1418 3222 1452 3263 se
1462 3223 1516 3279 per
1526 3209 1698 3266 charitatem
1706 3224 1795 3283 spou-

120 3306 337 3357 monumentum
352 3301 473 3355 Domini
487 3304 644 3372 responsio
660 3300 843 3373 epistolaris.
956 3305 1073 3357 teneam
1093 3300 1130 3355 ad
1154 3297 1313 3370 passiones
1333 3294 1451 3367 offerat,
1480 3297 1668 3355 considerata
1694 3302 1794 3358 tamen

99 3389 216 3456 Quaeris
232 3390 303 3462 quid
318 3389 636 3462 siguitlcetilludquod
647 3391 791 3461 scriptum
805 3393 853 3445 est
867 3391 904 3449 de
957 3389 1128 3445 dilticultatc
1148 3386 1319 3444 earumdem
1333 3385 1523 3459 passionum,
1545 3390 1686 3459 quantum
1699 3388 1795 3462 impar

63 3479 183 3535 duobus
207 3479 364 3550 discipulis
393 3479 583 3534 currentibus
607 3479 645 3534 ad
664 3481 902 3552 monumentum,
955 3474 1441 3536 situostraiullrmitasadillarum
1450 3476 1635 3533 tolerantiam
1644 3477 1792 3536 videmus.

64 3568 180 3624 toonne
190 3571 220 3623 et
229 3568 328 3639 Petro,
338 3568 477 3623 videlicet
487 3568 566 3640 quod
580 3568 631 3640 qui
641 3567 725 3639 prius
735 3568 826 3639 uenit,
838 3583 905 3641 pos·
957 3569 1020 3625 Hoc
1045 3571 1092 3624 est
1113 3567 1194 3623 euim
1217 3564 1434 3637 quodammodo
1461 3565 1537 3621 visis
1569 3565 1792 3624 linteaminibus

63 3657 159 3712 terius
173 3656 302 3726 intravit,
316 3656 466 3728 Scriptum
478 3660 525 3711 est
540 3657 635 3712 enirn:
657 3657 828 3713 Currebant
847 3658 905 3714 duo
956 3658 1124 3714 subsistere
1134 3655 1210 3711 visis
1221 3653 1446 3710 difficultatibus
1454 3655 1640 3727 passionum,
1651 3657 1796 3728 imparem

63 3745 170 3815 simul;
191 3751 221 3802 et
240 3745 294 3801 ille
309 3745 386 3800 alius
407 3745 572 3818 discipulus
591 3747 792 3818 precucurrit
814 3747 905 3802 citius
956 3762 990 3803 ss
1005 3746 1042 3801 ad
1056 3762 1108 3802 eas
1124 3743 1317 3801 sustinendas
1330 3742 1477 3815 judicare.
1489 3744 1549 3800 Sed
1559 3748 1717 3817 postquam
1726 3760 1795 3803 con·

64 3833 160 3890 Petro
175 3839 205 3889 et
224 3835 305 3890 venit
318 3835 405 3906 prior
418 3835 456 3889 ed
475 3840 708 3906 monumentum,
733 3841 763 3891 et
785 3851 849 3891 curn
870 3852 905 3893 se
956 3836 1057 3892 silium
1071 3834 1223 3907 posterius
1239 3833 1363 3888 veniens
1378 3832 1462 3904 prius
1481 3833 1650 3906 intraverit,
1674 3837 1746 3890 tunc
1765 3836 1795 3892 et

64 3923 252 3990 inclinasset,
274 3923 349 3978 vidit
363 3923 537 3979 linteamina
549 3925 657 3996 posita,
676 3930 843 3981 nontamen
858 3926 906 3980 in·
957 3925 1138 3981 desiderium
1147 3923 1291 3995 sequitur,
1303 3921 1630 3993 quiapostquammens
1638 3921 1793 3996 deliberat,

66 4012 128 4068 troi
133 4013 174 4067 rit
182 4012 278 4080 (Joan.
288 4012 351 4083 xx).
362 4011 449 4068 Venit
459 4027 532 4085 ergo
544 4013 645 4068 Simon
656 4012 763 4069 Petrus
774 4028 906 4085 sequeus
957 4014 988 4069 in
998 4014 1049 4069 illo
1059 4011 1268 4068 confidendum
1283 4024 1369 4080 esse,
1386 4009 1437 4081 qui
1446 4011 1529 4081 prior
1537 4011 1619 4083 vicit,
1632 4015 1702 4069 tunc
1711 4027 1796 4069 amor

65 4116 145 4171 eum,
157 4101 606 4172 etintroivitinmonumentum,
616 4104 645 4157 et
655 4102 728 4156 vidit
738 4102 907 4161 linteamina
956 4104 989 4157 in
1003 4102 1141 4158 omnibus
1152 4116 1206 4173 per
1213 4115 1297 4172 spem
1308 4099 1400 4154 divini
1414 4099 1554 4172 adiutorii
1563 4102 1600 4156 ad
1610 4100 1795 4159 tolerantiam

66 4190 175 4261 posita,
191 4193 220 4245 et
234 4190 397 4246 sudarium.
413 4191 493 4262 quod
508 4191 603 4247 iuerat
619 4206 710 4262 super
725 4195 813 4263 caput
827 4191 905 4264 ejus,
958 4192 1118 4262 animatur,
1132 4189 1253 4264 jamque
1268 4188 1433 4260 intrepidus
1454 4194 1676 4247 mouumentum
1691 4192 1795 4265 ingre-

66 4295 127 4335 uon
142 4295 210 4335 eum
226 4278 449 4335 linteaminibus
463 4281 608 4352 positum,
626 4281 680 4335 sed
694 4283 852 4352 separatim
867 4282 908 4338 in·
958 4281 1046 4350 ditur,
1064 4280 1132 4353 quia
1147 4279 1237 4333 vitam
1255 4280 1434 4350 praesentem
1448 4278 1575 4334 libenter
1594 4295 1648 4351 pro
1669 4295 1704 4336 eo
1724 4281 1796 4336 des·

66 4368 200 4423 volutum
215 4370 245 4423 in
260 4385 351 4424 unum
367 4368 474 4424 locum.
492 4369 575 4424 Tunc
590 4385 663 4442 ergo
679 4370 810 4426 introivit
820 4371 907 4428 etille
958 4370 1083 4441 piciens,
1099 4370 1180 4423 tanto
1195 4383 1229 4423 se
1243 4367 1281 4422 ad
1291 4366 1509 4423 mortemoliert
1524 4369 1667 4440 paratius,
1684 4371 1795 4441 quanto

68 4456 246 4528 discipulus,
259 4458 310 4530 qui
324 4462 445 4513 venerat
457 4459 540 4529 prior
549 4459 585 4513 ud
601 4462 833 4516 monumentum.
849 4461 907 4517 Po·
960 4459 1071 4514 certius
1092 4457 1194 4512 didicit
1216 4472 1269 4528 par
1290 4456 1541 4511 resurrectionem
1564 4457 1613 4513 sui
1627 4457 1733 4530 capitis
1751 4457 1796 4513 iu·

67 4547 128 4602 test
138 4561 212 4619 ergo
223 4547 436 4602 convenienter
443 4548 655 4619 perloannem,
668 4551 718 4621 qui
727 4550 809 4621 prior
815 4553 906 4624 venit,
960 4563 1101 4621 gressum
1114 4547 1183 4601 vitae
1199 4561 1269 4601 esse
1286 4549 1410 4600 mortem
1424 4545 1536 4600 earnis.

66 4635 352 4706 posteriorintravit,
361 4636 600 4708 synagoga;per
610 4638 728 4694 Petrum
738 4643 845 4711 autem,
857 4642 947 4736 quiD
997 4654 1081 4721 Quod
1104 4658 1201 4709 autom
1225 4652 1359 4725 ingressi
1382 4653 1618 4722 monumentum,
1643 4651 1797 4708 sudarium

67 4724 219 4799 P0Sl0¹l⁰⁸
239 4725 336 4795 vessit,
362 4725 414 4780 Sed
436 4726 519 4795 Plius
536 4726 665 4798 immitit,
681 4727 817 4783 Esstlesifl
830 4745 907 4801 gen·
962 4745 1042 4816 quod
1052 4747 1114 4799 erat
1124 4758 1216 4813 super
1226 4742 1313 4812 caput
1322 4739 1405 4811 lesu,
1421 4740 1565 4795 acaetcris
1576 4740 1797 4799 linteaminibus

67 4812 140 4866 cum
151 4813 313 4899 designari,
330 4814 399 4884 qun
410 4818 438 4868 o
453 4814 502 4869 rna
516 4815 600 4885 rrius
610 4816 641 4871 1'11
651 4816 718 4890 lese
733 4820 907 4889 musterium
963 4828 1799 4905 supranominatum,qmcorrorsrgnruen,nmqood

68 4900 281 4957 incarnationis
297 4918 331 4958 ac
346 4903 499 4973 passionis
516 4904 677 4962 Dominicis
701 4909 830 4980 accepit,
853 4909 907 4964 sed
963 4938 1030 4993 110⁸,
1046 4922 1096 4993 qui
1111 4922 1284 4992 peccatores
1298 4934 1419 4991 snmus,
1442 4919 1470 4973 si
1492 4918 1579 4975 etiam
1600 4923 1725 4978 mortem
1744 4937 1798 4995 pro

68 4991 98 5046 in
109 4993 256 5047 mortuum
268 4991 390 5047 credere
402 4993 513 5048 noluit:
531 4998 560 5048 et
574 4995 630 5049 ista
644 4997 796 5066 posterius
804 5002 907 5054 secuta
963 5010 1031 5082 ejus
1046 5025 1145 5065 amoro
1165 5008 1298 5063 valemus
1321 5007 1450 5079 perpeti,
1470 5009 1683 5080 cognoscimus
1700 5015 1799 5069 tamen

67 5078 262 5135 Μθᾶῑῢῑθΐθῐῦ
283 5080 336 5135 ὓθί
361 5085 390 5136 el
414 5081 580 5153 hminum,
604 5088 633 5138 ⁸²
656 5087 797 5158 ⁰⁰8¹¹⁰V52
818 5103 907 5143 ΜΘ
963 5099 1043 5172 quod
1059 5102 1160 5155 nostra
1175 5113 1257 5152 mors
1272 5096 1508 5168 mortiejusuon
1521 5097 1600 5153 ualet
1613 5099 1704 5172 digne
1718 5115 1799 5157 coca·

67 5171 217 5224 manuum
232 5172 260 5225 et
274 5170 424 5226 virentem
440 5172 566 5226 credidit
580 5172 683 5228 Deum.
709 5175 789 5231 Bene
810 5180 907 5232 autem
963 5188 1058 5262 quari,
1075 5187 1125 5260 qui
1141 5187 1207 5243 sins
1221 5188 1343 5259 peccato
1358 5200 1468 5258 passus
1483 5187 1549 5242 est?
1572 5187 1636 5246 Hoc
1657 5187 1799 5260 paschale

66 5261 226 5330 postquam
249 5258 356 5315 Petrus
380 5261 554 5333 intraverat,
579 5264 649 5316 tunc
668 5263 755 5318 etiam
776 5264 907 5322 loannes
963 5277 1125 5348 forculum,
1143 5275 1235 5333 frater
1249 5275 1441 5346 charissime,
1458 5275 1585 5332 missum
1600 5277 1654 5333 tibi
1668 5278 1799 5351 benigue

67 5346 199 5403 intrasse
214 5347 332 5419 dicitur,
349 5350 418 5421 quia
429 5365 496 5405 oum
504 5349 659 5421 plenitudo
672 5353 805 5423 pontium
816 5354 909 5411 iutra·
964 5367 1096 5439 suscipe,
1113 5368 1142 5423 pt
1157 5381 1208 5422 οη
1221 5380 1275 5437 pm
1290 5379 1337 5420 mo
1351 5364 1587 5422 miseriqordiam
1602 5365 1719 5422 Domini
1728 5382 1801 5439 quq.

71 5435 152 5493 uerit
167 5436 261 5507 (Rom.
274 5439 337 5510 xn),
353 5441 423 5495 tunc
434 5442 463 5495 et
476 5437 580 5496 ludica
594 5438 625 5495 in
639 5440 776 5514 reliquiis
791 5443 856 5499 suis
871 5444 908 5501 ad
964 5454 1128 5528 tonusejus
1141 5454 1237 5531 gratia
1250 5454 1396 5532 largiente
1411 5453 1442 5512 iu
1451 5454 1499 5512 his
1508 5453 1702 5530 paschalibus
1711 5454 1800 5516 rosus

67 5523 159 5583 tidem
181 5525 347 5601 colligetur.
371 5528 458 5585 Prius
483 5543 557 5603 erge
579 5528 711 5588 loannes
739 5531 909 5591 linteamina
964 5547 1051 5604 vetus
1072 5545 1104 5603 in
1127 5560 1174 5605 mo
1196 5544 1285 5606 homo
1306 5544 1459 5620 moriatur,
1487 5549 1517 5604 et
1533 5561 1630 5606 novus
1650 5550 1799 5627 resurgat.

67 5613 144 5675 vidit
157 5618 264 5693 postea
277 5617 411 5695 intravit,
436 5618 506 5697 quia
527 5618 687 5700 sinagoga
704 5623 806 5700 prius,
831 5623 910 5683 sieut
965 5635 1072 5697 Amen,
