3796 6022
146 264 207 328 579

525 262 745 327 APPENDIX
765 261 824 326 Ab
846 263 1038 328 HUGONIS
1061 264 1206 328 OPERA
1229 264 1495 328 DOGMATICA.

1749 280 1757 293 '
1819 266 1871 330 580

148 463 243 519 randi.
261 464 293 517 ln
308 463 357 517 liis
372 461 510 516 omnibus
523 461 674 516 Christum
689 463 853 518 secuudum
866 480 985 519 carnem
1000 445 1028 505 Α
1043 464 1134 535 clepit
1145 464 1225 519 Deus
1233 464 1263 533 (I
1270 464 1338 519 Cor.
1351 473 1381 525 rt.
1392 464 1449 520 Pro
1458 467 1627 536 contemptu
1635 464 1715 519 euim
1734 463 1870 520 habeatur
1892 502 1896 531 ,

151 554 306 619 novimas,
332 550 448 621 quando
465 565 565 603 reram
580 550 789 606 humanitatem
816 556 845 607 et
869 552 898 606 iu
915 569 985 607 vera
1042 568 1142 607 canes.
1163 552 1246 607 Unde
1262 552 1348 607 dicit:
1365 553 1432 609 Nou
1447 560 1493 607 est
1508 553 1614 607 bonmn
1639 569 1761 608 suurere
1772 568 1867 625 panem
1893 544 1896 549 ’

151 642 330 696 humanitate
361 654 460 691 veram
498 641 624 709 portavit
655 641 868 695 mortalitatem.
899 642 985 696 lt'enc

1044 640 1169 694 filiorum
1186 647 1214 696 et
1230 641 1353 695 urittcre
1368 641 1492 695 curribus
1506 642 1622 711 (Mallia,
1641 646 1703 713 xv).

151 735 247 783 autern
257 728 321 799 jain
337 727 496 781 seeundum
506 744 625 782 caruem
638 745 693 783 riou
712 731 848 784 norimus
858 729 902 798 (ll
916 731 982 785 Cor.
1043 730 1104 783 Tra.
1121 729 1296 784 ccxxxii.
1312 730 1387 795 Quid
1398 731 1530 803 estquod
1544 731 1693 802 quieverit
1710 736 1794 785 terra
1806 748 1865 803 qua·
1891 732 1895 801 ᾗ

88 806 91 811 ’
149 819 188 887 v),
199 821 355 887 postquam
367 831 532 887 resurqeus
543 833 559 870 a
570 817 763 888 urortuisjanr
773 820 965 873 uenenorum
976 839 984 880 ,·

149 922 229 961 mers
245 905 291 960 illi
305 905 382 958 ultra
399 921 455 959 uon
475 905 685 971 doruiuabitur,
707 907 782 978 qued
798 909 876 961 enim
898 909 927 961 ri
933 910 982 973 rit,

152 997 180 1051 ri
186 996 235 1061 vit,
250 995 312 1049 Deo
326 994 421 1062 (Item.
437 993 488 1063 vil.

149 1121 211 1176 Trr.
221 1118 382 1173 CLXXXI.
391 1117 572 1189 stipaterium
585 1118 621 1173 de
634 1120 985 1190 muncroprocedeutium

360 1189 397 1242 ad
408 1205 535 1259 pequam
550 1206 612 1243 caui
626 1190 774 1244 Gedeoue.

183 1315 224 1370 Et
234 1314 331 1369 tectus
346 1318 392 1366 cst
404 1330 544 1367 rrurnerus
555 1330 654 1367 eorum
665 1314 716 1385 qui
727 1313 915 1368 Iurrrbueruut
928 1314 983 1369 lin·

148 1420 268 1479 quasua
289 1402 418 1456 trecenti
442 1402 501 1455 riri
521 1402 709 1471 (dedicari).
733 1402 868 1473 Plerique
890 1402 983 1457 latini

149 1493 269 1548 codices
281 1507 339 1545 nou
351 1490 459 1544 habent
470 1507 556 1543 rurum
570 1508 631 1553 sira,
645 1491 698 1545 sed
714 1492 913 1546 tantummodo
931 1491 985 1546 Iiu-

147 1578 983 1657 quasua,quoniamsicintellexeruntquodsupradictum

150 1673 204 1735 est,
220 1667 632 1724 sicutcaucsGraecusautem
642 1669 985 1739 utrumquelrabetmauu

150 1938 208 1993 bus
224 1936 394 1991 bibentibus
414 1935 464 2006 qui
488 1951 547 1989 nou
572 1951 622 1989 ore
638 1937 773 2006 apposito
789 1937 866 1989 sicat
890 1937 983 1991 bores

151 2042 257 2098 aquam
273 2025 422 2079 adducunt
441 2040 528 2095 quam
550 2024 668 2093 bibunt,
696 2025 749 2079 sed
774 2025 875 2097 lingua
898 2026 927 2079 iu
950 2042 983 2080 os

151 2115 277 2186 rapiunt,
291 2114 368 2169 sicut
377 2113 463 2167 etiam
475 2113 524 2166 isti
535 2112 645 2167 fecisse
655 2114 868 2186 intelligunt-ur,
887 2117 917 2168 ut
928 2116 984 2168 sci·

151 2205 220 2260 licet
235 2219 321 2257 uranu
338 2218 444 2274 aquam
459 2203 488 2255 iu
505 2218 539 2256 os
556 2203 749 2274 projicerent,
774 2220 861 2274 quam
884 2203 984 2275 lingua

152 2293 333 2365 exciperent.
344 2291 418 2345 Nam
430 2294 458 2345 ct
468 2291 668 2361 interpretatio
679 2308 715 2344 ex
728 2291 854 2346 Hebraeo
864 2292 981 2363 planius

153 2383 243 2440 babet
259 2381 305 2436 his
321 2381 423 2435 verbis
442 2396 447 2435 :
466 2380 534 2434 Fuit
545 2381 645 2452 itaque
655 2397 795 2434 rrruucrus
811 2397 909 2435 cerum
925 2383 983 2453 qui,

152 2489 239 2529 ruarru
253 2472 284 2524 iu
295 2487 328 2524 os
335 2470 525 2542 projiciente,
539 2486 639 2541 equmn
649 2469 843 2534 increbuerunt,
858 2471 986 2545 trecenti

157 2562 225 2618 riri.
243 2561 346 2631 Neque
362 2560 440 2613 enim
454 2558 551 2612 solent
562 2559 744 2612 bominesita
756 2556 858 2612 bibere
867 2563 907 2628 ut,
920 2559 985 2614 siue

155 2667 244 2723 opere
260 2665 383 2719 manus,
399 2648 500 2719 lingua
516 2647 593 2701 sicut
609 2663 698 2701 canes
714 2664 819 2718 aquam
839 2647 983 2702 hauriant.

151 2743 190 2798 At
205 2755 275 2795 vero
290 2739 357 2793 istis
372 2739 553 2807 praeceptum
569 2740 631 2790 erat
647 2740 678 2789 ut
694 2736 750 2790 hoc
766 2736 911 2806 lacerent,
931 2739 984 2791 sed

152 2846 220 2886 curu
235 2830 270 2884 ad
287 2827 447 2883 bibendum
472 2825 700 2879 descendissent
715 2826 751 2878 ad
767 2841 882 2896 aquam,
905 2827 985 2881 multi

151 2919 309 2993 genuflexo
326 2917 463 2970 biberunt
481 2930 487 2969 :
505 2914 583 2985 quod
599 2913 985 2971 faciliuscturiaorelabore

1132 801 1271 872 draqinta
1283 802 1371 854 erraris
1376 807 1442 873 pos!
1452 806 1601 872 peccatum
1614 800 1774 856 Gedeonis.

1080 889 1146 942 Non
1161 888 1363 960 praemittenda
1379 889 1496 944 ridetur
1511 888 1637 960 quaestio
1648 887 1797 960 quomodo
1810 891 1864 960 qai-

1044 978 1136 1032 everit
1151 980 1229 1031 terra
1244 976 1439 1048 quadraginta
1454 978 1540 1031 annis
1556 979 1624 1047 post
1647 980 1802 1047 peccatam
1815 977 1864 1031 Ge-

1043 1065 1147 1121 deonis
1162 1064 1270 1135 (dedic.
1288 1072 1359 1136 rur),
1376 1080 1443 1119 cum
1452 1070 1520 1134 post
1533 1064 1686 1119 victoriam
1702 1079 1761 1134 qua
1775 1064 1865 1119 libera·

1043 1155 1085 1207 vit
1100 1153 1245 1208 Hebraeos
1257 1169 1374 1208 exauro
1390 1154 1553 1223 spoliorum
1569 1152 1672 1208 lecerit
1687 1153 1865 1208 abominatio·

1043 1257 1125 1310 nem3
1135 1246 1163 1296 ct
1174 1247 1241 1312 post
1253 1242 1331 1295 illam
1343 1242 1505 1297 fornicatus
1522 1241 1609 1297 luerit
1624 1242 1721 1296 omnis
1733 1241 1833 1309 lsrael,
1843 1247 1864 1295 et

1043 1329 1132 1384 tuerit
1141 1329 1181 1383 illi
1192 1334 1220 1384 et
1232 1329 1405 1401 douiuiejus
1413 1331 1444 1384 iu
1453 1330 1634 1385 scandalum.
1642 1329 1794 1394 Quomodo
1803 1345 1865 1401 ergo
1891 1376 1894 1383 .

1042 1419 1181 1489 posthoc
1197 1422 1307 1472 tautum
1323 1419 1406 1473 nesus
1423 1420 1502 1490 quod
1519 1422 1548 1473 et
1562 1418 1681 1474 Gedeon
1705 1423 1733 1473 et
1748 1419 1865 1489 populus

1044 1507 1200 1575 commisit,
1218 1507 1363 1577 requievit
1378 1510 1456 1561 terra
1471 1508 1666 1579 quadraginta
1691 1508 1790 1578 anuis,
1810 1523 1865 1561 cum

1043 1594 1100 1649 hoc
1114 1595 1265 1666 Scriptura
1277 1595 1370 1650 soleat
1380 1596 1547 1664 ostendere,
1560 1612 1626 1650 eum
1640 1612 1656 1649 a
1671 1596 1796 1650 Domino
1813 1596 1863 1649 Dee
1890 1612 1894 1637 ¹

1042 1684 1170 1755 populus
1187 1685 1392 1753 fornicaretur,
1408 1690 1478 1740 tunc
1489 1686 1588 1755 potius
1603 1700 1707 1755 pacem
1721 1684 1790 1740 illos
1805 1701 1864 1755 per·
1891 1708 1894 1761 ;

149 1776 202 1815 Stffl
213 1757 686 1830 etlinptldstld‚ntsiintelligtliur
696 1758 983 1829 quotlmfllltlthtlssm
1042 1774 1122 1840 depe,
1148 1789 1205 1827 non
1231 1774 1394 1844 aequipero,
1420 1778 1448 1828 gt
1463 1774 1601 1828 hostibus
1624 1773 1794 1846 subjugari,
1816 1790 1864 1827 non

150 1854 263 1920 raptam
279 1849 309 1900 5¹¹
324 1862 358 1900 0⁸
373 1845 586 1916 Pl0li⁰i0bss¹¹i3
603 1849 631 1900 θῐ
646 1847 701 1901 ¹¹0⁰
718 1851 781 1901 0¹⁸¹st
796 1847 891 1901 Simile
909 1849 984 1900 timi·
1002 1824 1026 1885 Β
1043 1863 1080 1916 ab
1097 1863 1422 1917 hostinminlestatione
1438 1864 1567 1917 muniri?
1579 1862 1637 1918 Sed
1651 1862 1863 1935 intelligendum

1042 1959 1088 2005 est
1103 1954 1180 2005 sicut
1195 1952 1270 2005 solet
1286 1952 1447 2022 Scriptura,
1463 1969 1516 2022 per
1527 1953 1698 2022 prolepsim,
1723 1951 1809 2007 idest
1821 1967 1864 2022 per

1042 2041 1265 2110 occupationem
1274 2041 1388 2095 dixisse
1400 2042 1479 2112 quod
1488 2042 1592 2095 lecerit
1602 2040 1700 2111 ephod
1709 2043 1810 2098 eontm
1819 2041 1863 2094 Dei

1042 2129 1138 2201 legem
1154 2129 1274 2184 Gedeon
1290 2145 1328 2185 ex
1343 2129 1392 2184 illo
1408 2146 1480 2185 auro
1490 2130 1569 2201 quod
1580 2129 1865 2185 luerathostibusdc-
1893 2184 1896 2223 Ι

1043 2219 1129 2273 vietis
1144 2219 1283 2286 ablatum,
1299 2219 1367 2289 quia
1380 2235 1437 2274 uuo
1452 2219 1518 2274 loco
1530 2219 1630 2274 dicere
1646 2219 1740 2275 voluit
1754 2223 1783 2274 et
1798 2218 1864 2275 unde

1043 2313 1104 2362 erat
1115 2325 1218 2362 aurum
1234 2309 1341 2379 etquid
1357 2309 1392 2362 de
1409 2309 1457 2363 illo
1469 2309 1579 2363 lactum
1590 2309 1643 2379 sit3
1653 2308 1709 2364 sed
1724 2311 1825 2379 postea
1835 2308 1867 2362 la·

1043 2396 1864 2469 eturnestinlinedie1·urnGedeonlieepeccatumquando

1043 2490 1202 2540 consecuta
1218 2493 1287 2540 sunt
1311 2488 1397 2540 etiam
1423 2487 1497 2541 rnale
1512 2503 1578 2558 qum
1602 2486 1709 2542 deiude
1724 2487 1865 2557 Scriptura

1042 2577 1207 2644 contexuit,
1223 2580 1417 2648 posteaquam
1440 2578 1680 2631 commemoravit
1695 2579 1769 2648 quot
1790 2576 1865 2630 annis
1894 2632 1897 2637 ,

1041 2665 1071 2718 in
1087 2664 1192 2719 diebus
1208 2666 1327 2721 tiedeon
1343 2669 1421 2720 terra
1437 2666 1623 2738 conquievit;
1640 2680 1719 2738 quos
1729 2680 1866 2721 onnesre
1894 2704 1897 2719 .

1042 2754 1227 2824 capitulaudo
1239 2756 1489 2825 commemorarit,
1502 2755 1532 2809 id
1540 2755 1630 2810 estad
1641 2754 1776 2810 ordinem
1787 2770 1865 2827 quem

1039 2848 1222 2913 perverterat
1234 2845 1317 2913 prius
1326 2845 1450 2898 dicendo
1466 2846 1502 2899 de
1511 2844 1562 2900 illo
1573 2844 1715 2900 scandalo
1729 2845 1809 2916 quod
1823 2860 1867 2899 no·

1041 2933 1164 2986 vissime
1179 2933 1288 2987 iactum
1303 2938 1350 2988 est
1364 2934 1421 3004 (bd)

151 3010 244 3065 tleret.
263 3003 986 3076 Pauciveroquianongenullexoscincumave·
1040 3021 1101 3076 Tm
1127 3022 1315 3078 Chxquq
1344 3023 1419 3087 Quid
1438 3029 1562 3094 propper
1587 3023 1812 3096 ppoescqmjffl
1844 3032 1868 3077 ,q

151 3101 234 3167 runi,
252 3101 282 3152 ¹1t
298 3111 388 3151 (3ᾶῦθῦ
403 3094 556 3162 biberunt,
569 3093 622 3146 sed
638 3109 744 3164 aquam
760 3093 788 3146 5¹¹
805 3110 839 3148 ⁰⁸
857 3094 982 3166 lesstflfflr
1003 3083 1028 3144 c
1037 3111 1334 3183 praedestinationem
1350 3113 1407 3166 tlei
1427 3113 1553 3166 clamant
1577 3112 1710 3185 quetidie
1721 3113 1866 3184 perversi.

151 3204 276 3262 quorum
292 3199 449 3251 numeruS,
465 3182 533 3253 quia
543 3183 663 3237 trecenti
676 3187 768 3252 eraut,
781 3184 900 3255 signum
912 3184 984 3238 iusi-

150 3281 220 3334 nuat
230 3276 329 3331 erucis
335 3277 456 3345 propter
469 3272 595 3325 litteram
606 3271 688 3326 Thau
699 3289 837 3344 graecam.
854 3275 917 3338 Quo
926 3290 982 3328 nu-

150 3384 231 3423 mero
247 3365 334 3421 etiam
350 3366 455 3435 gentes
472 3361 568 3433 magis
582 3360 612 3414 iu
628 3362 802 3416 crucifixum
817 3363 982 3416 credituras

148 3472 218 3514 esse
229 3453 450 3528 praefiguratum
459 3454 504 3505 cst
513 3467 520 3519 ς
530 3451 607 3520 quod
617 3450 711 3504 littera
720 3453 822 3505 Graeca
838 3455 893 3520 est,
904 3452 981 3505 unde

149 3548 320 3604 Graecorum
329 3543 446 3596 nomine
458 3541 619 3610 Apostolus
630 3556 733 3594 ornnes
746 3544 850 3611 gentes
862 3541 980 3612 signifi-

149 3642 195 3692 cat
205 3651 272 3691 eum
282 3631 365 3686 dicit:
376 3629 609 3700 dedecopriuraur
617 3635 646 3682 et
654 3631 757 3683 Gracc
767 3629 860 3698 litem.
871 3634 917 3700 u),
930 3634 957 3684 ot
972 3646 977 3683 :

147 3725 260 3783 dardeis
276 3728 305 3776 et
324 3719 439 3775 Graecis
453 3717 562 3788 libid),
580 3733 660 3787 saepe
685 3717 723 3769 ita
745 3733 979 3773 commemorans

148 3810 404 3871 circumcisionem
420 3811 448 3862 et
458 3806 643 3877 praeputium,
656 3807 733 3876 quod
746 3807 775 3860 in
785 3807 896 3879 linguis
908 3824 979 3880 gon-

146 3904 217 3958 tium
232 3901 336 3956 Graeca
352 3900 389 3952 ita
399 3897 524 3951 excellat
535 3899 565 3950 ut
573 3912 626 3966 per
637 3896 712 3949 lianc
723 3912 827 3950 omnes
838 3896 978 3952 decenter

145 3992 361 4064 significentur.
375 3988 581 4042 lstenumerus
590 3985 656 4039 etin
666 3985 835 4039 vernaculis
850 3986 978 4041 Abruhae

145 4078 422 4136 animadvertendus
437 4079 483 4130 est
498 4090 632 4146 perquos
650 4074 768 4129 fratrem
784 4076 820 4130 ab
837 4075 973 4130 hostibus

143 4170 287 4239 liberavit,
300 4167 416 4240 quando
428 4182 495 4220 eum
504 4163 723 4218 Melchisedech
736 4165 764 4218 in
776 4181 884 4237 magno
897 4182 975 4235 ruys-

143 4259 216 4316 terio
225 4257 376 4314 benedixit
386 4255 473 4327 (Gen.
487 4256 557 4319 xiv).
567 4252 649 4318 Quod
659 4254 906 4309 enimexuberaut
915 4254 975 4308 illis

143 4348 307 4405 octodecim
321 4357 400 4416 (nam
416 4344 538 4398 trecenti
554 4347 582 4397 et
597 4343 761 4396 octodecim
785 4343 880 4397 tuisse
896 4342 944 4396 res
962 4373 975 4383 -

1076 3200 1868 3273 Nonprudentiumdiligentia,sedetolidorumquerela

1041 3295 1102 3344 est:
1116 3293 1184 3344 Siue
1194 3307 1249 3360 me,
1264 3293 1301 3344 ita
1313 3291 1420 3345 vivam.
1432 3290 1487 3355 Qui
1501 3291 1537 3344 ad
1548 3292 1636 3344 vitam
1645 3291 1867 3361 praedestinatus

1040 3385 1096 3449 est,
1106 3382 1267 3450 perircnon
1276 3384 1382 3450 potest.
1390 3380 1485 3444 Quare
1494 3380 1625 3436 conabor
1635 3379 1867 3452 iquedl‘utarum

1040 3476 1095 3539 est,
1111 3472 1170 3523 liet.
1187 3469 1222 3522 Et
1240 3477 1430 3523 taureunemo
1442 3469 1614 3523 vulneratus
1627 3475 1676 3524 aut
1686 3485 1770 3541 aeger
1779 3470 1862 3524 dicit:

1039 3563 1108 3613 Sine
1123 3574 1185 3627 uie;
1201 3561 1227 3612 si
1243 3560 1376 3612 victurus
1393 3575 1470 3629 sum,
1488 3574 1546 3613 non
1562 3558 1680 3613 moriar.
1697 3558 1773 3623 Quid
1788 3558 1868 3613 medi-

1039 3665 1092 3703 cus
1104 3649 1210 3702 saciet?
1219 3649 1297 3718 quod
1306 3648 1436 3702 tutorum
1448 3651 1503 3718 est,
1516 3650 1574 3702 tlet.
1589 3647 1624 3701 Et
1633 3648 1867 3703 nontimentani·

1040 3755 1095 3792 mae
1111 3755 1174 3793 suae
1186 3738 1283 3808 legem
1292 3738 1372 3807 dare,
1385 3753 1472 3807 quarn
1482 3737 1664 3807 corporisne
1675 3738 1866 3809 prescribere

1038 3829 1150 3883 uolunt.
1167 3828 1298 3881 Clamant
1313 3827 1369 3880 hoc
1385 3827 1514 3896 quetidie
1529 3827 1663 3896 perversi
1681 3843 1688 3882 :
1704 3827 1803 3883 Nolite
1815 3826 1865 3881 ad·

1038 3933 1168 3984 inenere,
1185 3917 1274 3969 nolite
1290 3917 1460 3987 corrigere,
1475 3917 1501 3969 si
1518 3916 1579 3969 vult
1594 3915 1866 3988 Deus,juetitlcahit

1037 4023 1104 4062 nos.
1127 4006 1161 4060 Et
1170 4022 1256 4060 nemo
1267 4006 1337 4060 dicit
1354 4022 1360 4060 :
1374 4005 1470 4059 Nolite
1480 4005 1578 4059 cibum
1588 4020 1769 4076 praeparare,
1781 4006 1865 4061 nolite

1038 4098 1248 4151 vestimentum
1255 4095 1335 4150 dare.
1349 4096 1381 4150 Si
1391 4095 1538 4151 rultlteus
1547 4097 1865 4164 pascetetvestietnos,

1037 4191 1065 4240 et
1080 4185 1165 4239 dicit:
1174 4186 1240 4239 Non
1255 4201 1417 4255 possumus
1427 4184 1497 4239 boni
1508 4200 1589 4254 esse,
1600 4184 1661 4239 nisi
1671 4184 1752 4240 lleus
1762 4185 1820 4240 hec
1829 4183 1866 4238 ia·

1037 4277 1104 4330 ciat.
1122 4275 1201 4346 Ergo
1218 4277 1294 4328 bona
1309 4275 1359 4328 illa
1374 4276 1439 4328 sine
1455 4274 1516 4329 lieo
1532 4274 1642 4329 hahere
1653 4290 1714 4330 non
1729 4275 1865 4345 potestio3

1037 4370 1065 4420 et
1079 4366 1135 4419 ista
1150 4367 1298 4435 potestis?
1321 4365 1379 4418 imo
1396 4364 1475 4418 licus
1489 4364 1589 4434 potius
1613 4365 1644 4418 iu
1660 4363 1728 4419 istis
1742 4363 1866 4419 studium

142 4443 247 4494 funins
262 4435 370 4511 [ibid.]‚
381 4431 577 4532 Vidssltfflnihl
593 4431 689 4530 miss?
705 4431 904 4503 ⁸58¹¹ifi⁰i¹¹¹¹ffl
918 4448 976 4502 <1¹¹⁰
991 4473 1018 4533 Ι)
1036 4458 1168 4508 vestrum
1179 4455 1294 4524 quaerit,
1307 4469 1374 4524 qua·
1385 4454 1442 4507 nisi
1458 4453 1592 4508 volentes
1602 4453 1713 4509 babere
1721 4469 1782 4508 noa
1796 4456 1867 4524 pote

142 4532 228 4586 eliam
246 4525 492 4597 te¹¹¹1’01'es1ffl0tr
511 4521 538 4575 “¹
554 4525 600 4575 est
616 4525 715 4590 ¹⁰¹4¹⁰=
743 4520 821 4591 ‘iuml
846 4521 976 4575 summm
1035 4544 1110 4598 stis:
1128 4559 1186 4597 neu
1203 4546 1232 4596 in
1247 4543 1306 4597 illis
1322 4559 1388 4613 quae
1405 4543 1434 4595 in
1446 4542 1864 4599 tantumarbitriovostronon

143 4625 205 4675 erat
215 4618 271 4673 sub
281 4615 385 4689 gratia.
397 4613 471 4666 Nam
482 4612 607 4680 primum
617 4612 737 4664 estante
748 4609 855 4681 legem,
866 4626 975 4665 secan-

140 4710 209 4765 dum
222 4706 365 4776 sublege,
379 4702 494 4756 tertium
503 4699 559 4753 sub
572 4699 675 4771 gratia.
688 4698 810 4770 Singula
821 4698 898 4753 Vero
906 4702 976 4754 tem·

139 4815 212 4871 pora
228 4795 346 4850 senario
361 4805 483 4846 nutriero
499 4789 665 4859 signiticata
681 4791 751 4841 sunt
765 4792 885 4859 propter
903 4805 972 4858 per-

140 4886 309 4942 fectionem.
327 4882 400 4935 Nam
424 4885 468 4933 ter
489 4894 543 4933 sex
560 4877 724 4932 octodecim
740 4881 818 4932 sunt.
843 4877 926 4932 Unde
947 4882 974 4933 et

141 4976 190 5031 illa
206 4972 311 5027 mulier
326 4970 490 5026 octodecim
501 4984 595 5022 anuos
607 4967 732 5022 habebat
749 4968 779 5021 in
794 4967 971 5036 infirmitate,

140 5079 228 5137 quam
244 5075 364 5115 curvam
375 5059 510 5113 Salvator
522 5074 588 5111 eum
598 5057 771 5125 invenisset,
782 5057 876 5111 erexit
886 5060 973 5128 atque

139 5170 156 5209 a
171 5150 281 5207 diaboli
295 5148 495 5220 alligamento,
505 5150 536 5200 ut
546 5145 738 5216 Evangelium
750 5145 868 5215 iudicat,
885 5146 974 5201 solvit

139 5243 221 5316 (Luc.
238 5240 300 5311 xv).
316 5237 399 5304 Quod
415 5235 533 5291 veroita
550 5233 598 5288 isti
613 5234 729 5304 probati
744 5239 813 5290 sunt
828 5252 882 5308 per
896 5252 972 5307 iquos

138 5329 411 5397 vincerettledeon,
424 5329 454 5381 ut
463 5322 614 5379 similesin
622 5322 752 5379 bibendo
761 5324 885 5380 canibus
897 5325 973 5380 dice·

138 5424 251 5491 rentur,
268 5416 417 5492 significat
432 5414 511 5487 quod
525 5411 759 5486 contemptibilia
778 5419 807 5470 et
828 5414 972 5491 iquobilia

174 5565 233 5639 (58)
248 5565 294 5622 De
306 5560 421 5620 deabus
440 5557 552 5616 scheda
564 5559 632 5615 vide
658 5561 728 5615 tom.
744 5560 875 5688 primurn
893 5561 971 5616 circa

137 5639 364 5725 principium·
375 5634 456 5704 Quod
462 5639 613 5710 praecepta
628 5634 743 5691 Delma
757 5634 973 5692 tienorainihus

1035 4633 1212 4702 subduntur,
1225 4637 1255 4687 ut
1263 4648 1344 4702 saepe
1355 4648 1389 4686 ca
1397 4633 1506 4687 habere
1514 4649 1574 4687 non
1581 4632 1706 4702 possitis
1715 4648 1785 4689 eum
1793 4630 1866 4687 desi·

1034 4723 1154 4777 deratis.
1171 4726 1200 4776 ct
1215 4722 1348 4777 habeatis
1365 4738 1433 4776 cuin
1449 4721 1614 4792 despicitis.

1033 4831 1094 4884 Tar.
1111 4830 1299 4884 ccxxiiiv.
1330 4829 1374 4882 De
1389 4829 1536 4899 sapientia
1558 4829 1615 4884 Dei
1630 4836 1660 4883 et
1674 4829 1818 4899 hominia,
1842 4831 1866 4882 et

1122 4903 1196 4973 qued
1214 4908 1255 4954 srt
1271 4902 1388 4972 duplex,
1410 4901 1550 4972 superior
1565 4908 1594 4955 et
1610 4900 1753 4957 laterior.

1067 5009 1216 5080 Sapientia
1231 5024 1247 5061 a
1263 5008 1352 5063 corde
1368 5008 1502 5078 procedit
1517 5011 1545 5062 et
1559 5008 1620 5062 exit
1634 5023 1688 5078 per
1703 5024 1750 5079 os,
1771 5012 1801 5064 et
1824 5009 1865 5062 in·

1032 5104 1087 5153 liat
1103 5113 1155 5168 per
1170 5112 1281 5168 aurem,
1298 5101 1327 5152 et
1342 5098 1471 5152 incorde
1486 5097 1658 5168 requiescit.
1669 5097 1734 5153 Nec
1743 5097 1865 5153 discedit

1032 5190 1109 5243 unde
1127 5189 1197 5257 exit,
1214 5193 1243 5242 et
1257 5187 1371 5242 aceedit
1388 5187 1438 5242 ubi
1454 5203 1513 5242 non
1538 5186 1601 5241 luit.
1616 5186 1729 5259 Estque
1745 5185 1865 5243 amanda

1031 5275 1866 5350 atqueornandasapientiacamexitadneslteisapieatia

1032 5384 1099 5424 cum
1109 5369 1237 5440 primum
1247 5368 1277 5423 in
1286 5383 1386 5425 rerum
1395 5367 1543 5423 creatione
1554 5366 1591 5422 ad
1601 5380 1659 5423 uos
1668 5381 1798 5442 egressa
1804 5365 1864 5437 tuit,

1034 5516 1252 5591 siquiticauter.
1273 5516 1347 5574 lbid.
1357 5546 1392 5559 -
1402 5516 1446 5574 m
1460 5517 1508 5573 liis
1524 5482 1572 5591 qui
1586 5519 1620 5575 in
1633 5499 1702 5593 [ὀρθ
1719 5518 1866 5578 ambulent

1038 5613 1086 5669 rel
1097 5620 1178 5671 stant
1198 5613 1246 5669 vel
1258 5613 1420 5678 declinant.
1432 5611 1589 5669 rua—ce
1598 5611 1699 5670 tribus
1712 5612 1781 5670 riis.
1795 5612 1865 5671 lbid.
