3816 6030
154 273 214 344 235

540 268 760 343 APPENDIX
781 279 839 343 AD
862 267 1054 344 HUGONIS
1076 268 1220 342 OPERA
1243 266 1509 342 DOGMATICA.

1822 281 1884 345 236

155 482 308 551 lleuneus,
321 482 489 550 Theonaus,
500 481 684 551 AmphiciuS,
697 480 831 536 Garidus
845 480 915 536 Post
925 481 989 536 haee
1005 464 1033 525 Α
1049 479 1245 552 Eurystheus,
1257 480 1341 553 Agis,
1352 481 1555 550 Ecbestratus,
1569 481 1712 552 Labores,
1725 483 1882 536 lloristeus

155 572 269 626 linitum
285 574 332 625 est
347 586 474 643 regnum
489 569 696 640 Sicyoniorum
711 571 778 640 (40).

321 657 390 714 Car.
409 659 444 712 11.
461 659 505 713 De
520 675 613 730 regno
627 659 820 730 Argivorum.

191 751 329 820 Regnum
336 748 516 818 Argivorum
526 748 582 800 sub
592 746 702 801 Inacho
712 748 807 817 primo
818 762 890 818 rege
901 762 988 801 exor-

154 842 224 907 tum,
240 851 337 907 usque
352 837 388 888 ad
401 835 599 890 novissimum
618 836 768 889 Acrisium
786 836 916 890 cucurrit
934 850 988 906 per

44 944 50 951 ·
152 941 247 981 annos
277 925 457 996 quingentos
481 924 676 994 qnadraginta
700 927 825 993 quatuor
849 925 885 977 ab
909 940 986 978 anno

152 1016 248 1085 primo
263 1013 355 1067 iacob
371 1013 546 1082 patriarchae
562 1012 704 1083 usquead
720 1027 829 1066 annum
846 1013 986 1066 duodeci-

156 1119 237 1157 mum
253 1103 378 1156 chorae
393 1104 421 1155 el
432 1101 545 1155 Bnraeh
554 1101 689 1170 judicum
701 1100 801 1154 lsrael.
816 1102 916 1173 Reges
932 1101 986 1172 igi-

158 1195 206 1246 tur
218 1191 398 1262 Argivorum
409 1193 478 1243 sunt
489 1188 626 1256 inachus,
640 1189 825 1258 Phoroneus,
839 1190 922 1259 Apis,
935 1191 987 1243 Ar-

157 1295 227 1352 gns,
240 1279 373 1348 Criasus,
391 1277 535 1347 Phorbas,
552 1277 687 1347 Triopas
700 1276 856 1348 Crotopus,
868 1278 985 1332 Sthelc-

153 1365 509 1438 uus,Danaus,Lyncbes,
518 1365 744 1436 Abns,Proetus,
754 1366 902 1420 Acrisius,
915 1366 986 1421 Post

154 1456 218 1511 hoec
234 1457 264 1509 in
276 1455 416 1526 Mycenas
426 1455 581 1524 imperium
592 1454 830 1508 esttranslatum.
845 1455 984 1524 Perseus,

153 1545 272 1599 Acrisio
288 1559 346 1598 non
368 1547 471 1614 sponte
491 1543 659 1613 interiecto,
681 1544 818 1615 migravit
832 1545 869 1597 ab
885 1544 985 1615 Argis.

159 1636 260 1706 Reges
277 1633 465 1704 Mycenarum
480 1635 549 1685 sunt
564 1632 704 1701 Perseus,
721 1631 890 1702 Sthelenus,
907 1633 988 1686 Eari-

160 1727 243 1777 sleus
266 1721 398 1776 Stheleni
419 1720 513 1789 filius,
539 1722 648 1774 Atreus
673 1724 701 1774 et
722 1720 882 1790 Thyestes,
907 1723 988 1791 Aga-

154 1827 303 1881 memnon,
320 1809 463 1882 EgystuS,
478 1809 610 1879 Orestes,
623 1809 830 1880 'fidasmenus
845 1810 986 1879 Pantilus,

154 1901 291 1955 Gometes
309 1899 375 1969 (41).

284 1992 354 2043 tlara
371 1987 450 2042 Xlll.
467 1987 511 2041 lic
527 2003 620 2058 regno
635 1987 864 2041 Atheniensium

192 2080 329 2150 Regnum
354 2076 580 2132 Atheniensium
602 2092 618 2128 a
642 2078 773 2146 Cecrope
797 2091 868 2148 rege
893 2077 987 2146 primo

155 2172 301 2236 exortum,
318 2167 355 2219 ub
371 2182 447 2220 anno
458 2166 602 2218 vicesimo
613 2168 745 2219 secundo
757 2166 862 2235 Moysi,
876 2166 931 2220 hoc
943 2170 989 2219 est

154 2256 384 2329 quadragesimo
405 2256 507 2326 quinto
530 2258 596 2308 unte
618 2255 825 2325 egressionem
845 2255 936 2308 lsrael
952 2255 988 2308 de

154 2347 287 2416 AEgypto
303 2360 398 2415 usque
419 2345 449 2396 in
471 2358 580 2397 annum
601 2343 780 2414 vigesimum
800 2359 910 2397 nonum
925 2345 987 2397 Ma-

154 2449 255 2488 nassae
273 2433 354 2504 regis
369 2433 455 2501 duda,
474 2435 604 2485 cucurrit
614 2447 668 2501 per
678 2445 772 2486 annos
787 2433 987 2504 noningentos

155 2522 370 2595 quinquaginta
379 2526 450 2575 tres.
465 2521 566 2591 Reges
578 2520 668 2591 igitur
679 2524 757 2590 sunt,
770 2520 911 2591 Cecrope,
923 2520 990 2576 Cra·

154 2627 241 2680 naus,
267 2611 470 2680 Amphiction,
497 2609 701 2679 Ericthonius,
727 2610 873 2681 Pandion,
900 2611 988 2682 carius

156 2701 226 2755 tiliae
251 2700 369 2771 Progne
397 2702 426 2752 ct
451 2696 636 2767 Philomena,
664 2697 832 2769 Erictheur,
858 2701 987 2769 Cecrops

154 2789 296 2859 Ericthei,
306 2788 437 2842 Pandion
446 2785 597 2856 Cecropia,
608 2787 726 2858 AEgeus
736 2787 905 2857 Pandionis,
916 2788 989 2843 The·

154 2876 986 2950 seusAEgei,Menesteus,DemophoonTbesci,OxinteS,

154 2968 319 3039 Apbicitas,
337 2967 500 3036 Thirnotes,
514 2965 690 3035 Melanthus,
706 2964 821 3020 Codrus
838 2966 987 3020 Melanthi.

155 3058 319 3127 Hucusque
340 3071 451 3128 reges3
474 3054 607 3125 posthaec
630 3058 726 3108 autem
746 3055 896 3125 principes
919 3059 988 3109 sunt

153 3147 315 3216 constituti,
331 3162 457 3217 quorum
479 3144 592 3216 singuli
613 3144 808 3213 principatum
833 3160 927 3216 usque
949 3146 985 3199 ad

151 3238 241 3291 linem
251 3237 318 3290 vitae
331 3237 496 3304 tenuerunt,
510 3234 630 3287 Medrus
645 3233 743 3303 Codri,
760 3236 917 3303 Aceastus,
934 3236 987 3288 Ar·

151 3324 491 3395 chippus,Thensippus,
501 3323 645 3391 Phorbas,
656 3323 800 3392 Mczuch,
808 3324 983 3394 Diognetus,

151 3413 986 3483 Phcredus,Anphron‚'rhespieus,Agamestoi·,AEcsln·

150 3502 209 3571 lus,
222 3503 357 3571 Ahueon,
374 3504 497 3571 tlarops,
514 3502 696 3569 AEsimedes,
714 3501 856 3571 Elidicus,
875 3502 984 3572 Hippo-

151 3607 269 3662 meneS,
295 3591 451 3659 lucratus,
475 3590 641 3658 Absander,
664 3590 811 3644 Eurixias.
834 3591 904 3645 Post
919 3591 984 3645 haec

150 3682 240 3734 annui
255 3680 404 3750 principes
422 3679 545 3733 Athenis
562 3679 711 3733 constituti
728 3682 796 3733 sunt
812 3694 918 3734 novem
932 3695 983 3733 cx·

150 3770 301 3826 nobilibus
318 3769 444 3823 civitatis
459 3770 526 3839 (42).

244 3861 313 3914 Car.
330 3858 409 3912 Xll'.
427 3859 471 3913 lle
486 3874 581 3929 regno
595 3857 890 3913 Lacednmroniornm.

188 3950 326 4020 Regnum
336 3949 631 4002 Lacedaemoniorum
642 3947 698 4001 sub
711 3947 876 4017 Eurystheo
888 3949 981 4017 primo

151 4053 223 4109 rege
238 4041 388 4107 exortum,
411 4037 447 4090 ab
470 4051 546 4090 anno
570 4036 695 4106 septimo
711 4036 856 4091 Samuelis
869 4037 981 4107 judicis

150 4126 242 4180 lsrael
253 4141 348 4196 usquc
358 4128 387 4178 in
396 4141 505 4180 annum
513 4126 774 4196 quadragesimum
785 4140 893 4179 nonum
904 4127 981 4179 Ozias

149 4216 232 4287 regis
254 4216 343 4283 tuda,
368 4215 497 4268 cucurrit
521 4230 574 4284 per
598 4229 692 4268 anuos
713 4217 862 4269 trecentos
876 4216 980 4286 viginti

150 4306 291 4377 quinque,
302 4310 330 4359 et
340 4319 428 4375 reges
437 4319 553 4373 noveni,
566 4319 690 4374 quorum
703 4303 758 4357 ista
770 4308 838 4357 sunt
848 4307 979 4360 nomina:

1047 570 1218 642 Agesilaus
1237 570 1409 639 Archilaus,
1426 570 1599 640 Thelectus,
1618 570 1796 626 Alcamenes
1811 573 1879 642 (131.

1177 678 1246 731 Car.
1264 676 1328 730 XV.
1346 677 1390 730 Dc
1405 693 1499 747 ragno
1516 676 1751 731 Corinthiornin.

1080 763 1217 837 Regnum
1241 764 1461 819 Corinthiorum
1486 764 1542 818 sub
1567 764 1671 819 Alethc
1693 766 1787 834 primo
1810 781 1882 838 rege

1044 858 1194 922 exortum,
1212 854 1249 907 ab
1265 870 1342 908 anne
1366 859 1469 908 octavo
1495 853 1640 907 Samuelis
1657 853 1771 924 judicis
1790 855 1881 909 lsrael

1043 943 1179 1013 usquein
1191 958 1299 995 annum
1312 943 1438 1012 primum
1450 941 1585 996 lentham
1598 942 1647 995 lilii
1665 942 1753 1009 Ozias,
1773 960 1881 997 cucur-

1043 1031 1080 1084 rit
1104 1047 1157 1101 per
1181 1046 1275 1084 annos
1300 1035 1449 1084 trecentos
1474 1030 1588 1101 viginti.
1618 1030 1718 1101 Meges
1743 1032 1879 1085 luerunt:

1042 1119 1175 1189 Alelbes,
1188 1119 1292 1188 Trion,
1304 1119 1444 1190 Agilone,
1460 1118 1617 1188 PrimnuS,
1635 1118 1736 1187 Bacis,
1754 1119 1879 1191 Agalas,

1042 1207 1202 1277 Eudemus,
1219 1208 1437 1278 AristomedeS,
1454 1211 1603 1278 Agemon,
1620 1207 1787 1261 Alexander
1802 1209 1880 1262 'she-

1042 1296 1145 1365 lesles,
1163 1297 1290 1350 Pritanis
1310 1296 1376 1365 (44).

1203 1402 1272 1457 Car.
1291 1402 1369 1456 xri.
1387 1402 1431 1457 Dc
1446 1419 1540 1475 regne
1554 1403 1715 1474 lydorrun.

1083 1492 1222 1563 Regnum
1238 1491 1386 1562 Lydorum
1400 1491 1456 1545 sub
1473 1491 1581 1546 Ardiso
1596 1493 1690 1562 primo
1706 1508 1777 1564 rege
1792 1509 1878 1546 exor-

1043 1583 1114 1650 tum,
1131 1581 1167 1633 ab
1182 1596 1259 1634 anno
1274 1580 1504 1652 quadragesimo
1520 1584 1624 1635 octavo
1640 1581 1716 1635 Oziae
1728 1582 1813 1657 regis
1825 1582 1878 1634 ‹lu-

1044 1669 1090 1736 da,
1102 1669 1240 1740 usquein
1252 1685 1360 1723 annum
1376 1669 1637 1741 quadragesimum
1652 1671 1769 1725 tertium
1781 1674 1876 1723 trans-

1001 1771 1030 1832 Β
1043 1757 1231 1830 migrationis
1243 1758 1373 1812 cucurrit
1383 1773 1437 1828 per
1447 1775 1541 1813 annos
1550 1762 1699 1814 trecentos
1712 1759 1841 1830 triginta,
1851 1764 1879 1812 rt

1044 1863 1098 1917 pcr
1112 1862 1200 1918 reges
1217 1863 1338 1916 novem,
1363 1862 1489 1918 quorum
1512 1847 1568 1901 ista
1584 1852 1651 1902 sunt
1667 1848 1804 1902 uomina:
1821 1849 1878 1902 Ar-

1045 1936 1144 2004 disuS,
1163 1935 1300 2005 aliattes,
1320 1935 1426 2006 Meles,
1447 1935 1628 2005 CandauleS,
1650 1935 1756 2008 Gigas,
1775 1937 1876 2003 Ardis‚

1043 2022 1209 2093 Sagdiutes,
1226 2021 1360 2091 AlialteS,
1378 2023 1510 2078 Croesus.
1531 2025 1601 2079 Post
1617 2024 1681 2079 baec
1698 2025 1876 2080 subversum

1044 2115 1090 2165 cst
1100 2127 1225 2182 regnum
1238 2111 1388 2181 Lydorum
1399 2129 1414 2164 a
1426 2113 1537 2168 Persis,
1548 2113 1670 2168 (lrmsus
1682 2129 1807 2185 namque
1819 2114 1877 2184 Ly-

1044 2200 1148 2254 dorum
1164 2216 1217 2253 rex
1233 2216 1300 2253 cum
1315 2200 1392 2254 Medi
1409 2204 1437 2255 et
1452 2201 1748 2278 Persenabylonem
1765 2203 1880 2257 obside·

1044 2293 1122 2359 rent,
1142 2292 1311 2343 contraeas
1333 2288 1481 2344 Chaldaeis
1503 2291 1646 2346 auxilium
1662 2291 1741 2360 tulit,
1759 2295 1880 2362 proptor

1046 2378 1123 2450 quod
1139 2381 1242 2448 postea
1253 2378 1401 2433 subversa
1412 2377 1562 2450 Babylone
1574 2397 1590 2433 u
1601 2380 1677 2451 Cyro
1688 2396 1760 2453 rege
1776 2379 1881 2435 Persa·

1045 2483 1111 2522 rum
1126 2466 1204 2521 bello
1221 2467 1367 2537 oppetitur
1389 2472 1417 2521 et
1438 2473 1605 2538 superatur.
1629 2469 1737 2541 Sicque
1753 2485 1883 2541 regnum

1046 2555 1195 2627 Lydorum
1211 2555 1240 2609 in
1257 2555 1416 2610 Persarum
1434 2556 1575 2612 ditionem
1589 2558 1706 2612 transiit
1719 2558 1786 2629 (45).

1182 2662 1252 2719 (lar.
1269 2663 1361 2718 xvll.
1379 2663 1424 2718 De
1438 2680 1533 2737 regno
1547 2665 1740 2721 Parthorum.

1081 2753 1179 2807 Parthi
1195 2756 1352 2823 postquam
1366 2769 1382 2807 a
1397 2753 1521 2809 Seleuco
1533 2770 1605 2826 rege
1616 2754 1799 2825 deiecerunt,
1811 2770 1881 2826 pro·

1045 2843 1127 2913 prios
1150 2857 1238 2913 reges
1262 2841 1371 2896 habere
1393 2847 1559 2915 coeperunt,
1583 2860 1708 2915 quorum
1729 2843 1786 2898 ista
1810 2847 1881 2898 sunt

1045 2932 1162 2987 nomina
1176 2947 1181 2986 :
1197 2932 1333 3001 Prsaees,
1346 2934 1486 3002 Arsaces,
1500 2933 1685 3003 ArlapaciuS,
1702 2932 1878 3000 Phruhates,

1045 3021 1246 3090 Mithridates,
1272 3021 1455 3091 Abralrates,
1487 3023 1671 3091 Artabanus,
1697 3022 1879 3089 Mitridates,

1004 3098 1168 3164 COrodcs
1186 3110 1241 3163 llis
1252 3110 1445 3179 temporibus,
1457 3110 1596 3180 Crassus,
1611 3112 1775 3165 Romanum
1790 3127 1879 3165 asse-

1044 3202 1130 3253 cutus
1147 3199 1347 3268 consulatum,
1369 3215 1422 3268 per
1445 3200 1685 3270 Mesopotamiam
1706 3201 1831 3254 tendens
1849 3201 1879 3254 in

1045 3288 1208 3358 Parthiam,
1233 3288 1412 3358 Euphratem
1433 3288 1569 3357 iluviurn,
1587 3293 1688 3343 contra
1703 3289 1801 3343 ioedus
1817 3289 1880 3343 Lu-

1045 3378 1113 3433 culli
1126 3381 1154 3431 et
1165 3377 1311 3446 Pompeii,
1325 3377 1480 3432 consulum
1494 3379 1708 3449 Romanorum,
1725 3379 1877 3446 transivit,

1043 3470 1071 3521 et
1081 3468 1189 3520 Carras
1200 3482 1296 3536 usque
1307 3467 1450 3536 pervenit,
1464 3467 1514 3521 ubi
1525 3484 1540 3520 a
1556 3467 1672 3522 Parthis
1689 3468 1876 3522 circumven-

1042 3559 1089 3610 tus
1105 3556 1268 3610 exercituin
1283 3555 1397 3624 amisit,
1424 3556 1530 3625 etipse
1547 3559 1593 3610 est
1607 3556 1765 3611 extinctus.
1783 3558 1874 3611 Porro

1041 3645 1130 3700 Orodi
1156 3645 1305 3698 successit
1330 3644 1476 3713 Pacorus,
1501 3650 1528 3698 ct
1555 3645 1666 3700 Pacoro
1691 3645 1874 3700 Mithridates

1043 3751 1182 3806 magnus,
1194 3738 1223 3788 ct
1234 3733 1393 3787 Mithridati
1405 3750 1513 3804 niagno
1528 3734 1695 3789 Pharnaces
1707 3735 1786 3788 iilius
1798 3734 1873 3806 ejus.

1043 3826 1098 3880 Hic
1111 3827 1157 3878 est
1168 3823 1348 3891 PharnaceS,
1362 3822 1411 3893 qui
1423 3823 1539 3877 inbelle
1551 3822 1723 3877 l'bursalico
1735 3823 1873 3894 Pompeio

1041 3913 1183 3968 auxilium
1199 3911 1278 3980 tulit,
1303 3928 1390 3981 quem
1406 3914 1613 3982 postmortem
1630 3912 1760 3983 Pompeii
1777 3912 1873 3967 lulius

1041 4004 1133 4058 Cesar
1148 4002 1178 4055 in
1196 4003 1286 4055 Ponto
1301 4001 1419 4055 devicit.

1183 4108 1252 4162 Gar.
1270 4108 1375 4161 Xt'lll.
1401 4108 1444 4162 De
1459 4125 1553 4181 regno
1567 4109 1728 4164 Numidiae.

1078 4219 1177 4287 Meges
1189 4214 1346 4284 Numidi-a,
1359 4218 1428 4269 sunt
1439 4215 1508 4268 (lala
1523 4231 1528 4269 :
1545 4216 1715 4287 Masinissa,
1728 4215 1869 4287 Mycipsa,

1040 4305 1200 4374 Adherbal,
1218 4303 1379 4374 Hiempsal,
1396 4303 1552 4375 iugurtha,

184 4448 242 4518 (40)
259 4448 396 4518 lieguum
412 4445 618 4516 Sicyoniorum
634 4446 663 4498 in
679 4446 808 4516 Graecia,
822 4446 908 4516 janda
924 4420 1025 4502 Flu-D
1075 4451 1132 4520 (43)
1150 4450 1285 4519 Regnum
1303 4447 1594 4512 Lacedaemoniorum
1611 4449 1744 4520 in'cmpit,
1762 4464 1871 4504 secun·

148 4523 265 4574 sebium
283 4521 323 4572 lle
338 4519 537 4588 temporibuS,
555 4517 668 4569 initium
683 4517 783 4571 habuit
797 4524 863 4571 unte
879 4522 981 4573 nativi·

146 4595 235 4644 tatem
252 4591 380 4644 Abrahae
397 4593 483 4642 unius
506 4592 693 4658 septuaginta
717 4590 827 4658 tribuS,
845 4591 982 4645 videlicet

147 4678 224 4716 anno
240 4665 274 4716 :ld
290 4664 361 4732 Beli,
374 4666 401 4715 el
413 4663 528 4714 duravit
540 4665 626 4712 unnis
640 4661 799 4730 nongentis
815 4663 979 4733 sexaginta,

147 4740 176 4787 et
191 4751 249 4788 uno
267 4735 398 4804 reliquos
416 4735 483 4803 cyna
498 4748 682 4802 progressus
697 4749 734 4785 es
749 4734 840 4786 leone
857 4734 979 4803 Lucido,

147 4805 199 4859 lib.
218 4822 256 4858 vr.
275 4809 483 4871 L'honicorum,
502 4820 566 4873 cap
582 4804 609 4871 d,
626 4806 752 4856 educere
768 4806 891 4873 poteris.

183 4875 240 4946 (41)
256 4877 324 4928 hlox
341 4877 413 4928 ortis
430 4879 509 4928 Esau
525 4883 553 4928 et
567 4875 670 4943 lurein,
687 4891 763 4927 anuo
779 4877 911 4931 secundo
928 4878 981 4930 Ba·

147 4945 185 5000 lei
199 4949 305 4999 Xersis
322 4946 417 4999 octavi
433 4950 514 5016 regis
530 4949 733 5015 Assyriorum,
751 4947 864 5000 initium
881 4949 982 5002 habuit

145 5034 272 5088 regnum
290 5020 483 5088 Argivorum,
506 5022 536 5070 ut
558 5022 705 5087 eonrpulut
721 5019 880 5074 Eusebius.
897 5021 982 5074 iloni·

145 5091 256 5160 pututio
273 5105 378 5160 regum
394 5095 422 5141 ct
440 5093 605 5157 temporum
625 5105 758 5158 ipsorum
775 5093 905 5145 cernitur
919 5093 983 5145 bre·

144 5162 222 5216 viter
236 5171 313 5231 aliud
329 5163 473 5214 loaurieur
493 5162 653 5230 mucidum,
676 5162 752 5215 libro
768 5162 981 5217 chronicorum

145 5249 174 5286 vr
204 5249 236 5285 cn
261 5275 266 5287 .
285 5249 313 5286 v.

178 5250 480 5375 hitypAtbenieusium
490 5317 627 5375 regnum,
640 5305 670 5357 ul
680 5307 719 5360 ait
729 5306 861 5360 Berosus
872 5306 901 5360 in
911 5323 939 5360 v.
950 5307 981 5360 li-

145 5376 212 5448 bro,
225 5377 312 5447 erupit
323 5390 400 5430 auno
411 5378 515 5447 quarto
526 5377 641 5446 Spaneti
654 5376 735 5431 XVll
747 5378 830 5449 regis
841 5379 980 5448 Assyrio-

143 5465 210 5506 rum
224 5465 277 5521 qm
292 5448 347 5503 luit
362 5463 459 5503 annus
473 5447 588 5519 primus
604 5447 678 5502 iasii
688 5450 771 5523 regis
783 5451 939 5524 Eutruriae,
952 5459 980 5510 et

142 5539 206 5579 xxx
221 5521 270 5577 ttri
286 5521 369 5594 regis
389 5520 524 5594 AEgypti.
545 5520 675 5586 Quorum
697 5538 786 5595 reges
806 5527 979 5596 quotannis

142 5601 355 5668 regnaverunt,
371 5607 554 5664 crepusculo
570 5601 659 5667 elicit.
676 5601 807 5658 loannes
828 5600 976 5681 lucidus,

130 5672 213 5732 ltere
230 5693 267 5747 ι’)
286 5697 352 5752 cap,
370 5681 395 5740 e.
872 5676 875 5687 '

1039 4522 1107 4574 dum
1121 4521 1292 4590 Eusebium,
1304 4536 1380 4574 anuo
1390 4525 1493 4589 quarto
1503 4521 1618 4574 llcrcisi
1628 4521 1774 4590 trigesimi
1784 4522 1870 4590 priuri

1040 4595 1121 4664 regis
1151 4592 1354 4661 Assyriorum.
1381 4591 1478 4660 Aliqui
1504 4594 1600 4644 taureu
1626 4592 1726 4644 dicunt
1751 4591 1779 4644 id
1809 4608 1871 4646 cue-

1039 4667 1121 4734 pisse
1133 4664 1215 4733 prius
1227 4662 1313 4715 annis
1324 4663 1452 4730 duobus,
1466 4662 1542 4732 quod
1553 4678 1609 4715 ma«
1624 4663 1650 4714 is
1662 4664 1870 4732 computationi

1039 4738 1165 4803 nostrae,
1192 4735 1231 4786 ait
1255 4733 1402 4802 Lucidus,
1428 4735 1576 4787 convenit.
1603 4681 1684 4787 hunc
1709 4734 1788 4786 enim
1809 4739 1871 4788 erat

1039 4824 1149 4860 uxxrrn
1165 4820 1261 4858 annus
1277 4806 1431 4874 vigesimae
1446 4805 1590 4873 dynastian
1607 4805 1826 4875 AEgyptiorum,
1842 4810 1870 4860 et

1038 4883 1143 4932 sextus
1158 4893 1254 4929 annus
1271 4876 1376 4929 Aaou
1393 4875 1499 4945 Sylvii,
1516 4876 1597 4947 regis
1614 4877 1798 4944 Latinorum,
1816 4893 1871 4931 nec

1038 4964 1097 5002 non
1108 4954 1135 5001 et
1146 4948 1340 5000 duodecimus
1351 4963 1447 4999 annius
1462 4947 1559 5000 Saulis
1571 4949 1652 5019 regis
1664 4947 1869 5002 Hebraeorum.

1040 5021 1140 5091 Meges
1158 5019 1449 5071 Lacedaemoniorum
1471 5018 1548 5087 apud
1570 5018 1704 5072 cumdem
1725 5018 1818 5073 hubas
1834 5035 1871 5073 ex

1039 5090 1178 5145 Eusebio.

1073 5162 1130 5232 (44)
1145 5161 1257 5215 anlcm
1272 5163 1404 5231 tempore
1427 5160 1547 5230 incoepit
1563 5175 1688 5233 regnum
1702 5159 1870 5216 Corinthio-

1038 5250 1117 5300 rum,
1130 5248 1188 5304 quo
1203 5236 1232 5286 et
1247 5247 1371 5304 regnum
1388 5231 1695 5303 [lacedaemoniorum
1709 5231 1793 5303 juxta
1810 5233 1871 5289 Eu·

1038 5305 1164 5360 sebium.
1177 5305 1212 5358 Et
1223 5319 1311 5375 reges
1327 5319 1430 5359 corum
1441 5305 1559 5357 suerunt
1570 5319 1692 5360 nurnero
1704 5305 1870 5363 duodecim.

1039 5377 1125 5432 toan.
1141 5375 1283 5446 Lucidus,
1299 5375 1349 5430 lib.
1366 5391 1406 5445 rr,
1425 5390 1489 5446 cup.
1506 5373 1550 5430 10.

1073 5449 1113 5522 (4)
1139 5449 1276 5521 Regnum
1299 5447 1465 5520 Lydorum,
1488 5444 1574 5521 juxta
1597 5445 1776 5521 Eusebium,
1801 5465 1873 5506 mox

1038 5519 1171 5595 incepit,
1187 5520 1256 5592 post
1276 5519 1364 5574 tinem
1387 5519 1473 5593 regni
1494 5517 1730 5593 Corinthiorum,
1752 5521 1809 5577 boc
1825 5527 1872 5578 cst

1038 5593 1124 5648 annis
1139 5591 1256 5648 duobus
1279 5595 1345 5648 ante
1367 5592 1491 5666 primam
1512 5592 1722 5669 Olympiadem.
1740 5594 1872 5654 loannes

1037 5665 1179 5746 Lucidus,
1195 5667 1246 5726 lib.
1264 5681 1304 5728 rr.
1322 5665 1444 5742 chron,
1461 5683 1487 5725 c.
1505 5665 1548 5726 ta.
