3816 6030
82 336 122 398 55
468 332 688 398 APPENDIX
702 331 761 395 AD
776 329 967 397 HUGONIS
989 329 1134 393 OPERA
1149 329 1415 395 DOGMATIOA.
1768 331 1809 397 56

83 537 156 592 Item
166 538 203 592 dc
212 538 323 610 aquila:
336 537 540 593 Honorabitnr
551 543 580 591 nt
589 535 843 608 aquil‘ejarentus
853 549 916 586 mea
929 510 959 573 Ᾱ
973 534 1129 602 coelorum,
1150 536 1230 589 velut
1250 536 1466 606 quietissimum
1486 540 1611 607 portum.
1630 536 1809 591 Neseientes

85 626 184 696 (Psal.
213 628 277 691 cn).
304 626 383 682 Solet
406 627 464 680 dici
489 626 524 680 de
549 625 646 696 aquila
671 625 740 677 dum
765 625 916 676 senectute

84 715 237 786 premitur,
254 716 333 786 qnod
347 718 477 769 rostrum
496 714 576 770 illius
596 714 758 768 aduncatur
773 716 801 765 et
816 712 918 764 incur-

84 807 180 873 vetur,
197 805 235 858 ita
251 808 282 858 ut
297 819 416 858 sumere
432 804 530 857 cibum
550 805 685 872 nequeat,
703 806 730 854 et
745 801 838 854 macie
855 801 919 853 lan-

87 897 222 966 guescat,
239 894 292 946 sed
307 893 431 948 veniens
454 893 490 945 ad
511 894 624 961 petram
644 894 773 944 rostrum
789 890 875 956 acuit,
893 893 922 942 et

90 981 190 1037 cibum
205 982 339 1051 capione,
356 983 461 1036 iterum
480 979 659 1049 juvenescit.
677 979 762 1032 Petra
777 982 823 1031 est
838 978 921 1032 Chri·

91 1073 166 1137 stuS,
183 1070 280 1141 aquila
295 1069 540 1140 quilibetjustuS,
553 1068 603 1138 qai
615 1069 650 1121 ud
666 1071 778 1137 petram
793 1071 923 1121 rostrum

91 1157 178 1225 acuit,
191 1158 260 1212 dum
270 1159 402 1228 seipsum
413 1157 530 1212 Christo
543 1157 712 1227 perbonam
724 1157 923 1225 operationem

92 1246 274 1302 conformem
288 1247 393 1300 reddit.

233 1351 302 1406 Car.
321 1352 408 1407 LVII.
426 1354 469 1408 De
484 1353 534 1407 ibe
550 1370 603 1407 sea
618 1353 700 1406 ibide
716 1368 780 1405 ave.

129 1459 183 1513 Est
197 1459 315 1514 volatile
332 1460 410 1531 quod
426 1461 533 1514 dicitur
548 1460 617 1528 ibis,
635 1461 690 1513 hoe
706 1458 869 1513 seeundum
885 1456 926 1509 le-

93 1564 161 1620 gem
177 1547 360 1603 immundum
375 1552 421 1603 est
435 1566 495 1618 pree
508 1551 645 1603 omnibus
657 1548 837 1614 volatilibus,
854 1562 926 1616 quc·

94 1636 174 1691 niam
184 1637 308 1691 mortuis
318 1642 345 1692 et
359 1639 523 1692 morticinis
539 1636 882 1702 cadaveribusvescitur,
899 1638 927 1687 ct

95 1740 186 1794 super
196 1724 292 1778 littora
303 1726 393 1780 maris
404 1727 451 1779 vel
463 1726 624 1794 tluminum,
637 1726 683 1779 vel
695 1729 869 1795 stagnorum
879 1722 925 1775 die

95 1815 239 1884 nocteque
252 1818 390 1883 moratur,
403 1830 541 1885 quaerens
554 1818 686 1868 mortuos
695 1813 866 1884 pisciculos,
879 1811 925 1864 vel
940 1825 967 1886 Β

95 1901 214 1972 aliquod
229 1903 364 1970 cadaver,
381 1904 459 1973 quod
482 1904 518 1957 ab
541 1920 615 1974 aqua
635 1903 697 1973 jum
717 1902 865 1972 putridum
879 1900 926 1952 vel

95 1991 244 2044 madidum
260 1990 387 2061 ejectum
403 1992 490 2046 luerit
511 1992 601 2046 foras.
626 1992 700 2045 Nam
716 1991 744 2043 in
761 2006 865 2060 aquam
880 1989 927 2041 in-

95 2080 182 2152 gredi
196 2081 287 2147 timet,
305 2081 374 2150 quia
389 2083 489 2134 nutare
508 2082 613 2148 nescit,
630 2096 684 2134 nec
701 2080 749 2132 dat
764 2094 883 2147 operam
898 2080 929 2129 ut

95 2167 204 2238 discat,
228 2170 297 2239 quia
318 2170 443 2223 mortuis
465 2170 660 2224 cadaveribus
676 2169 846 2234 delectatur,
863 2166 929 2219 ideo

95 2272 156 2311 non
170 2261 269 2327 potest
282 2258 313 2311 in
328 2258 509 2312 altitudinem
520 2274 605 2328 aquae
620 2257 746 2327 ingredi,
763 2256 813 2308 ubi
830 2253 930 2307 mundi

96 2345 232 2414 pisciculi
252 2346 451 2415 demorantur,
477 2350 509 2400 ut
530 2347 597 2400 inde
621 2345 679 2399 sibi
703 2345 798 2413 capim
820 2344 928 2410 cibum,

97 2433 151 2487 scd
166 2449 285 2504 semper
300 2433 373 2489 soris
391 2435 534 2489 oberrans
546 2435 651 2488 circuit
660 2433 815 2504 refugiens
831 2431 929 2501 puric-

95 2537 146 2577 res
162 2527 190 2577 et
204 2523 365 2578 altissimas
376 2540 479 2594 aquus,
492 2524 569 2577 unde
583 2524 679 2593 possit
690 2522 817 2575 mundus
828 2520 929 2573 vivere

95 2611 139 2666 Tu
155 2612 255 2685 igitur,
273 2612 439 2667 Christiane
450 2613 548 2680 homo,
565 2608 667 2683 quiex
684 2627 758 2681 aqna
775 2613 802 2663 et
819 2609 929 2678 Spiritu

96 2705 199 2756 sancto
215 2705 335 2756 renatus
359 2718 407 2769 es,
435 2702 591 2773 ingredere
616 2701 652 2754 ad
677 2698 880 2769 intelligibiles
902 2699 930 2749 et

95 2789 266 2859 spirituales
275 2806 378 2861 aquae,
389 2791 419 2844 id
427 2794 473 2845 est
482 2790 510 2844 in
522 2789 703 2844 altitudinem
715 2790 930 2857 praeceptorum

95 2876 216 2947 Christi,
228 2895 295 2949 quae
304 2883 373 2934 sunt
383 2880 523 2944 chariton,
535 2879 681 2950 caudium,
692 2894 760 2949 pax,
771 2875 926 2947 patientia,

94 2965 284 3039 benignitaS,
307 2967 534 3039 IenqaniniitaS,
557 2967 692 3030 bonitas,
716 2963 925 3028 inansnetado,

94 3054 183 3123 fidae,
205 3057 363 3122 modestia,
388 3057 584 3120 continentia,
612 3056 736 3109 castitas
755 3052 863 3119 (Galat.
884 3052 926 3119 v.)

973 627 1069 676 autem
1080 625 1272 694 spiritualiter
1282 629 1380 679 natare
1391 627 1608 680 excludentur-n
1620 642 1713 695 regno
1724 625 1811 678 ‹eselc-

973 730 1048 781 rum,
1062 718 1090 767 et
1102 715 1205 767 mortui
1223 731 1288 768 cum
1304 717 1429 770 mortuis
1445 716 1592 785 peribant,
1610 716 1684 767 sieut
1703 713 1810 767 (licitur

973 802 1003 856 in
1024 803 1201 873 Evangelio:
1225 804 1351 857 Dimitte
1372 812 1503 858 mortuos
1528 804 1657 874 sepelire
1679 810 1810 855 innatans

973 892 1092 951 (llattlr.
1106 909 1166 944 vra.
1179 892 1398 946 (lonvenientar
1408 909 1480 963 ergo
1494 893 1550 945 boc
1561 892 1596 944 de
1619 891 1657 943 ibi
1680 891 1803 960 plipsio-

975 978 1061 1051 logus
1071 980 1140 1032 dicit
1151 984 1178 1034 et
1193 981 1275 1050 quod
1287 984 1442 1050 serpentes
1457 981 1602 1034 violenter
1613 980 1705 1050 lugat.
1721 979 1753 1030 Et
1767 982 1805 1044 tu,

975 1084 1041 1122 cum
1050 1085 1128 1137 cras,
1141 1069 1265 1123 extende
1275 1086 1379 1123 manus
1395 1075 1460 1123 tuas
1471 1070 1508 1121 ad
1517 1070 1619 1135 coelos,
1632 1069 1700 1138 quia
1713 1068 1806 1120 virtus

976 1158 1074 1211 crucis
1090 1174 1208 1227 semper
1222 1159 1352 1212 (tetendit
1368 1161 1485 1212 orantes
1501 1161 1529 1211 et
1540 1159 1686 1211 alteratas:
1701 1157 1807 1223 Sipus·
1845 1148 1855 1153 ”

978 1252 1036 1299 tam
1048 1252 1093 1300 est
1107 1263 1197 1316 snper
1212 1263 1265 1300 nes
1280 1247 1376 1299 liunen
1397 1247 1492 1301 vultus
1509 1248 1559 1309 tui,
1575 1246 1700 1299 liciniae
1715 1242 1807 1304 (Psoi.
1854 1238 1858 1243 ’

977 1336 1030 1392 ιν.)
1045 1335 1119 1387 Nam
1136 1340 1164 1389 et
1179 1334 1224 1389 sol
1250 1336 1324 1405 ipse,
1350 1336 1408 1388 nisi
1434 1335 1629 1405 expanderint
1644 1335 1706 1387 alas
1729 1349 1810 1398 suas,
1850 1334 1858 1363 ²

976 1425 1076 1477 volare
1089 1440 1145 1477 non
1157 1427 1292 1494 possunt.
1311 1425 1409 1477 Naves
1425 1425 1482 1477 nisi
1494 1424 1656 1478 levaverint
1667 1423 1731 1475 vela
1748 1437 1812 1487 sua,

979 1518 1065 1567 vento
1076 1513 1161 1567 llante
1178 1529 1235 1566 uon
1251 1513 1456 1566 movebuntur.
1470 1513 1603 1582 Denique
1614 1512 1680 1566 clam
1693 1511 1815 1582 ,liei-ses

980 1601 1098 1655 levabat
1114 1619 1216 1655 ritanus
1230 1618 1306 1663 snas,
1326 1602 1485 1671 superabat
1502 1600 1599 1654 lsrael
1608 1618 1670 1654 rum
1681 1599 1814 1653 remitte·

982 1696 1028 1744 ret
1036 1706 1221 1751 manasseas
1231 1690 1456 1743 convalescebat
1463 1689 1603 1743 Arualrrlr
1614 1688 1722 1747 (liniri.
1732 1693 1814 1740 xvut.

1217 1798 1286 1851 (Lar.
1305 1797 1406 1849 Lvltl.
1423 1796 1467 1849 Ile
1484 1795 1584 1849 arira.

1019 1905 1072 1959 ast
1087 1905 1213 1969 volatile,
1230 1904 1307 1975 quod
1318 1903 1424 1956 dicitur
1433 1901 1530 1969 fulica,
1543 1901 1616 1954 satis
1626 1899 1810 1969 intelligibile

983 2000 1010 2048 et
1027 1994 1289 2066 priulenlissimum
1304 2009 1395 2062 super
1410 1992 1506 2045 emnia
1521 1989 1658 2044 volatilia.
1676 1988 1809 2041 Cadave-

982 2085 1065 2138 ribus
1080 2099 1138 2137 nou
1154 2083 1294 2147 vescitur,
1312 2098 1370 2135 non
1386 2081 1502 2134 aliunde
1525 2079 1580 2132 alio
1598 2078 1755 2148 pervolans
1771 2079 1815 2129 at-

981 2191 1037 2244 que
1055 2173 1208 2239 oberrans,
1227 2171 1280 2224 sed
1296 2172 1326 2223 in
1342 2186 1400 2223 uno
1416 2171 1481 2223 loeo
1494 2171 1691 2221 commoratur
1707 2170 1733 2219 et
1751 2182 1816 2235 per-

980 2266 1077 2316 manet
1093 2276 1188 2330 usque
1204 2259 1240 2313 ad
1255 2260 1353 2321 finem,
1371 2262 1399 2312 et
1414 2258 1453 2311 ibi
1470 2273 1568 2311 eseam
1582 2272 1665 2309 suam
1678 2255 1775 2320 babet,
1789 2258 1817 2307 et

981 2351 1151 2421 requiescit.
1170 2351 1218 2402 Sic
1235 2365 1306 2419 orgo
1324 2347 1522 2400 omnishomo
1540 2345 1636 2398 fidelis
1652 2343 1816 2396 seeundum

982 2440 1033 2495 Dei
1049 2440 1227 2493 volontatem
1239 2440 1434 2491 conservatur
1445 2439 1473 2487 et
1487 2433 1567 2487 vivit.
1582 2433 1646 2485 Nou
1659 2433 1716 2484 lruc
1728 2437 1816 2501 ntqim

981 2528 1050 2583 illuc
1066 2545 1119 2598 per
1134 2528 1252 2580 diversa
1268 2527 1332 2579 loca
1352 2525 1496 2578 oberrans
1513 2520 1718 2588 circumvolat,
1740 2520 1818 2572 sieut

982 2619 1092 2672 iaciunt
1108 2616 1249 2670 baeretici.
1266 2615 1328 2668 Nec
1340 2612 1536 2667 saecularibus
1549 2610 1709 2664 desideriis
1721 2626 1755 2660 ae
1768 2626 1818 2661 vo-

981 2707 1141 2777 luptatibus
1164 2706 1325 2758 delectatur
1347 2700 1567 2771 corporalibus,
1593 2699 1645 2752 sed
1669 2698 1746 2750 sieut
1768 2697 1818 2749 illa

981 2796 1122 2859 volucris,
1135 2811 1201 2865 quai
1213 2793 1352 2847 carnibus
1363 2807 1422 2845 non
1431 2789 1571 2853 vescitur,
1583 2804 1702 2856 semper
1714 2785 1742 2839 in
1755 2802 1813 2840 uno

981 2885 1143 2955 eodemque
1160 2899 1192 2937 se
1209 2882 1338 2936 eontinet
1353 2884 1381 2934 et
1396 2878 1556 2950 requiescit
1577 2878 1656 2943 loco,
1680 2877 1709 2929 id
1724 2880 1769 2928 est
1785 2875 1815 2928 in

980 2973 1114 3027 Ecclesia
1138 2972 1281 3026 catholiea
1305 2973 1332 3022 et
1355 2967 1530 3038 apostolica,
1556 2971 1582 3019 et
1608 2965 1646 3018 ibi
1663 2968 1816 3034 permanet

981 3078 1075 3133 usque
1100 3062 1128 3115 in
1152 3064 1253 3129 linem,
1276 3059 1353 3112 sieut
1374 3057 1482 3110 dieitur
1506 3056 1535 3107 in
1561 3054 1740 3124 Evangelio:
1764 3054 1819 3116 Oui

93 3141 177 3214 Quia,
187 3144 214 3199 Si
222 3146 354 3201 ¹¹⁰¹⁰⁰sis
366 3147 396 3200 5¹¹
405 3146 525 3199 ⁰ffl01'05
535 3145 661 3216 ingredi,
674 3147 701 3198 0¹
710 3144 745 3197 ‘1⁰
754 3143 829 3212 il‘Si‘s
841 3139 925 3209 spiri·
939 3139 965 3200 C
980 3157 1076 3229 auteur
1083 3148 1332 3221 perseveraverit
1343 3145 1471 3217 usquein
1482 3143 1577 3203 tinem,
1589 3144 1637 3196 liic
1647 3142 1748 3195 salvus
1759 3142 1819 3195 erit

92 3233 669 3304 tualtbusescastibieapereetsumere,
680 3232 734 3287 sed
745 3229 922 3285 circumiens

93 3320 168 3376 toris
175 3323 352 3377 eteberrans
363 3324 497 3389 mortuis,
508 3327 536 3377 et
545 3322 719 3377 foedissimis
729 3318 924 3373 cadaveribus

94 3410 226 3481 saginari
235 3410 377 3480 volueris,
390 3413 425 3466 de
437 3412 546 3482 quibus
557 3411 626 3465 dicit
638 3408 812 3479 Apostolus:
826 3407 925 3460 blani-

93 3497 172 3554 sesta
182 3505 277 3554 autern
287 3507 355 3554 sant
365 3518 452 3571 opera
461 3501 571 3564 carnis
583 3516 645 3571 quae
654 3505 721 3552 sunt
730 3496 925 3559 i1nmunrlitia,

95 3587 253 3643 adulteria.
266 3587 425 3643 fornicatio
436 3589 627 3660 impudicitia,
641 3587 767 3649 luxuria,
783 3586 926 3650 ebrietas

95 3679 309 3743 commessatio,
328 3679 466 3741 avaritia,
478 3677 625 3748 cupiditas
635 3676 745 3745 (ibid),
759 3675 794 3728 ad
806 3675 930 3727 immun·

94 3765 349 3822 dorumsccietem
359 3765 525 3837 pervenies
538 3766 590 3819 Hae
600 3768 669 3819 sunt
677 3763 811 3817 carnales
819 3766 847 3816 et
856 3779 930 3815 mor-

93 3856 190 3911 tiferae
217 3872 314 3924 escae,
336 3856 445 3926 quibus
478 3854 596 3909 intelies
629 3854 735 3907 animae
760 3853 930 3908 nuitruntur

94 3943 132 3999 ad
142 3960 269 4015 poenam.
283 3943 371 4005 Disce
382 3944 473 4015 igitur
488 3948 588 3998 natare
605 3943 758 4012 superbae
772 3956 855 3995 mare
870 3957 929 3993 rna·

93 4049 192 4105 gnum,
206 4038 235 4087 et
246 4033 406 4104 spatiosam
417 4031 562 4097 inanibus,
576 4037 645 4085 sunt
655 4031 718 4085 illie
728 4030 850 4100 reptilia
862 4046 929 4100 quc-

94 4137 160 4177 rum
172 4126 285 4176 nonest
297 4136 437 4176 numerus
451 4120 545 4189 (Psal.
563 4122 635 4189 cm.)
651 4119 713 4173 Nec
723 4134 775 4172 eos
787 4118 872 4172 aliter
883 4132 930 4171 su·

94 4210 224 4282 perabis,
241 4209 298 4265 nisi
316 4226 369 4281 per
384 4210 503 4282 signum
519 4224 628 4263 crucis.
647 4207 747 4261 Sancti
762 4205 853 4278 igitur
867 4207 929 4258 tan-

94 4316 182 4373 quam
210 4316 302 4356 naves
316 4301 559 4370 pertranseuntes
575 4296 750 4368 perveniunt
773 4295 809 4349 ad
837 4309 929 4367 regna

980 3232 1099 3295 ittarta.
1117 3241 1157 3310 x).
1177 3239 1217 3292 lbi
1230 3253 1301 3308 ergo
1315 3252 1348 3289 se
1361 3234 1498 3300 eontinet,
1511 3236 1538 3285 et
1557 3232 1596 3284 ibi
1617 3231 1760 3284 Dominus
1773 3230 1818 3282 iu-

981 3330 1112 3385 babitare
1129 3328 1197 3382 lacit
1208 3326 1363 3381 unanimes
1376 3324 1405 3377 in
1421 3323 1517 3391 doute,
1531 3325 1557 3375 ct
1568 3320 1608 3373 ibi
1621 3320 1708 3373 bellet
1720 3320 1818 3388 quoti-

982 3426 1100 3480 dianum
1115 3439 1221 3494 panem
1238 3418 1480 3487 immortalitatis,
1505 3421 1604 3487 potum
1621 3430 1691 3468 vero
1707 3414 1819 3482 pretio·

981 3531 1048 3569 sum
1060 3513 1236 3584 sanguinem
1248 3510 1356 3564 (iluisti
1369 3525 1375 3575 3
1390 3507 1528 3561 reticiens
1541 3520 1573 3558 se
1585 3504 1697 3556 sanctis
1709 3502 1817 3572 epulis,

982 3607 1009 3658 et
1025 3596 1116 3673 strper
1131 3602 1187 3655 mel
1199 3604 1226 3655 et
1238 3600 1336 3653 savam
1351 3593 1540 3650 suavissimis
1552 3591 1678 3663 eloquiis
1692 3591 1818 3644 Domini.

980 3693 1048 3749 Non
1057 3691 1135 3746 enim
1144 3690 1174 3743 in
1184 3689 1245 3743 solo
1251 3704 1328 3759 pane
1340 3685 1413 3738 vivit
1422 3685 1515 3745 bomo,
1529 3681 1583 3735 saal
1592 3698 1631 3734 er
1639 3680 1716 3732 oruiu'
1728 3679 1820 3733 verbe

982 3783 1039 3838 Dei
1054 3780 1173 3849 (llattli.
1186 3786 1236 3841 iv).
1253 3776 1354 3830 Fulira
1370 3772 1434 3826 navis
1450 3774 1495 3825 est
1506 3769 1689 3841 stagnensis,
1706 3768 1819 3821 babens

982 3872 1083 3926 nidum
1099 3870 1128 3922 in
1144 3866 1240 3922 medic
1257 3881 1351 3936 aquae,
1368 3862 1415 3915 vel
1427 3861 1456 3914 in
1471 3859 1563 3930 petris
1575 3874 1650 3929 spiras
1666 3873 1740 3928 aqua
1757 3857 1816 3908 rir-

983 3960 1109 4031 eumdat,
1126 3956 1329 4025 maritimoque
1346 3966 1464 4020 semper
1482 3949 1643 4002 delectatur
1659 3945 1814 4017 protunda,

982 4051 1052 4104 dum
1081 4049 1282 4118 tempestatem
1308 4040 1518 4114 praesenserit,
1550 4037 1668 4109 lugiens
1695 4035 1723 4090 in
1748 4035 1816 4092 nido

982 4137 1064 4193 ludit.

94 4470 1801 4510 Mm-

683 4621 868 4700 LIBER
916 4611 1232 4694 SECUNDUS

456 4773 529 4847 ctu
553 4771 630 4834 esa
652 4765 882 4832 essemus
904 4763 960 4823 na
983 4758 1169 4823 aaronis
1192 4753 1456 4818 saramania.

832 4898 1025 4914 *1-

402 5072 612 5132 PROLOGUS.

125 5187 292 5243 Bestiarum
314 5183 491 5241 vocabulum
512 5179 630 5252 proprie
655 5177 792 5233 convenit
811 5175 922 5247 pardis,

88 5277 240 5348 vulpidus,
256 5275 396 5347 tigribus,
414 5272 502 5342 lupis,
519 5269 626 5335 simiis,
643 5267 734 5333 ursis,
752 5269 779 5321 et
795 5265 922 5332 caeteriS,

88 5383 155 5439 quae
164 5365 211 5421 vel
221 5381 281 5434 cre,
295 5362 341 5418 vel
355 5360 505 5433 unguibus
515 5357 651 5425 soeviunt,
664 5355 796 5425 exceptis
805 5370 925 5425 serpen·

941 5047 968 5107 Ῑ)
984 5067 1065 5122 berae
1077 5082 1177 5121 eorum
1190 5065 1367 5129 voluntates,
1380 5066 1408 5118 et
1418 5063 1475 5116 bur
1487 5067 1572 5132 atquo
1585 5061 1652 5114 illue
1664 5062 1819 5130 vagantur,

985 5160 1013 5210 et
1028 5171 1087 5228 quc
1102 5153 1218 5208 animus
1235 5153 1360 5218 duxerit,
1378 5168 1412 5206 ec
1428 5153 1571 5206 seruntur.

1262 5242 1331 5295 Cae.
1351 5242 1372 5295 l.
1391 5241 1434 5295 lle
1450 5241 1543 5295 leone.

1020 5350 1080 5404 Leo
1097 5366 1134 5404 ex
1148 5350 1251 5404 Graeco
1267 5347 1412 5401 vocabulo
1424 5347 1563 5402 inilcxnm
1577 5351 1621 5399 est
1633 5345 1663 5399 in
1675 5344 1821 5410 latinum,

86 5456 178 5511 tibus
197 5454 305 5510 Bestiae
316 5456 413 5513 autem
424 5448 561 5503 dicuntur
575 5463 592 5500 a
607 5444 760 5512 vastando,
778 5448 806 5498 et
819 5444 849 5497 vi
865 5459 923 5514 qua
982 5440 1043 5493 lior
1058 5440 1135 5494 enim
1152 5439 1258 5492 dieitur
1272 5439 1385 5493 Graece.
1412 5436 1464 5490 Est
1485 5451 1537 5489 rex
1554 5434 1697 5503 serarum,
1715 5437 1743 5487 et
1759 5447 1822 5486 om-

88 5544 227 5602 soeviunt.
240 5543 323 5598 Ferae
334 5539 518 5611 appellantur
528 5553 563 5592 eo
575 5535 653 5608 quod
664 5533 788 5589 naturali
806 5535 923 5586 utantur
982 5529 1063 5583 nium
1074 5527 1295 5599 ‹puali-apertum
1309 5527 1458 5596 princeps,
1473 5524 1561 5595 nujus
1572 5540 1667 5596 genus
1677 5520 1821 5576 trifarium

85 5633 231 5706 libertate,
248 5636 276 5689 et
296 5628 444 5687 desiderio
464 5642 519 5682 suc
539 5626 679 5684 terantur.
700 5622 773 5679 Sunt
793 5621 871 5676 enim
886 5620 922 5674 ti·
982 5611 1822 5688 dieitur.Equitiusbreresarjubaerispaimbellessunt.
