3796 6022
86 263 166 332 1103

510 261 731 327 APPENDIX
751 262 810 326 Ab
832 260 1024 327 HUGONIS
1046 255 1191 325 OPERA
1212 258 1402 325 MYSTICA

1739 259 1819 326 1104

85 468 146 523 tem
166 465 196 522 et
218 468 393 538 sequentem
414 464 481 537 ejus
505 464 688 536 pravitatem,
705 464 848 520 Dominus
867 480 921 536 per
933 445 963 507 Α
976 463 1102 519 lissimis
1114 463 1267 534 spinarum
1278 463 1407 519 stimulis
1419 463 1675 536 gensillaperltda
1686 478 1819 534 semper·

86 554 246 611 tenemium
263 554 334 609 dieit
350 570 356 609 :
374 555 439 626 Epo
451 553 588 626 plantavi
613 559 641 609 te
666 555 780 608 vineam
797 553 920 609 electam

87 659 172 700 omne
181 659 284 699 semen
293 644 618 716 ver·um,quomodoeon
625 659 709 699 versa
717 659 751 699 es
759 643 789 697 in
795 659 921 715 pravum

89 734 174 787 vinea
183 731 302 787 aliena?
314 732 389 803 (der.
401 735 442 802 u).
456 733 491 787 Et
501 734 569 803 post
579 748 673 804 pauca
682 732 828 787 ieremias
839 733 919 802 ipse:

88 821 202 877 Olivam
218 820 350 889 uberem,
362 820 527 893 pulobrom,
545 821 745 886 fructiferam,
758 821 920 892 speciosam

89 909 207 966 vocavit
225 909 369 964 Dominus
380 926 483 965 nomen
506 916 583 964 tuum
598 911 673 979 (der.
685 911 737 979 xi).
756 909 802 963 nd
817 925 921 963 vocem

85 998 214 1072 loquelae
224 999 349 1071 grandis
358 998 472 1054 exarsit
481 998 649 1070 ignisinea.
658 997 920 1069 Abrahamquippe

84 1088 179 1160 Isaac,
191 1089 220 1143 et
234 1087 338 1157 taeob,
359 1091 388 1142 et
402 1087 560 1158 plerosque
571 1103 609 1142 ex
624 1102 727 1141 eorum
742 1086 834 1155 stirpe
849 1100 920 1155 pro-

85 1178 204 1251 genitos
213 1176 505 1246 Dominoplaouisse‚
514 1174 919 1245 etcumipsissiveperipsos

85 1266 242 1322 Dominum
256 1265 386 1320 locutum
402 1279 472 1320 esse
487 1264 638 1335 Scriptura
652 1266 729 1318 teste
749 1262 917 1333 didicimus,

976 553 1093 623 hispida
1104 553 1168 620 luit,
1179 558 1207 607 et
1218 554 1308 609 tiores
1317 569 1354 608 ex
1366 569 1399 607 se
1410 554 1618 624 procedentes,
1634 553 1665 608 id
1681 557 1729 608 est
1744 568 1817 623 pro·

975 624 1091 714 phetas,
1101 641 1209 696 etalios
1219 640 1319 713 justos
1328 657 1365 697 ex
1376 658 1409 696 se
1418 645 1503 697 natos
1514 642 1657 712 lacerare,
1668 645 1698 697 et
1710 657 1816 696 eruen-

975 736 1036 785 tare
1049 747 1107 785 non
1118 731 1216 785 desiit.
1230 731 1274 784 Ex
1289 731 1399 803 quibus
1418 731 1471 786 alii
1481 731 1518 786 ab
1531 733 1576 786 eis
1594 732 1673 786 secti
1688 736 1769 800 sunt,
1785 735 1816 785 ut

975 819 1080 888 lsaias;
1092 819 1144 873 alii
1150 819 1283 891 lapidati.
1295 819 1476 875 utteremias
1486 819 1665 891 iuAEgvpto,
1677 819 1814 875 Ezechiel

975 909 1004 961 in
1017 908 1183 979 Babylone3
1200 907 1253 962 elii
1268 909 1300 962 in
1319 909 1467 964 occisione
1480 908 1769 981 plediimortidcati,
1785 913 1816 962 ut

976 997 1183 1066 Urias,tosias
1191 1012 1198 1066 3
1206 997 1258 1050 alii
1267 996 1358 1051 minis
1368 1012 1468 1052 eorum
1480 997 1576 1069 lopati
1583 998 1772 1052 circuierunt
1783 998 1813 1051 in

973 1085 1099 1151 melotis,
1105 1087 1135 1139 in
1140 1083 1455 1157 pellibuseaprinis,ut
1463 1085 1555 1156 Elias,
1567 1092 1702 1158 epentes
1712 1102 1815 1156 enpus-

974 1173 1812 1246 tieti‚alllioti,puorumdipnusnoneratmundustHebm.)

973 1262 1032 1318 Sed
1049 1266 1078 1317 et
1092 1263 1243 1333 principes
1260 1279 1361 1318 eorum
1377 1263 1495 1318 viduam
1516 1267 1545 1319 et
1563 1264 1709 1319 advenam
1724 1263 1814 1317 inter·

85 1370 121 1410 ee
135 1371 190 1427 per
204 1354 261 1409 hoc
272 1353 324 1408 viti
335 1353 505 1408 sivevineae
519 1353 567 1407 vel
578 1352 665 1407 olivet
676 1351 822 1407 autetiam
833 1352 919 1407 ticul-
974 1351 1117 1421 lecerunt,
1136 1354 1164 1406 et
1179 1352 1308 1422 pupillos
1332 1352 1505 1408 oeciderunt
1531 1356 1560 1408 et
1574 1353 1724 1421 dixerunt,
1748 1352 1813 1406 Nou

84 1459 150 1500 neae
165 1444 286 1516 gentem
308 1441 388 1496 illam
402 1442 507 1496 merito
523 1443 689 1511 comparari
713 1440 917 1514 agnoscimus.
973 1440 1086 1496 videbit
1093 1440 1235 1496 Dominus
1247 1441 1342 1511 (Psal.
1351 1448 1464 1509 xcxiii).
1475 1442 1630 1497 Nametde
1638 1440 1813 1513 hujusmodi

84 1532 144 1589 Sed
167 1534 197 1587 et
210 1546 289 1585 nune
314 1529 466 1586 videamus
482 1530 630 1602 quomodo
651 1533 681 1586 et
701 1545 792 1602 quare
808 1531 917 1601 spinae,
974 1529 1192 1584 crudelissimis
1208 1530 1419 1600 punctionibus
1430 1528 1544 1585 Scribis
1553 1531 1749 1602 etphariseeis
1758 1530 1811 1585 Do·

85 1637 152 1693 quae
168 1618 305 1683 stimulos
316 1621 419 1675 acutos
433 1619 578 1690 producit,
592 1622 621 1675 et
628 1619 788 1674 crudeliter
797 1618 917 1690 pungit,
974 1619 1072 1673 minus
1083 1619 1269 1688 exprobrans
1283 1619 1341 1673 ait:
1361 1618 1409 1674 Vae
1420 1618 1513 1689 vobis,
1527 1618 1647 1674 Scribas
1660 1623 1691 1674 et
1701 1619 1813 1674 Pbari-

85 1709 188 1764 eadem
201 1723 278 1781 gens
289 1712 409 1780 prepter
423 1708 581 1763 multorum
596 1709 724 1763 fitiorum
735 1724 857 1763 suorum
869 1708 919 1763 im·
974 1707 1811 1780 saeihypocrite,prriaedilicatisscpuleliraproplreterum,

84 1796 293 1869 pietatemju're
302 1797 407 1853 debeat
415 1797 589 1868 comparari,
603 1801 630 1852 et
640 1797 827 1852 inveniemus
838 1796 917 1868 quod
933 1766 959 1828 Β
975 1798 1127 1852 sternatis
1140 1798 1490 1868 monumentajusterum,
1508 1798 1649 1852 ctdicitis
1664 1818 1673 1851 :
1691 1797 1727 1852 Si
1736 1797 1811 1851 nns-

84 1887 166 1943 multi
179 1886 360 1942 crudelitatis
371 1885 438 1958 ejus
449 1887 567 1942 aculeie
580 1887 658 1941 sacri
670 1887 779 1958 eloquii
790 1887 919 1940 testimo·
974 1887 1343 1957 semusindiebuspatrum
1352 1887 1813 1950 nostrorum,uonessemussoeii

84 1976 143 2032 niis
151 1977 269 2048 possint
279 1975 469 2031 dinumerari.
483 1971 613 2030 Primum
623 1976 721 2046 itaque
738 1975 867 2047 legimus
883 1975 918 2029 de
975 1975 1811 2048 eoruminsaopirineproplretarum.ltaqueintestimonio

85 2065 268 2121 crudelitatis
279 2065 378 2137 gentis
388 2064 469 2119 illius
481 2064 609 2119 stimulis
626 2064 740 2134 loseph
754 2079 770 2117 a
782 2063 846 2117 suis
858 2063 919 2118 lra—
975 2066 1051 2120 estis
1066 2064 1296 2134 vobismetipsis
1308 2065 1383 2136 quod
1394 2064 1450 2118 lilii
1465 2066 1541 2119 estis
1555 2081 1668 2127 eorum,
1682 2066 1732 2137 qui
1744 2080 1813 2137 pro·

84 2155 180 2210 tribus
191 2153 302 2226 injuste
312 2154 380 2209 odie
396 2153 543 2223 habitum,
554 2152 655 2208 tunica
668 2152 751 2207 talari
767 2153 918 2222 nudatum,
972 2155 1080 2225 plautas
1089 2154 1387 2221 oeciderunttrtlnttlr.
1399 2155 1493 2223 xxm).
1508 2153 1543 2207 Et
1554 2158 1622 2223 post
1636 2169 1733 2224 pauca
1751 2154 1813 2209 :le-

85 2241 921 2314 ineisternapositum,netandemIsmaelitisnegoeioto·
977 2243 1105 2298 raa-olem
1121 2241 1296 2303 Jerusalem,
1310 2258 1372 2313 quoe
1390 2243 1503 2296 occidis
1513 2243 1680 2313 propbetas
1698 2248 1728 2297 ct
1746 2241 1813 2314 lepi-

84 2333 169 2389 ribus
192 2333 352 2388 crudeliter
372 2332 534 2402 venditum,
557 2332 593 2386 ad
617 2334 735 2386 exteras
755 2333 784 2384 et
803 2331 921 2402 ignotas
976 2333 1029 2387 dua
1041 2331 1147 2402 eosqui
1156 2330 1194 2385 ed
1204 2336 1232 2384 te
1243 2330 1620 2401 missisuutiibid).tlabuit
1631 2332 1811 2387 etiamarbor

51 2480 56 2486 ,
87 2425 194 2495 gentes
210 2422 388 2477 ducendum.
403 2421 435 2476 ln
451 2421 583 2494 AEgypto
598 2435 748 2492 quoquae
768 2419 921 2475 Pharaone
980 2421 1049 2474 istia
1059 2420 1813 2493 tolianonsempermnnsura,sedquandoquecasu·

85 2510 196 2580 afflicti,
213 2510 283 2565 dum
297 2511 468 2581 patientiam
481 2510 512 2564 in
522 2509 659 2565 adversis
670 2509 781 2563 habere
798 2508 921 2564 debuis-
979 2507 1815 2581 ra,earnetesscilicetlegisobservantias,quarumdedu·

88 2600 166 2669 sent,
178 2598 325 2652 adversus
342 2598 466 2669 Moysen
480 2601 508 2653 et
523 2600 622 2651 Aaron
639 2597 749 2652 turbati
759 2597 897 2652 dixerunt
913 2613 919 2653 :
976 2598 1084 2654 entiam
1093 2597 1349 2667 Paulusinsiuuat,
1362 2598 1431 2652 dum
1446 2598 1481 2652 ad
1495 2613 1547 2652 eas
1560 2598 1632 2652 dicit
1644 2599 1813 2670 parabolam

85 2687 197 2744 Fetere
207 2686 326 2742 fecistis
336 2685 455 2741 odorem
469 2694 601 2742 nostrum
613 2701 711 2741 coram
721 2685 881 2741 lernonc
892 2693 921 2747 et
975 2687 1118 2757 temporis
1136 2686 1274 2740 instantis
1289 2703 1294 2740 :
1313 2686 1401 2741 turta
1415 2704 1497 2759 quam
1516 2703 1638 2741 munera
1658 2693 1688 2741 et
1700 2687 1813 2743 bestias

88 2774 190 2833 servis
200 2775 275 2847 ajon,
287 2781 317 2831 et
324 2773 502 2847 praebuistis
512 2779 542 2830 et
551 2773 681 2847 cladium
693 2779 723 2828 ut
734 2774 921 2830 interliceret
977 2775 1152 2838 eliciebant,
1173 2791 1234 2847 qim
1248 2792 1305 2829 raon
1324 2775 1471 2842 valebant,
1481 2776 1569 2846 juxta
1584 2778 1812 2844 conscientiam,

89 2881 144 2922 nos
163 2864 271 2936 (Exod.
290 2864 330 2935 v).
348 2864 508 2931 Postquam
532 2866 628 2918 autem
652 2864 770 2934 egressi
792 2866 861 2918 sunt
885 2863 921 2919 de
972 2864 1140 2936 perlectum
1148 2864 1450 2931 lacereservientem,
1461 2863 1640 2919 solummodo
1648 2866 1774 2935 incidis,
1785 2873 1813 2920 et

86 2954 219 3027 AEgypto
243 2956 310 3008 ante
333 2953 490 3008 transitum
504 2953 596 3007 maris
613 2953 715 3022 Rubri,
733 2952 803 3007 dum
822 2952 921 3023 AEgv-
972 2954 1107 3026 potibus,
1121 2959 1150 3007 et
1161 2953 1256 3008 variis
1267 2952 1512 3024 baptismatibus,
1530 2954 1704 3026 ctjnstitiis
1715 2955 1813 3009 carnis

85 3044 164 3117 ptios
175 3059 209 3099 se
219 3044 366 3099 vidissent
376 3045 547 3115 sequentes
560 3042 720 3097 saevientes
731 3044 833 3096 contra
844 3042 922 3112 blov-
937 3089 963 3150 c
978 3044 1231 3115 usqueadtcmpus
1238 3041 1436 3096 correctionis
1443 3042 1705 3113 impositisfflebr.
1716 3045 1768 3111 rx).
1780 3043 1813 3097 Et

88 3150 142 3190 sen
152 3133 289 3189 dixerunt
299 3149 305 3188 :
314 3132 454 3187 Forsitan
461 3148 517 3186 non
527 3131 776 3203 erantsepulcbra
788 3131 819 3183 in
825 3131 921 3202 AEpy·

83 3229 144 3296 pto,
153 3222 326 3279 ideotulisti
336 3237 390 3276 nos
399 3219 920 3284 utmorcremurinsolitudine.erid

87 3312 142 3367 lroc
156 3310 260 3367 lucere
280 3309 410 3382 voluisti,
433 3315 462 3363 ut
482 3309 628 3364 educeres
646 3309 747 3363 nosde
763 3308 921 3380 AEpp'pto?

86 3400 194 3457 Nonne
217 3401 276 3455 iste
300 3405 346 3455 est
366 3414 465 3454 sermo
482 3415 565 3470 quem
582 3397 773 3469 loquebamur
790 3397 828 3451 ad
844 3402 873 3451 tc
890 3415 921 3452 rn

87 3489 233 3560 AEqypto,
247 3488 383 3542 dieentes
400 3487 543 3541 :Recede
565 3503 581 3541 a
600 3486 686 3542 nobis
706 3491 736 3540 ut
753 3487 923 3541 serviamus

87 3575 362 3649 AEpyptiis:multo
376 3576 454 3630 enim
464 3574 573 3629 melius
587 3581 632 3629 est
643 3576 765 3630 servire
778 3576 823 3630 cis
838 3592 921 3647 quern

86 3665 203 3724 moriin
213 3664 395 3721 solitudine?
403 3664 511 3733 (tired.
524 3664 596 3736 xrv).
604 3664 677 3718 Post
686 3664 839 3718 transitum
851 3680 921 3719 vere

86 3756 179 3813 maris
190 3755 285 3812 Rubri
294 3755 324 3809 in
342 3754 461 3810 deserto
472 3752 524 3808 Sin
534 3753 667 3808 furentes
680 3753 826 3808 adversus
839 3754 922 3826 bloy-

88 3862 142 3902 sen
153 3847 289 3902 etAnron
304 3844 456 3900 dixerunt:
473 3841 590 3898 Utinam
601 3843 710 3899 mertui
721 3858 855 3898 essemus
865 3860 923 3916 per

87 3951 205 3990 manum
214 3933 333 3989 Domini
339 3934 370 3987 in
381 3939 464 3988 terro
473 3933 613 4005 AEpypti,
624 3932 738 4004 quando
746 3932 924 3988 sedebamus

88 4038 178 4094 super
189 4022 264 4076 ollas
273 4023 416 4090 earnium,
427 4027 455 4076 et
463 4021 687 4076 comedebamus
692 4037 798 4092 penem
807 4022 838 4075 in
846 4026 924 4076 satu·

88 4112 190 4166 ritate.
203 4109 263 4164 Gur
274 4109 407 4165 eduxisti
416 4125 469 4163 nos
479 4109 510 4163 in
520 4109 672 4164 desertum
683 4109 774 4179 istud,
788 4115 817 4163 ut
828 4110 924 4164 inter-

87 4199 223 4256 dceretis
231 4213 344 4254 omnem
353 4195 571 4252 multitudinem
583 4196 794 4266 lametfflror.
805 4199 876 4270 xvi).

123 4288 182 4344 Sed
193 4303 259 4343 eum
268 4285 522 4358 psalmographus
532 4288 653 4356 propter
661 4285 849 4355 multiplicem
861 4304 924 4358 pra·

977 3133 1061 3187 alibi:
1073 3130 1767 3204 lleprobatiodtprteeedeutisrnorrdetipropter
1775 3133 1814 3186 in·

977 3219 1810 3293 denuitatemojusetinutilr'tatemNilrilenimadperlec-

978 3316 1036 3364 tum
1048 3310 1171 3364 adduxit
1183 3309 1233 3363 ler
1243 3307 1348 3379 (Helu.
1363 3311 1427 3375 vn).
1441 3308 1583 3363 Umbram
1594 3309 1675 3364 enim
1686 3310 1810 3365 habebat

975 3398 1348 3453 lexluturorumbonorum
1357 3413 1416 3452 non
1428 3397 1692 3470 ipsamimaginem
1703 3415 1809 3454 rerum.

975 3487 1171 3560 lntelligimus
1182 3485 1473 3557 itaqueinnbrnham
1482 3487 1601 3543 arboris
1613 3491 1729 3543 nostrae
1739 3488 1812 3543 radi·

975 3592 1048 3632 cem:
1059 3577 1090 3631 in
1098 3577 1215 3631 Isaacet
1228 3575 1320 3630 Jacob
1331 3575 1471 3645 stipitem,
1483 3576 1513 3630 in
1524 3576 1810 3648 duodecimpatriar·

976 3667 1040 3721 chis
1054 3666 1207 3735 ramos3iu
1222 3664 1401 3719 filiiseorum
1417 3664 1597 3736 multiplices
1612 3666 1811 3734 ramusculos

975 3758 1004 3810 in
1021 3755 1189 3809 carnalibus
1205 3752 1415 3823 observantiis,
1426 3753 1512 3825 lotia,
1527 3754 1556 3808 in
1569 3754 1809 3826 Justisantiquis,

975 3845 1123 3916 praecipue
1139 3842 1308 3914 prophetis,
1334 3843 1441 3910 tiores;
1458 3842 1488 3897 in
1511 3842 1709 3914 pravitatibus
1724 3844 1807 3914 ejus·

976 3935 1043 3988 dem
1058 3933 1177 4003 populi,
1197 3931 1329 4002 spinales
1350 3931 1498 3986 stimulos.
1521 3932 1600 3986 lnter
1614 3947 1693 4003 quos
1708 3931 1810 3987 videti·

976 4026 1022 4078 cet
1037 4023 1125 4076 dores
1141 4022 1226 4076 beata
1241 4021 1327 4092 virgo
1344 4021 1434 4074 bieria
1449 4021 1566 4076 caeteris
1582 4020 1749 4093 gloriosius
1763 4037 1810 4075 ru·

976 4112 1048 4180 tilat,
1065 4127 1131 4182 quoe
1147 4125 1206 4164 non
1221 4110 1319 4164 sotum
1333 4109 1482 4181 antiquos,
1494 4125 1598 4165 verum
1611 4113 1640 4165 et
1655 4110 1809 4166 universos

974 4201 1076 4273 justos
1091 4216 1145 4255 suu
1162 4197 1379 4269 pulchritudine
1396 4200 1526 4268 superat.
1668 4271 1672 4277 Ι

1013 4289 1071 4344 Sed
1090 4288 1160 4360 quio
1174 4288 1304 4342 diximus
1320 4287 1468 4358 quomodo
1486 4302 1563 4359 gens
1574 4287 1700 4343 ludaeis
1719 4289 1809 4360 spine

87 4374 963 4458 vitatiseorumnequitiumnoninterrogando,sedadmi-D
979 4380 1182 4449 comparetur,
1208 4376 1342 4430 dieamus
1364 4376 1512 4446 quomodo
1538 4375 1624 4431 beata
1647 4377 1740 4432 Maria
1763 4392 1812 4448 per

87 4468 180 4525 rende
197 4469 226 4522 et
242 4465 388 4537 stupende
405 4463 566 4535 proclamet
584 4463 686 4518 dicens
698 4479 703 4518 :
717 4463 837 4529 Quoties
853 4481 922 4520 ene·

88 4557 289 4614 cerbaverunt
302 4571 366 4610 cum
380 4555 412 4607 in
428 4554 558 4622 deserto,
570 4553 602 4606 in
617 4553 693 4607 iram
710 4560 922 4608 converterunt

87 4645 248 4703 Encelsum
260 4645 291 4699 in
303 4641 568 4716 inaquosottl'sal.
584 4640 642 4711 ev).
654 4641 729 4707 Quid
740 4658 866 4698 necesso
878 4646 923 4698 cst

89 4734 241 4808 sigillatim
251 4749 353 4789 eorum
363 4731 568 4786 contentiones
579 4731 778 4786 describendo
788 4732 922 4786 laborare

88 4823 223 4881 etvarias
235 4838 336 4878 eorum
348 4822 429 4875 rixas
441 4822 639 4891 dinumerare,
648 4820 757 4891 quibus
769 4821 923 4876 Dominum

89 4916 117 4968 et
132 4912 255 4981 Moysen
279 4911 468 4966 irritaverunt
483 4910 512 4963 in
537 4910 655 4978 castris,
682 4911 838 4981 Aaronque
855 4926 923 4964 san-

89 5004 168 5056 otum
186 5000 323 5054 Domini?
339 4999 387 5054 Sic
413 5004 440 5054 et
458 4999 489 5055 iu
513 5003 590 5053 terra
609 4999 817 5068 promissionis
833 4999 923 5069 positi

87 5089 314 5144 immolaverunt
336 5089 492 5143 deerironiis
517 5092 545 5142 et
568 5103 628 5142 neu
652 5088 729 5157 Deo;
753 5089 820 5157 diis,
846 5105 922 5160 quos

87 5178 275 5253 ignorabant,
287 5180 315 5232 et
323 5179 413 5232 Deum
421 5179 470 5249 qui
480 5193 531 5232 cos
543 5176 920 5249 genueratdereliquerunt,

86 5273 117 5324 et
140 5268 222 5323 obliti
245 5272 313 5323 suut
338 5268 453 5321 Domini
478 5267 621 5321 creatoris
643 5267 700 5321 sui.
725 5267 835 5321 Altaria
854 5266 921 5338 ejus

87 5357 299 5412 destruxerunt
313 5358 341 5411 et
357 5355 516 5426 prophetas
529 5355 710 5410 occiderunt.
732 5356 777 5410 Ad
788 5355 922 5411 ultimum

85 5460 178 5518 vero,
202 5449 234 5502 ut
257 5445 406 5501 cumulum
429 5443 625 5498 damnationis
650 5461 714 5499 suae
730 5461 920 5501 consumma-

978 4483 1088 4532 rosam,
1115 4467 1143 4520 id
1170 4468 1216 4520 est
1238 4466 1332 4535 ipsam
1348 4464 1450 4519 tiorem
1466 4465 1664 4536 significetur.
1690 4467 1725 4520 ln
1745 4481 1810 4520 rosa

978 4559 1104 4628 quotuor
1117 4555 1247 4609 discerni
1270 4568 1361 4624 posse
1384 4553 1540 4624 videntur,
1558 4554 1675 4610 scilieet
1694 4559 1809 4623 natura,

977 4647 1081 4716 torma,
1094 4644 1177 4698 color
1189 4646 1216 4697 et
1234 4643 1316 4698 odor.
1329 4643 1439 4697 Natura
1450 4645 1496 4697 est
1508 4658 1577 4697 rosa
1586 4642 1707 4715 frigida,
1720 4643 1810 4699 torma

975 4736 1042 4803 leta,
1056 4734 1154 4789 colore
1172 4733 1238 4787 elba
1257 4735 1307 4786 aut
1317 4732 1421 4802 rubra,
1438 4731 1529 4786 odoro
1544 4735 1637 4804 gruta.
1656 4732 1714 4786 Per
1728 4735 1808 4787 natu·

975 4839 1038 4878 ram
1049 4838 1121 4895 ergo
1132 4821 1282 4894 significat
1292 4822 1430 4876 vitiorum
1440 4821 1662 4890 extinctionem,
1678 4837 1734 4892 per
1751 4821 1809 4877 ior-

976 4929 1043 4967 nam
1055 4912 1237 4981 charitatem,
1256 4926 1309 4981 per
1320 4909 1450 4965 colorem
1469 4910 1626 4980 puritatem
1645 4914 1675 4965 et
1693 4911 1809 4981 passio-

975 5017 1053 5071 nem,
1072 5001 1119 5056 vcl
1139 5003 1217 5055 certe
1229 4998 1476 5069 compassionem.
1495 4999 1552 5054 Per
1567 4999 1689 5054 odorem
1705 4999 1810 5055 bonam

976 5091 1153 5160 opinionem.
1163 5088 1234 5154 Quae
1244 5091 1358 5156 cuncte,
1371 5092 1494 5159 exceptu
1503 5088 1650 5159 corporali
1659 5089 1808 5160 passione,

974 5181 1069 5235 beatae
1085 5179 1195 5246 Mariua,
1208 5176 1296 5248 cujus
1308 5177 1396 5232 hodie
1406 5177 1588 5232 nativitatem
1604 5177 1807 5245 celebramus,

974 5268 1142 5324 rectissime
1158 5270 1335 5339 congruunt.
1353 5265 1437 5333 Nam,
1455 5269 1486 5321 ut
1510 5270 1627 5321 coetera.
1655 5283 1724 5338 quae
1739 5267 1809 5322 sutis

974 5362 1042 5413 nota
1053 5360 1131 5427 sunt,
1144 5359 1266 5424 taceam,
1279 5356 1417 5410 virtutem
1428 5355 1741 5426 compassionisbeate
1753 5355 1810 5410 Me·

973 5448 1017 5502 ria
1031 5447 1149 5515 habuit,
1167 5446 1236 5518 quia
1252 5445 1317 5517 ejus
1334 5445 1474 5512 animem,
1492 5444 1726 5516 sioutscriptum
1745 5447 1806 5514 est,

80 5539 170 5606 nent,
196 5538 347 5592 auctorem
362 5533 430 5589 vitae
451 5533 533 5588 eruci
553 5533 736 5605 configentes
760 5535 919 5592 intereme-
973 5535 1085 5592 doloris
1099 5535 1218 5608 eladius
1229 5533 1434 5609 pertransivit
1442 5533 1531 5605 ibeo.
1550 5533 1808 5608 11).13itur,sieut

77 5626 164 5719 eunt.
176 5623 232 5687 His
242 5628 271 5711 et
281 5622 454 5718 hujusmodi
463 5621 709 5710 perversitatibus
719 5622 800 5684 velut
814 5624 918 5689 erude-
973 5641 1065 5705 supra
1081 5625 1192 5685 dietum
1202 5628 1257 5701 est,
1275 5623 1379 5685 tuden
1394 5625 1441 5685 est
1455 5623 1556 5707 spina,
1572 5622 1759 5685 Mariarosa.
1774 5623 1808 5688 Et
