3796 6022
123 280 182 350 211
509 283 729 352 APPENDIX
749 283 807 350 AD
831 282 1025 351 HUGONIS
1046 283 1191 350 OPERA
1212 282 1479 352 DOGMATIOA.
1791 287 1852 353 212

125 486 280 545 fecundas.
292 487 345 545 Bis
355 489 436 545 metit
447 489 477 544 in
489 504 575 559 anno,
588 488 685 562 gignit
695 488 776 544 tincti
788 489 897 557 eoloris
909 488 959 543 ho·
971 467 1000 528 Α
1017 491 1087 543 sunt
1098 488 1265 557 Amazonia,
1277 489 1410 557 Albania,
1422 489 1571 560 Hiroania,
1580 491 1706 561 Bactria,
1719 492 1849 560 tilher-ia,

125 579 222 634 mines
237 581 266 634 et
280 578 452 650 elephantos
468 579 615 651 ingentes,
628 581 656 634 et
666 578 874 635 rhinoceronta
889 580 958 633 bes·
1017 576 1165 647 Armenia,
1178 577 1372 648 Cappadocia,
1384 578 1522 648 Chalcos,
1536 581 1607 634 Asia
1619 581 1724 650 minor,
1737 581 1849 636 Cilicia.

125 667 210 738 tiam,
227 667 383 739 psittacum
399 682 496 737 avem,
519 668 644 723 ebenum
660 669 787 740 lignum,
806 669 959 723 cinnamo·
1017 667 1175 722 Amazonia
1190 668 1267 722 diota
1283 671 1328 722 est
1343 683 1378 722 eo
1393 669 1471 738 quod
1487 670 1517 722 in
1533 685 1566 724 ea
1582 669 1698 724 femiam
1713 677 1848 742 regnant,

125 773 220 826 mum,
238 758 331 828 piper,
348 760 376 812 ct
391 757 535 812 calamum
555 758 756 814 aromaticum.
774 758 859 811 Mittit
875 757 958 826 ebur,
1016 771 1093 827 quae,
1110 773 1146 811 nc
1162 759 1358 828 impediantur
1369 775 1385 811 a
1397 759 1573 831 sagittando,
1585 760 1692 829 puellis
1704 761 1768 813 suis
1780 760 1850 814 ‹lex-

125 846 961 918 berilloS‚chrysoprasos,adamantcs,lignetcS,carbun-
1016 848 1091 900 tram
1106 847 1263 901 mamillam
1282 848 1422 902 adimunt.
1447 848 1570 902 Albania
1592 849 1629 902 ab
1644 849 1780 902 albertino
1796 866 1850 919 po-

126 935 221 1003 culos,
239 936 425 1007 margaritae,
442 937 579 1006 unioneS,
598 937 707 1008 quibus
719 936 860 990 nobilium
877 937 960 990 temi—
1016 935 1529 1008 puli.liujustcrrmoanesingentes
1540 938 1849 999 tantaeteritatissmrr,

125 1039 230 1078 aarum
245 1023 328 1079 ardet
337 1024 467 1079 ambitio.
481 1025 576 1080 llabct
587 1028 614 1079 ct
625 1028 741 1079 montes
753 1040 870 1095 aureos,
883 1040 959 1096 quos
1016 1026 1047 1077 ut
1065 1028 1167 1079 tauros
1190 1028 1337 1094 premant,
1362 1026 1464 1080 leones
1488 1027 1642 1095 perimant.
1661 1027 1799 1080 Biroaaia
1815 1028 1852 1079 alr

125 1112 199 1167 adiri
213 1115 334 1183 propter
349 1113 509 1186 dracones,
527 1117 635 1188 tigreS,
656 1121 684 1171 et
699 1116 846 1189 gryphem
864 1119 892 1170 et
908 1114 960 1167 im·
1016 1112 1155 1167 Hiroania
1167 1114 1241 1168 silva
1254 1115 1375 1184 copiosa
1386 1114 1469 1184 ieris,
1481 1118 1508 1169 et
1519 1115 1674 1186 gregibus,
1687 1115 1852 1185 pantheris,

124 1216 297 1256 mensorum
307 1201 458 1258 hominum
469 1219 579 1276 genera
591 1222 663 1261 sane
674 1223 760 1279 quarn
773 1205 892 1260 diitlcile
903 1206 957 1258 est.
1016 1205 1044 1257 et
1066 1203 1177 1272 pardis.
1205 1204 1328 1258 Bactriae
1354 1204 1489 1257 Bactrius
1513 1206 1608 1258 amnis
1631 1221 1737 1258 nomon
1762 1205 1851 1258 (ledit.

125 1289 205 1346 later
220 1291 323 1346 ludum
339 1295 367 1346 et
382 1293 495 1365 Tigrim
505 1294 627 1348 tluvium
639 1298 708 1350 sunt
719 1294 873 1363 Aracusia,
886 1293 959 1347 Par·
1018 1291 1088 1345 Haec
1113 1292 1200 1346 habet
1222 1294 1368 1360 camelos,
1394 1295 1486 1364 pedes
1510 1309 1660 1365 nunquam
1681 1296 1852 1348 atterentes.

124 1378 201 1450 thia,
217 1380 356 1452 Assyria,
375 1382 484 1451 Media,
509 1383 622 1439 Persis.
640 1385 783 1439 Aracusia
799 1383 836 1438 ab
852 1382 959 1453 oppido
1016 1380 1154 1436 Armenia
1171 1381 1207 1434 ab
1219 1382 1347 1436 Armeno
1359 1383 1487 1454 quodam
1498 1399 1604 1437 nomen
1620 1382 1719 1438 trahit.
1739 1384 1770 1436 ln
1786 1383 1855 1455 ojus

125 1484 182 1524 sao
210 1484 317 1525 nomen
342 1472 465 1542 accepit.
495 1472 643 1528 Parthiam
673 1473 773 1528 Parthi
797 1489 812 1528 e
840 1471 959 1543 Scythia
1017 1470 1169 1525 montibus
1185 1474 1253 1541 post
1267 1471 1410 1525 diluvium
1422 1472 1622 1543 arcaquievit.
1640 1471 1856 1544 Cappadociam

125 1559 243 1630 egressi
259 1564 488 1631 occupaverunt,
505 1578 628 1634 eamque
644 1560 959 1618 desuonominePar-
1015 1559 1089 1613 urbs
1116 1560 1235 1630 proprie
1261 1561 1439 1631 nominavit,
1465 1564 1543 1616 terra
1568 1564 1634 1617 ante
1659 1563 1732 1617 alias
1757 1563 1856 1617 natrix

124 1645 216 1701 thiam
235 1652 426 1705 vocaverunt.
444 1651 568 1722 Assyria
586 1651 622 1706 ab
640 1653 738 1707 Assur
752 1651 813 1707 illio
828 1651 896 1706 Sem
914 1651 961 1705 ost
1016 1663 1179 1719 equorum.
1197 1651 1268 1704 Asia
1285 1652 1384 1706 minor
1399 1651 1487 1706 habet
1502 1652 1672 1722 provincias
1688 1651 1856 1722 Bithyniam

124 1738 229 1792 vocata
244 1736 294 1808 qui
309 1737 388 1792 illam
406 1743 474 1809 post
493 1740 635 1796 diluvium
650 1743 764 1812 primus
779 1741 909 1796 incoluit.
926 1739 959 1793 ln
974 1736 1191 1849 BPhrygiam,
1219 1740 1375 1810 Galatiam,
1402 1741 1538 1811 Lydiam,
1567 1740 1697 1809 Cariam,
1723 1741 1858 1811 Pamphi-

125 1822 180 1880 hac
197 1825 334 1881 inventus
353 1831 399 1882 est
421 1844 496 1884 usus
517 1846 667 1901 purpurae.
689 1829 758 1886 lude
775 1831 882 1885 odores
898 1830 958 1883 cri·
1017 1827 1100 1898 liam,
1118 1828 1262 1883 Isauriam
1278 1832 1306 1884 et
1323 1829 1452 1900 Lyciam.
1470 1830 1571 1885 Cilicia
1591 1829 1713 1885 aCilice
1730 1831 1857 1901 quodam

125 1913 221 1983 uiam,
239 1917 267 1969 et
291 1931 448 1987 corporum
470 1923 620 1991 unguenta
644 1924 798 1975 venerunt.
821 1918 916 1974 Media
932 1921 960 1972 ct
1018 1930 1125 1970 nomen
1145 1917 1273 1987 habens,
1297 1919 1386 1972 babet
1406 1920 1592 1990 metropolim
1607 1920 1743 1974 Tarsam.
1761 1921 1794 1973 In
1810 1919 1853 1972 la-

125 2002 228 2058 Persis
244 2019 259 2057 a
275 2003 360 2061 Medo
372 2009 400 2060 et
411 2006 521 2063 Perseo
532 2009 656 2081 regibus
668 2012 738 2064 sunt
749 2009 915 2064 nominatae.
928 2010 960 2062 ln
1018 2007 1080 2060 tere
1101 2007 1223 2061 australi
1248 2008 1327 2062 Asiae
1353 2009 1515 2080 porrigitur
1539 2025 1618 2064 mare
1642 2009 1792 2077 Rubrum,
1816 2008 1852 2062 ab

125 2090 221 2147 Media
237 2093 326 2149 arhor
340 2094 498 2167 invenitur,
515 2113 603 2169 quam
619 2098 674 2153 alia
690 2099 773 2171 regio
789 2097 960 2153 nonhabet.
1020 2110 1131 2150 oceano
1146 2095 1286 2151 Orientali
1304 2097 1486 2152 occidentem
1498 2113 1605 2153 versus
1617 2114 1712 2171 osque
1727 2098 1763 2152 ad
1781 2114 1852 2152 con-

126 2180 229 2236 Persae
241 2182 341 2254 ignem
353 2181 463 2257 colunt,
474 2191 502 2241 et
512 2189 725 2258 pyromantiam
734 2189 872 2243 dicuntur
882 2189 964 2242 inve·
1020 2183 1088 2238 tinia
1106 2185 1222 2240 Arabiae
1237 2189 1265 2239 ct
1285 2185 1451 2241 Palestinae.
1476 2187 1554 2242 lnter
1576 2204 1655 2242 mare
1676 2188 1810 2243 Rubrum
1826 2189 1854 2240 et

126 2269 220 2326 nisse.
239 2271 318 2327 Inter
331 2272 444 2346 Tigrim
460 2279 487 2330 et
504 2276 683 2348 Euphratem
696 2278 805 2332 hunnos
820 2280 889 2332 sunt
905 2276 964 2330 Me·
986 2270 995 2285 ‘
1021 2289 1163 2328 oceanum
1178 2275 1345 2329 Australem
1361 2276 1396 2330 ad
1413 2277 1556 2331 orientem
1567 2293 1656 2347 supra
1672 2280 1718 2331 est
1734 2276 1853 2330 AEthio-

127 2359 310 2431 sopotamia,
330 2361 473 2433 Chaldea,
495 2366 613 2421 Arabia.
635 2367 846 2439 Mesopotamia
861 2366 964 2420 Graeca
1021 2362 1069 2433 pia
1078 2363 1343 2434 superior,quacab
1353 2365 1505 2421 occidente
1514 2367 1663 2421 montibus
1673 2365 1853 2435 AEthiopicis

127 2448 305 2523 etymologia
321 2452 429 2506 dicitur
448 2454 528 2524 quod
549 2454 666 2510 duobus
688 2454 787 2511 liuviis
809 2454 964 2520 ambiatur,
1021 2467 1075 2523 per
1103 2456 1306 2507 transversam
1335 2454 1490 2509 clauditur.
1520 2455 1580 2510 Sub
1606 2454 1759 2525 AEthiopia
1788 2457 1855 2507 sunt

131 2535 214 2610 Tigri
231 2540 259 2593 et
274 2538 433 2611 Euphrate.
451 2543 558 2598 Arabia
574 2546 746 2616 appellatur,
763 2545 792 2600 id
808 2548 854 2600 est
868 2558 964 2610 sacra,
1024 2541 1175 2612 AEgyptus
1187 2543 1333 2612 superior,
1347 2543 1464 2598 deserta
1476 2545 1609 2617 AEgypti,
1623 2545 1774 2616 AEgyptas
1786 2543 1857 2597 inle-

128 2640 164 2680 eo
180 2628 259 2698 quod
275 2629 306 2684 iu
326 2646 360 2686 ea
383 2631 422 2687 sit
444 2634 529 2705 regio
553 2634 708 2690 thurifera.
734 2636 806 2691 Haec
828 2636 905 2690 dicta
922 2638 969 2692 eet
1023 2629 1093 2695 rior,
1111 2630 1213 2706 Lybie.
1232 2631 1365 2704 Egyptus
1386 2635 1432 2687 est
1451 2634 1535 2706 regio
1557 2634 1702 2689 imbribus
1724 2635 1855 2699 insueta,

130 2714 208 2770 Saba
223 2733 240 2771 a
254 2717 331 2774 Saba
347 2721 408 2776 illio
423 2721 515 2778 Clius.
532 2722 683 2781 invenitur
697 2726 726 2780 in
742 2741 775 2780 ea
787 2727 877 2781 arhor
887 2727 966 2797 thus,
1024 2718 1112 2774 habel
1128 2722 1309 2776 crocodilum
1332 2722 1457 2777 bestiam
1482 2725 1510 2778 θῑ
1534 2724 1619 2792 ibim·
1642 2740 1677 2778 ¹1⁰
1691 2723 1856 2794 pelicanum

128 2806 266 2877 myrrha,
294 2808 528 2883 cinnamomum,
559 2814 685 2870 Phoenix
709 2815 789 2885 avis,
815 2816 967 2886 sardonyx
1024 2823 1095 2863 lives
1110 2810 1176 2880 (⁹27)-

130 2910 259 2967 gemma.
276 2897 356 2955 Inter·
372 2900 551 2972 Euphratem
571 2907 600 2958 et
620 2919 700 2960 mare
721 2904 967 2974 Mediterraneum
1137 2900 1206 2956 Car.
1226 2902 1275 2956 lll.
1294 2902 1337 2956 Bc
1352 2902 1458 2957 Africa
1475 2908 1505 2958 ct
1516 2902 1656 2975 partibas
1671 2902 1745 2975 ejas,

132 2988 202 3039 sunt
216 2985 315 3058 Syria,
333 2988 501 3061 Phoenicia,
519 2994 547 3047 et
568 2992 738 3059 Palaestina,
756 3010 822 3066 quoe
839 2994 969 3049 continet
1061 2990 1170 3045 Africae
1186 2992 1325 3063 regiones
1340 2992 1376 3046 ab
1396 2991 1514 3047 Oriente
1533 2992 1569 3046 ad
1584 2992 1773 3047 Occidentem
1788 2993 1857 3062 po'r-

135 3072 281 3147 ·ludaeam,
297 3079 327 3132 et
341 3077 511 3150 Samariam,
524 3085 553 3137 et
567 3082 727 3138 Galilaeam.
744 3083 858 3155 Syriam
872 3083 966 3155 Syrus
1025 3079 1163 3152 rigantur
1179 3082 1242 3135 sic:
1260 3082 1433 3152 AEthiopes,
1451 3082 1637 3148 NadabereS,
1654 3082 1857 3149 Garamantes,

132 3163 251 3234 quidam
268 3168 386 3225 nornine
402 3185 484 3226 aeuo
495 3170 589 3227 fertur
602 3173 748 3228 vocabulo
764 3188 964 3244 nuncupasse.
985 3128 1118 3241 clrybia
1132 3170 1324 3242 Cyrenensis
1340 3170 1535 3242 Tripolitana,
1552 3171 1722 3240 EuthensiS,
1740 3171 1859 3242 Zeugis,

133 3250 285 3309 iuvenitur
299 3257 330 3313 ia
346 3273 379 3312 ea
395 3258 470 3330 lapis
491 3260 595 3332 Syrius
619 3263 670 3334 qui
684 3246 807 3336 integer
826 3263 967 3317 tlactuare
1026 3258 1154 3327 Getulia,
1179 3260 1330 3329 Numidia,
1354 3260 1535 3332 Tingitania,
1558 3260 1741 3315 Mauritania.
1759 3259 1861 3330 Syrtes

133 3339 250 3412 dicitur,
277 3347 475 3404 comminutus
503 3351 608 3424 mergi.
638 3350 798 3407 Phaenloiae
823 3351 966 3421 Phoenix,
1027 3349 1861 3421 autemamariMediterraaeoexeantesusqueadocea-

134 3428 186 3499 qui
200 3429 230 3484 iu
249 3447 283 3485 ea
305 3437 441 3508 regnavit
464 3454 572 3494 nomen
588 3440 676 3495 dedit.
694 3441 726 3495 ln
748 3456 782 3495 ea
798 3445 844 3496 est
858 3441 967 3512 Tyrus.
1027 3454 1096 3492 uum
1108 3438 1284 3493 Atlanticum
1296 3438 1324 3493 in
1336 3439 1487 3510 obliquam
1498 3439 1616 3492 ductum
1628 3441 1772 3508 porrectae
1788 3437 1862 3492 divi·

135 3515 295 3583 Palaestina
314 3540 331 3577 a
349 3523 516 3581 Philisthim
533 3544 587 3583 sua
610 3529 763 3600 metropoli
785 3529 969 3598 nominatur;
1029 3526 1099 3582 dant
1115 3527 1236 3598 Tragia,
1255 3527 1432 3594 Numidiam,
1446 3530 1473 3582 et
1484 3527 1687 3582 Mauritaniam
1702 3543 1717 3580 a
1734 3527 1862 3583 desertis

136 3608 240 3668 iudan
255 3629 271 3668 a
288 3613 373 3670 luda.
390 3613 462 3670 llaec
482 3621 528 3672 est
549 3617 686 3673 Chanaan
708 3619 784 3672 dicta
800 3634 816 3672 a
832 3618 970 3672 Chanaan

136 3701 197 3758 tilio
213 3701 314 3759 Cham.
332 3704 365 3759 ln
387 3706 484 3761 medio
506 3706 617 3762 Jndaeae
639 3712 685 3762 est
707 3707 887 3776 Jerusalem,
904 3724 970 3780 quae

136 3795 184 3848 est
198 3793 357 3850 umbilicus
375 3795 465 3850 totius
484 3799 587 3866 terrae,
607 3796 755 3851 variarum
770 3812 857 3867 opum
873 3796 967 3866 dives,

138 3882 277 3955 frugibus
293 3885 413 3955 fertilis,
436 3886 522 3957 aquis
544 3886 686 3954 illustris,
702 3887 798 3957 opima
814 3885 967 3940 balsamia.

138 3971 269 4028 Samaria
284 3974 321 4029 ab
341 3975 463 4045 oppido,
487 3976 565 4046 qaod
581 3975 712 4030 Samaria
728 3975 899 4032 dictumest
914 3991 969 4030 ao-

137 4061 969 4135 meahabet.Galilaeadictaest,qaodcandidoshomines

137 4150 254 4223 gignat,
266 4154 344 4205 terra
360 4152 498 4224 frugibus
513 4153 586 4208 satis
598 4152 733 4208 iocunda.
747 4152 877 4209 lalatere
890 4151 969 4207 Asiae

137 4239 175 4293 ad
189 4235 357 4312 aquilonem
371 4241 408 4296 ab
423 4257 534 4297 oceano
548 4241 687 4297 Orientali
703 4241 885 4296 occidentem
900 4257 969 4295 ver·

1028 3616 1864 3688 Africae,ultraqumsuatAEthiopes.NadaheresaNada·

1028 3706 1082 3761 ber
1096 3706 1162 3761 loco
1182 3710 1335 3761 vocantur.
1358 3706 1549 3761 Garamantes
1571 3721 1688 3777 quoque
1707 3705 1863 3760 aGaramo

1028 3794 1136 3865 oppido
1147 3795 1344 3850 nominantur.
1357 3795 1449 3865 Lyhia
1457 3794 1639 3866 Cyrenensis
1648 3811 1663 3847 a
1672 3794 1786 3864 Cyrene
1795 3793 1865 3847 ciri-

1028 3886 1084 3937 tate
1101 3883 1178 3937 diota
1193 3887 1249 3938 est.
1266 3884 1474 3954 Tripolitanae
1491 3883 1586 3939 tribus
1603 3883 1771 3937 civitatibus
1788 3882 1864 3936 suis,

1029 3970 1863 4044 FatheasisautemaEutlaputaturcognominatal'orro

1029 4061 1059 4115 in
1074 4061 1164 4133 Zeagi
1176 4064 1220 4115 est
1231 4061 1389 4133 Carthago,
1402 4061 1525 4127 (letalia,
1538 4064 1569 4114 ut
1580 4061 1681 4130 fertur,
1698 4061 1864 4131 piscatores

1029 4150 1194 4206 nonhabet.
1206 4150 1342 4205 Numidia
1351 4150 1387 4204 ab
1397 4150 1864 4221 incolisperpasouavagantibus

1029 4255 1136 4294 nomen
1151 4239 1248 4294 trahit.
1267 4236 1339 4293 Nam
1356 4239 1457 4311 lingua
1474 4254 1575 4293 eorum
1590 4238 1726 4293 Numidae
1743 4239 1864 4292 incertae

138 4344 192 4386 sus
203 4331 365 4404 porrigitur
375 4330 504 4403 Scythia,
516 4331 581 4385 haec
592 4331 721 4402 undique
730 4331 880 4385 montibus
892 4331 970 4384 clau·
1029 4329 1118 4383 sedes
1130 4332 1283 4383 vocantur.
1296 4328 1461 4399 Tingitania
1470 4345 1485 4381 a
1495 4328 1581 4400 Tingi
1592 4326 1744 4397 metropoli
1756 4343 1865 4381 nomen

138 4420 226 4489 ditur,
242 4420 272 4475 in
286 4419 354 4492 ejus
370 4420 552 4477 extremitate
572 4421 608 4474 ad
628 4420 770 4474 orientem
785 4422 853 4473 sunt
868 4418 967 4474 Seres¹
986 4439 1015 4502 D
1029 4418 1125 4472 habet.
1137 4417 1315 4471 Mauritania
1327 4434 1342 4470 a
1354 4433 1466 4486 mauro,
1480 4417 1558 4487 quod
1570 4420 1616 4472 est
1626 4416 1754 4488 nigram,
1768 4416 1864 4470 aonii-

137 4508 290 4565 lnvenitur
303 4509 334 4565 in
348 4526 381 4565 ea
403 4510 580 4582 smaragdus
603 4509 745 4579 optimus,
769 4512 797 4563 et
813 4507 970 4579 crystallus
1029 4510 1115 4562 natur
1129 4507 1195 4576 (28).

136 4599 328 4670 purissimus.
349 4600 410 4656 Sub
433 4599 552 4672 Scythia
573 4615 591 4654 a
612 4597 684 4653 mari
701 4596 808 4667 Caspio
823 4613 919 4668 usque
935 4597 972 4651 ad
1133 4595 1202 4649 Cirr.
1220 4595 1267 4649 lV.
1285 4595 1328 4649 De
1343 4594 1470 4666 Europa,
1490 4601 1519 4649 et
1532 4594 1671 4665 partibas
1686 4593 1760 4664 ejas

138 4686 303 4760 Euxinum,
328 4688 376 4745 vel
402 4688 640 4760 Hellespontum,
656 4686 820 4742 otharium
850 4686 972 4740 Tanaim
1065 4685 1119 4739 Hae
1134 4688 1204 4740 saut
1213 4685 1353 4756 regiones
1365 4683 1501 4754 Europae,
1514 4687 1542 4737 et
1552 4687 1669 4756 gentes,
1681 4698 1698 4735 a
1709 4681 1799 4737 tluvio
1809 4681 1864 4735 Ta-

172 4828 230 4898 (Π)
245 4830 444 4907 Distinguitup
453 4832 525 4888 Asia
535 4833 565 4887 in
577 4831 651 4886 duas
662 4833 761 4902 partes
777 4828 971 4900 principales,

136 4914 195 4953 una
210 4915 248 4954 ex
271 4903 380 4972 quihus
402 4904 569 4975 respiciens
594 4901 826 4973 septentrionem
848 4914 971 4966 versas,

135 4971 298 5042 respondet
327 4973 465 5045 Europae,
496 4975 588 5030 altera
619 4989 669 5029 res
692 4973 786 5028 iciens
816 4974 971 5039 austrum,

134 5046 296 5114 respondet
318 5047 438 5102 Ata-icco.
450 5046 548 5101 Prima
557 4990 704 5101 rursaslh
714 5048 775 5099 tres
786 5043 859 5097 alias
870 5040 974 5099 dividi·

135 5117 183 5170 tur
197 5120 307 5188 partes.
326 5118 392 5176 Una
405 5121 483 5175 esta
504 5117 624 5173 flamine
648 5115 754 5184 Tanai,
781 5117 810 5170 et
831 5129 847 5168 a
888 5112 974 5169 alode

135 5184 262 5251 Meotide
277 5205 372 5263 usqae
388 5188 424 5244 ad
445 5189 553 5242 tlumcn
577 5187 658 5255 Rha,
682 5189 709 5240 et
729 5200 857 5256 asquea
893 5199 973 5238 mare

134 5257 297 5315 Hireanum
308 5276 315 5328 ;
328 5259 459 5315 secanda
469 5274 484 5312 a
495 5255 589 5312 Ponto
599 5255 715 5312 Euxino
724 5271 819 5326 usque
828 5254 864 5309 ad
876 5257 973 5310 extre-

133 5345 214 5384 mam
226 5334 340 5401 partem
354 5329 475 5385 Eircani
492 5328 570 5383 ireti.
581 5326 679 5381 Tertia
694 5344 710 5381 a
725 5326 845 5381 tlumine
862 5325 927 5380 llha
943 5329 972 5380 et

133 5403 171 5458 ab
187 5402 422 5459 extremitatibus
437 5400 528 5456 maris
551 5398 685 5466 llircani,
706 5397 785 5468 quod
800 5400 846 5452 est
861 5412 970 5451 versus

133 5467 970 5545 orientem,usqueadrrltimoslmesAsim,qurcestasia-

131 5547 193 5603 tuta
209 5546 286 5603 liaea
295 5544 528 5616 septentrionem
539 5556 657 5608 versas,
670 5539 769 5596 Altera
780 5555 849 5609 pars
880 5539 969 5608 ripoi-

132 5616 208 5687 palie
225 5618 306 5674 Asiae
321 5615 521 5674 subdividitur
529 5613 559 5672 in
567 5617 629 5669 tres
638 5611 712 5666 alias
747 5613 837 5691 artes.
854 5556 966 5691 ier-ima,

132 5690 474 5762 eetabyoia,otamare
488 5685 695 5759 Bahrousqae
721 5740 725 5745 ,
754 5696 853 5741 anam
864 5680 967 5737 Pern-

1032 4843 1108 4880 cum.
1126 4827 1261 4881 Secunda
1276 4829 1322 4880 cst
1336 4842 1351 4879 a
1367 4826 1435 4880 sinu
1451 4825 1573 4880 Persico
1592 4840 1688 4896 usque
1704 4824 1741 4877 ad
1754 4824 1863 4878 tlunren

1032 4898 1145 4952 indam.
1163 4897 1259 4953 Tertia
1276 4901 1321 4951 est
1336 4913 1352 4950 a
1368 4898 1486 4951 tluminc
1502 4897 1584 4963 lndo,
1601 4895 1747 4966 usquead
1764 4898 1864 4949 extre-

1032 4985 1112 5023 mum
1136 4969 1223 5022 tinem
1248 4969 1343 5033 tisim,
1375 4969 1424 5038 qui
1449 4973 1494 5023 eet
1517 4973 1599 5022 trans
1625 4967 1731 5021 lineam
1755 4966 1863 5020 montis

1032 5040 1131 5106 Tauri,
1148 5055 1255 5093 versus
1277 5043 1419 5093 austrum.
1445 5040 1520 5104 Quot
1542 5043 1638 5092 autem
1658 5037 1819 5107 provinciae
1835 5037 1864 5090 in

1032 5111 1170 5166 omnibus
1186 5110 1233 5166 bis
1248 5111 1460 5179 contineantur,
1479 5111 1603 5180 explicat
1620 5109 1781 5179 praedictus
1792 5124 1863 5161 auc-

1031 5186 1086 5245 tor,
1104 5182 1132 5236 ia
1148 5198 1203 5236 suo
1219 5181 1260 5235 De
1276 5181 1384 5236 mundo
1400 5184 1532 5235 tractatu.

1066 5253 1123 5322 (28)
1141 5252 1239 5306 Africa
1256 5253 1406 5322 partitura
1424 5254 1521 5307 moute
1538 5251 1673 5314 Atlantis,
1690 5250 1739 5319 qui
1755 5250 1865 5320 pariter

1030 5323 1172 5378 discurrit
1187 5324 1223 5378 ab
1239 5340 1349 5378 occasu
1364 5325 1393 5377 in
1410 5327 1474 5377 ortu
1489 5325 1627 5378 continua
1644 5322 1770 5392 quartam
1785 5321 1863 5374 serie

1029 5411 1126 5466 usque
1137 5395 1172 5448 ad
1184 5395 1357 5466 AEgyptum,
1370 5395 1400 5449 in
1411 5395 1485 5448 rlaas
1496 5398 1595 5463 partos
1606 5392 1788 5463 potissimas.
1802 5392 1864 5445 l‘ri·

1029 5483 1089 5534 ma,
1106 5483 1173 5536 qum
1188 5467 1310 5535 respicit
1325 5466 1553 5535 septentrionem
1570 5481 1693 5526 versus,
1709 5481 1724 5518 c
1741 5464 1863 5534 regione

1029 5536 1156 5609 Europae
1171 5538 1277 5608 posita,
1295 5553 1389 5608 usque
1403 5538 1439 5592 ad
1452 5553 1531 5592 mare
1548 5536 1795 5592 Mediterraneum
1810 5548 1863 5588 ex-

1026 5609 1165 5664 tenditur.
1178 5609 1278 5663 Altcra
1290 5609 1457 5663 extenditur
1468 5623 1563 5679 usqae
1575 5607 1610 5661 ad
1622 5607 1772 5662 Oceanum
1784 5607 1862 5660 Aus-

1027 5679 1230 5748 tralissimum,
1247 5680 1300 5733 sed
1318 5679 1471 5751 restringit
1486 5695 1521 5734 se
1535 5683 1596 5735 tam
1610 5679 1648 5733 ab
1663 5693 1785 5747 occasu,
1802 5681 1863 5732 tam
