3796 6022
554 291 855 361 commodule.
884 326 921 347 -
951 293 1028 359 ΗΒ.
1056 295 1082 357 l.
1618 299 1679 363 ott

64 492 162 563 iaaac
173 492 263 549 millia
272 474 828 551 manauraecnnoinsacnnaotol
843 491 961 564 qnando
989 492 1105 549 illorum
1130 493 1325 549 irritationem
1347 509 1497 566 carenos,
1522 512 1558 552 ne
1581 498 1680 559 oleum

64 598 84 635 ‚s
96 585 124 636 et
135 582 293 653 sanguinis
302 581 412 635 Christi
423 581 552 653 quotidie
564 581 666 652 plures
680 597 785 637 essen·
842 578 1037 651 projiciamus
1051 581 1198 652 inignem,
1208 583 1420 637 etexardescat
1429 585 1600 655 qnodcalet3
1609 602 1680 658 pro-

64 674 229 727 unturoum
239 670 405 727 substantia
416 671 502 740 ponis
512 673 541 725 et
554 669 626 738 rinl,
636 685 704 741 qum
718 672 785 725 onte
842 685 931 739 spera
946 671 975 723 et
989 669 1115 725 advorsa
1124 668 1266 741 iugimua,
1277 671 1396 741 quondo
1409 687 1582 745 aaeaaquaa
1592 675 1674 731 dele·

64 759 165 813 etionis
176 759 266 813 ver’ba
277 759 314 812 alr
325 759 456 812 essentia
468 759 603 831 corporis
613 758 724 813 Christi
732 773 786 812 ve·
842 760 921 815 ciunt
935 758 1128 831 requirimus,
1136 774 1190 829 per
1196 758 1385 828 cupiditatem
1394 759 1679 835 timanteadiesolvi,

64 848 144 902 aliud
153 850 231 916 sunt,
248 862 302 918 per
313 846 407 917 ipsam
418 847 664 916 benedictionem,
676 846 787 917 Spiritu
841 862 896 903 nec
908 846 1053 918 ineaquec
1065 848 1197 902 cruciant
1204 846 1353 917 iactantur
1362 851 1593 921 praesumptione
1603 851 1681 906 nan-

64 934 789 1007 mirabiliteroperanteinipsamcorperistlhristi
840 935 872 1008 gi
892 934 1149 993 rnatuentcsAEieea
1165 935 1370 1007 diximusqnid
1392 938 1495 1010 lugere
1512 939 1676 995 debeamus
1757 1006 1762 1017 Ι

64 1025 148 1079 etiam
172 1027 394 1092 convertuntur,
420 1022 459 1077 ita
483 1028 512 1077 ut
533 1027 601 1094 post
619 1023 789 1078 sanctitica-
846 1029 873 1080 et
888 1023 1497 1096 quomodo.Nunoconsidoremusquando
1510 1027 1684 1100 fugiendum

76 1113 174 1173 nolum
185 1129 295 1183 corpus
306 1113 417 1171 Christi
427 1113 465 1167 sit
476 1113 554 1183 qtrod
567 1116 633 1169 onte
643 1113 791 1169 veraciter
844 1113 893 1169 ait.
911 1113 989 1169 Dicit
1003 1112 1121 1167 Veritas
1136 1127 1145 1167 2
1164 1111 1268 1166 Videte
1283 1129 1321 1166 ne
1334 1113 1386 1167 tint
1400 1114 1470 1186 lupa
1479 1117 1683 1175 rostrnlrieme

64 1201 154 1257 trini
170 1201 336 1257 substantia
352 1201 429 1255 fuit?
454 1201 557 1272 Neque
584 1201 648 1256 hmo
669 1201 789 1272 corpori
848 1200 897 1256 rrl
911 1200 1042 1257 Sabdata
1057 1200 1179 1270 tritomo
1195 1202 1290 1264 xxiv).
1305 1201 1336 1254 ln
1352 1200 1449 1259 triaue
1464 1204 1528 1257 rias
1545 1209 1595 1259 aut
1615 1206 1686 1278 gelu

64 1334 66 1343 .
87 1289 277 1345 extrinsecus
301 1290 331 1344 in
353 1292 544 1362 augmentum
564 1288 722 1359 accedunt,
743 1291 792 1344 aut
848 1293 1016 1360 exceperat,
1032 1288 1191 1359 nutpluuia
1217 1288 1349 1343 lubricas
1365 1289 1444 1344 tacit.
1460 1290 1536 1355 Quid
1551 1280 1598 1347 ea't
1611 1309 1686 1367 ergo

64 1380 191 1447 emetur,
208 1379 238 1431 ut
250 1376 449 1433 essentialiter
459 1377 577 1431 diversa
588 1378 788 1449 permaneant,
843 1378 940 1436 hiuma
955 1378 1014 1435 uisi
1030 1382 1133 1448 torpor
1146 1377 1252 1432 mortis
1267 1377 1457 1446 imminentia,
1469 1381 1588 1450 qundo
1598 1381 1683 1439 dolor

64 1466 162 1537 ipsum
174 1469 400 1535 commutantur,
413 1470 442 1520 ut
454 1465 655 1524 essentialiter
664 1479 789 1536 prorsus
843 1466 1082 1525 membrecarnis
1093 1466 1272 1538 constringit
1281 1467 1434 1538 meone,
1444 1467 1685 1527 etrolrurdisaoi

64 1556 132 1617 tant.
143 1555 207 1609 Hoc
219 1558 316 1611 tamen
327 1570 402 1625 opus
413 1555 522 1609 divinae
533 1553 682 1625 potentin,
692 1558 788 1611 utrum
842 1554 884 1613 rit
894 1554 1123 1626 cunpassionet
1139 1553 1176 1610 lit
1190 1553 1269 1624 quod
1279 1558 1327 1609 est
1340 1555 1518 1625 fflbhntum,
1535 1557 1593 1612 nisi
1608 1557 1681 1617 illud

64 1647 189 1707 tnatma
203 1642 312 1701 alicubi
333 1644 420 1698 modo
443 1643 561 1699 occulto
584 1646 613 1700 et
634 1642 786 1714 incognito
842 1643 921 1715 quod
936 1646 1143 1714 postmortem
1156 1643 1429 1714 tempussequitur,
1446 1646 1609 1716 quandoah
1626 1647 1681 1701 trac
1742 1644 1746 1651 “

64 1782 66 1787 ,
82 1731 367 1793 sicutasserendum
380 1735 505 1802 nonest,
521 1731 560 1786 ita
571 1731 788 1802 uecpertinaci·
842 1735 901 1789 vita
916 1732 1032 1791 eductis
1048 1730 1189 1801 operandi
1204 1729 1322 1787 licentia
1337 1731 1457 1801 tollitur,
1470 1733 1541 1788 etalr
1553 1749 1589 1789 eo
1600 1735 1680 1806 qnod
1731 1744 1738 1761 ·

64 1838 89 1879 tu
103 1837 153 1879 ree
163 1820 248 1875 valdo
259 1820 349 1875 dubia
364 1821 412 1888 sit,
430 1819 701 1879 contradicendum.
714 1818 785 1875 llaec
843 1824 935 1880 tntum
948 1825 1005 1890 est,
1021 1819 1189 1877 declinandi
1200 1820 1385 1889 possibilitas
1397 1822 1516 1879 omnino
1526 1826 1653 1895 negatur
1667 1827 1682 1880 ‘l

64 1911 211 1971 ueraciter
226 1909 291 1963 iteri
308 1908 474 1967 nullatenus
489 1908 692 1969 dubitandum.
714 1907 787 1967 Haec
842 1912 872 1967 Si
888 1925 961 1983 erga
975 1908 1080 1981 fugere
1096 1908 1142 1963 uis
1157 1911 1311 1965 venturam
1326 1907 1409 1978 iram,
1420 1909 1491 1982 lugo
1502 1911 1572 1966 dum
1584 1928 1677 1968 sanus

64 1998 215 2070 operatria
231 1998 268 2053 ad
280 1997 375 2053 solnm
387 1997 438 2052 ltei
455 1998 614 2068 potentiam
629 1997 786 2067 pertinent.
840 2017 884 2067 es,
901 1999 968 2072 quia
985 1997 1015 2054 in
1029 2000 1124 2054 morte
1134 1996 1384 2071 iugaestgrevia3
1400 2002 1678 2068 postmortemvera

64 2103 93 2147 to
106 2090 135 2142 et
149 2087 293 2158 quintum,
310 2087 340 2141 id
351 2086 666 2157 cstdealiquoaliquid
677 2086 786 2155 lacere,
839 2092 954 2147 nonest
967 2087 1086 2145 omnino
1101 2085 1267 2156 possibilie.
1286 2084 1361 2142 tiata
1383 2087 1460 2143 enim
1475 2102 1543 2158 quae
1567 2088 1597 2142 in
1616 2088 1677 2147 vita

64 2176 174 2248 majus,
188 2192 243 2231 uec
258 2177 290 2231 in
303 2176 413 2244 minus,
429 2179 459 2233 ut
475 2175 556 2231 verbi
572 2175 677 2247 gratia,
694 2175 721 2230 si
736 2175 789 2230 ali·
840 2179 944 2250 ingere
959 2174 1091 2244 noluisti,
1109 2177 1177 2244 poet
1191 2176 1326 2241 mortem,
1338 2175 1426 2231 etiam
1439 2175 1467 2230 si
1476 2176 1619 2246 volueris,
1628 2178 1678 2233 de·

64 2281 122 2320 rum
143 2269 366 2335 componantur,
392 2264 596 2333 componentia
623 2265 788 2334 composito
841 2268 956 2326 clinare
970 2280 1030 2321 non
1049 2263 1171 2334 poteria.
1187 2261 1356 2333 &quantur
1370 2264 1448 2321 enim
1462 2265 1534 2320 illuc
1549 2266 1679 2322 retribu-

64 2370 73 2409 ι
86 2357 167 2424 eunt,
183 2358 212 2408 et
227 2354 253 2408 si
268 2369 360 2408 unum
375 2352 405 2409 in
425 2353 515 2407 annito
530 2352 689 2421 dividatur,
706 2352 784 2412 divi·
840 2356 921 2417 tioue
936 2370 1004 2425 qum
1018 2351 1267 2409 hiodelcotatione
1278 2352 1506 2410 comorittuntur.
1518 2356 1677 2426 Propterea

68 2443 166 2499 diviso
188 2443 271 2513 paria
289 2442 430 2497 existunt.
457 2441 529 2496 llaec
550 2441 629 2496 enirn
645 2441 703 2496 dur
718 2458 785 2512 quoe
840 2445 887 2504 hic
904 2443 985 2515 ruga,
1002 2442 1070 2499 dum
1082 2445 1166 2513 potes
1179 2456 1232 2507 3ne
1243 2443 1342 2497 eutem
1356 2441 1479 2499 deficias
1496 2445 1525 2499 in
1539 2444 1597 2512 via,
1609 2443 1680 2501 audi

64 2535 196 2591 creatura
210 2534 316 2601 potest,
333 2531 362 2586 id
379 2533 426 2586 est
439 2529 486 2585 vel
507 2533 642 2599 separata
657 2529 786 2603 conjun-
842 2531 1087 2590 consolationem.
1104 2529 1200 2589 l'anes
1214 2529 1269 2586 tibi
1279 2527 1451 2587 offerentur.
1462 2532 1627 2603 ttetioieris,
1638 2548 1677 2589 ne

65 2620 94 2678 el
109 2620 268 2693 conjuncta
284 2634 423 2690 separare
439 2634 506 2675 cum
524 2619 584 2673 lloo
598 2619 686 2675 nobis
702 2635 785 2674 com·
840 2622 973 2681 delicias.
991 2620 1055 2675 Nee
1070 2619 1260 2689 exspectabis
1272 2619 1302 2677 in
1313 2621 1371 2677 tino
1385 2621 1440 2677 vire
1464 2623 1519 2676 scd
1539 2625 1682 2679 occurent

64 2713 143 2767 sunt.
161 2709 197 2764 Et
210 2710 277 2764 ideo
293 2709 411 2780 quando
427 2707 602 2765 haecalleo
617 2707 786 2779 liunt,sine
841 2711 893 2765 tihi
917 2724 955 2766 ne
979 2708 1094 2769 dilicias
1119 2708 1219 2763 invia.
1249 2708 1424 2765 Habitantea
1453 2713 1563 2767 terram
1584 2713 1680 2767 austri
1796 2740 1799 2745 ·

64 2798 136 2857 hona
158 2798 227 2879 ejus
248 2802 327 2855 sunt.
353 2798 475 2865 Quando
496 2813 514 2851 a
537 2797 624 2853 nobis
644 2798 710 2853 sine
725 2797 785 2855 Deo
842 2802 985 2859 occurent
1010 2797 1064 2853 tini
1085 2813 1153 2853 cum
1172 2797 1312 2868 panibus,
1334 2798 1361 2853 si
1398 2798 1561 2870 rugientem
1596 2801 1681 2858 vide-

64 2891 151 2945 oetra.
168 2889 291 2955 Quando
305 2904 322 2941 a
338 2887 399 2943 ileo
414 2886 587 2956 nobiscnm,
603 2886 649 2941 vel
665 2903 682 2941 a
697 2886 785 2941 nohis
842 2889 910 2947 rint.
947 2887 1094 2943 Occurent
1130 2887 1358 2957 compassione,
1387 2888 1521 2943 reticieot
1541 2890 1678 2947 cousula-

64 2992 95 3035 eo
108 2978 186 3033 bona
203 2977 270 3051 eius
286 2981 315 3033 et
329 2980 442 3032 nostra.
467 2977 590 3031 Sextum
605 2991 681 3046 opus
695 2975 786 3030 estid
842 2979 933 3037 tione.
951 2978 1052 3033 Bonos
1065 2974 1272 3033 consolatores
1279 2975 1414 3045 hebebis,
1439 2977 1607 3035 habitantes
1619 2981 1682 3035 ter·

64 3082 142 3123 coece
152 3066 226 3122 nihil
241 3082 326 3137 esso;
343 3066 400 3121 hoc
411 3066 491 3121 Deus
505 3067 536 3120 in
551 3081 585 3120 so
600 3081 660 3120 non
673 3067 782 3136 potest,
843 3082 906 3127 ram
920 3066 1025 3123 austri.
1041 3065 1074 3121 lu
1085 3064 1510 3134 austrosplondoretcolorest
1521 3067 1682 3137 :splendor

64 3146 129 3213 ttaaa
143 3173 202 3212 non
218 3156 289 3212 vult.
305 3156 440 3229 Angelus
458 3156 589 3211 ethome
604 3156 634 3210 in
650 3159 784 3212 creatura
802 3182 828 3245 Ο
843 3154 1034 3228 cognitionis,
1043 3152 1125 3209 calor
1133 3151 1311 3209 dilectionis.
1324 3152 1445 3209 Terram
1454 3154 1547 3211 austri
1559 3155 1678 3212 inhabi-

64 3248 136 3323 dsst.
162 3246 194 3301 ln
216 3261 250 3301 se
272 3245 431 3317 aliquando
455 3248 553 3316 potest
573 3248 601 3299 ot
624 3244 700 3314 vult,
730 3243 785 3299 nli·
841 3248 904 3310 tant
912 3243 964 3315 qui
972 3243 1002 3299 in
1013 3241 1183 3315 cognitione
1192 3245 1222 3297 et
1231 3240 1388 3298 dilectione
1397 3243 1529 3299 veritatis
1539 3248 1681 3315 pausant.

64 3338 179 3407 ‚potest
195 3338 223 3388 et
239 3350 298 3390 ron
313 3334 389 3403 vult,
406 3350 557 3406 nunquam
572 3332 648 3403 vult,
670 3337 699 3388 et
712 3349 786 3389 nun·
842 3334 895 3389 lsti
903 3333 1055 3389 abundant
1061 3330 1189 3402 panibus
1199 3330 1283 3387 verbi
1291 3330 1354 3402 uei,
1365 3335 1394 3387 et
1412 3333 1585 3394 reficiendis
1595 3335 1684 3397 labo·

64 3426 167 3497 potest.
193 3423 258 3478 lloc
280 3426 378 3479 umen
401 3427 494 3477 totum
511 3438 570 3477 non
590 3426 732 3493 quantum
750 3421 788 3479 ad
841 3421 977 3477 rantibus
998 3423 1155 3476 accurunt.
1178 3418 1237 3474 lete
1259 3420 1338 3475 anim
1360 3421 1447 3491 panis
1472 3426 1529 3494 est,
1552 3427 1603 3497 qui
1619 3417 1681 3487 'aar

64 3528 124 3583 am,
140 3512 195 3569 sed
206 3516 347 3584 quantum
357 3511 556 3583 adjustitiam.
568 3510 618 3567 Sic
633 3510 664 3566 in
678 3511 789 3571 Genesi
840 3511 970 3569 hominis
978 3509 1141 3580 oontlrmat,
1151 3509 1221 3581 quia
1231 3524 1288 3567 non
1298 3508 1329 3563 in
1337 3508 1482 3581 sclopano
1496 3513 1572 3573 uicit
1579 3517 1674 3591 tomo

64 3618 103 3659 ex
116 3601 224 3658 diebus
239 3605 378 3673 operatus
394 3600 517 3673 dicitur,
537 3604 566 3655 et
580 3601 611 3654 in
626 3600 788 3673 Evangelio
840 3601 937 3657 sedin
951 3599 1032 3657 omni
1049 3598 1139 3655 verbo
1154 3598 1417 3671 quodproccdltde
1427 3603 1677 3676 orelleifflattlr.

64 3706 89 3749 u·
101 3707 158 3747 sex
168 3705 258 3762 opera
272 3690 486 3753 misericordiae
503 3693 704 3761 nunrerantur,
719 3690 789 3761 quia
840 3692 893 3760 rr).
910 3689 971 3745 iste
984 3689 1070 3761 panis
1086 3689 1208 3744 comsit
1223 3703 1312 3758 unus,
1327 3689 1447 3745 diversa
1462 3694 1560 3749 umen
1575 3699 1677 3767 specie

64 3778 115 3837 uio
129 3779 322 3851 perfectionis
337 3794 451 3834 summa
471 3795 526 3833 noo
548 3779 617 3851 plus
635 3778 719 3851 justo
734 3780 788 3835 ha·
841 3778 1027 3850 proponitur.
1045 3777 1210 3849 Aliquando
1224 3777 1304 3835 anian
1324 3777 1545 3837 subcinericuis
1559 3784 1679 3859 dicitur,

64 3885 111 3927 tec
125 3870 236 3939 minus,
252 3872 281 3923 et
296 3869 412 3941 signata
426 3871 473 3922 ast
487 3871 516 3923 ct
535 3872 681 3924 contente.
708 3868 789 3941 Ergo
841 3866 1183 3940 aliquandolrordeaons
1197 3867 1245 3923 val
1255 3866 1389 3924 triticeus
1405 3870 1584 3931 nominatur.
1600 3874 1683 3933 Elias

63 3958 190 4017 ntinabit
203 3958 234 4013 in
248 3959 291 4013 ira
307 3973 361 4011 sua
377 3957 600 4013 misericordius
616 3973 705 4028 suas,
721 3958 790 4029 quia
843 3956 963 4031 lugiens
978 3956 1010 4011 in
1023 3956 1154 4026 deserto,
1168 3955 1450 4027 subcinericiopcne
1463 3960 1605 4021 relicitur.
1612 3964 1680 4022 Filii

64 4067 71 4105 ι
84 4064 182 4123 usque
195 4048 231 4102 ad
247 4048 378 4119 quinque
395 4063 484 4119 opere
499 4047 682 4117 extenditur3
704 4047 790 4103 mali·
842 4045 1010 4103 ierusalem
1024 4044 1187 4117 quipacern
1196 4044 1372 4116 inhabitant,
1385 4046 1471 4117 adipe
1482 4047 1621 4113 frumenti
1631 4070 1680 4111 aa·

64 4140 207 4195 aaaron
220 4152 272 4207 per
286 4135 343 4190 tria
358 4135 504 4191 dilatatur.
842 4134 961 4191 tiantur.
976 4133 1033 4200 Qui
1047 4148 1119 4189 vero
1134 4149 1226 4205 super
1239 4132 1342 4191 tenum
1366 4137 1554 4211 recumbunt,
1577 4158 1683 4213 panem
1754 4197 1760 4204 ,

845 4223 1042 4280 hordeaceum
1058 4223 1225 4281 comedunt.
1243 4223 1333 4279 Panis
1350 4225 1407 4280 suli
1431 4226 1541 4298 cinero,
1559 4230 1683 4289 retecto

846 4311 1574 4387 estsuhvilitate.SuntquaodamlooainSoriptum
1584 4336 1682 4393 mera,

64 4403 789 4477 latitatisterrarnanstri,euaapauilrusoecnrrite
848 4425 914 4483 quoe
929 4407 1071 4463 vilitatem
1080 4402 1266 4474 praetendunt
1276 4403 1307 4457 in
1316 4403 1417 4473 spacia
1426 4404 1543 4476 litterar,
1553 4409 1608 4463 sed
1617 4410 1684 4465 dur.

64 4494 83 4549 ti
97 4492 165 4567 (isa.
182 4494 255 4565 ιιι).
271 4493 381 4563 Quare,
398 4493 522 4563 iratres,
538 4493 689 4568 Scriptura
704 4509 790 4549 sacra
806 4501 832 4562 D
849 4499 983 4559 cedinem
999 4496 1121 4550 seruant
1135 4492 1165 4548 in
1179 4491 1379 4563 profunditate
1393 4494 1559 4564 spiritualis
1577 4497 1685 4553 intelli·

64 4598 105 4639 tre
121 4581 210 4638 nobis
225 4581 326 4653 lugam
341 4583 515 4653 persuadet,
535 4583 595 4638 nisi
609 4585 678 4655 quia
692 4586 722 4639 et
736 4599 791 4639 no·
848 4581 1679 4662 gentica,hiceatpenissubcinere‚1·eieotiosubrilittate

64 4670 262 4727 intirmitatem
278 4674 306 4725 et
315 4670 441 4741 periculi
450 4671 683 4743 magnitudinem
694 4674 793 4728 conm-
847 4678 901 4733 Vis
917 4672 1108 4732 utoetendam
1120 4670 1172 4725 tini
1183 4669 1414 4727 subcinericium
1421 4673 1684 4748 ponemtlngisia

71 4758 129 4817 Sed
146 4776 213 4835 qum
228 4762 275 4815 est
291 4759 360 4832 tuga
375 4760 451 4815 ista?
475 4760 551 4825 Quid
575 4760 681 4832 sugere
701 4761 793 4818 debe·
846 4766 998 4839 Scriptura
1007 4775 1095 4817 seem
1104 4758 1253 4833 quomodo
1261 4757 1374 4815 llachel
1381 4761 1410 4814 et
1421 4759 1474 4815 lia
1485 4776 1608 4821 soreres
1617 4764 1685 4823 duae

66 4853 117 4907 aut
139 4850 288 4924 quomodo
310 4866 348 4905 an
375 4850 529 4922 quando?
546 4849 621 4905 Tros
646 4854 716 4906 sunt
744 4851 795 4928 qui
845 4854 975 4927 prurire
990 4850 1083 4907 laceb
1097 4864 1157 4904 uno
1172 4846 1363 4917 contendunt,
1380 4852 1444 4903 utra
1459 4849 1683 4925 illarumpotius

64 4938 165 4999 thella
181 4941 284 4994 contra
298 4954 364 4993 nos.
388 4939 541 5009 Diabolus,
559 4954 639 5009 caro,
660 4942 688 4994 et
709 4956 792 4995 mun-
846 4941 1007 5001 concubitu
1016 4937 1084 5012 ejus
1095 4937 1233 5012 potiatur.
1249 4936 1411 5008 Magnahic
1419 4939 1538 5012 species
1548 4943 1682 5019 vilitatis,

64 5026 189 5085 tabulas
209 5027 288 5083 ducit
312 5030 412 5082 contra
428 5044 483 5082 nos
502 5028 621 5101 agmina
640 5028 794 5103 vitiorum,
847 5047 974 5106 magnus
990 5027 1129 5085 cumulus
1141 5025 1263 5096 cineris,
1278 5018 1542 5098 magnusacervus
1555 5034 1684 5091 terrani-

64 5117 195 5173 nalorum
228 5116 459 5185 desideriorum,
491 5118 619 5173 arundus
652 5134 796 5191 prospera
846 5122 925 5178 tatis.
941 5118 1073 5177 Revolve
1089 5117 1231 5186 cinerem,
1247 5116 1521 5191 scrutareinterius,
1542 5123 1682 5193 panisibi

64 5221 139 5265 ersa.
161 5205 291 5262 Felicius
310 5208 407 5261 autem
429 5210 511 5260 essct
534 5211 636 5261 contra
651 5208 716 5263 haec
730 5224 795 5265 om·
847 5212 926 5281 latet,
946 5205 1069 5265 relectio
1084 5204 1259 5263 abscondita
1272 5207 1329 5261 est.
1347 5205 1683 5281 Vidaeccepanemdis·

64 5311 105 5355 ue
126 5311 261 5371 pugnare
286 5298 314 5351 et
338 5295 474 5365 vincera,
505 5295 560 5350 sed
588 5295 639 5368 qui
659 5297 795 5355 infirmus
848 5296 1109 5372 conponendas
1123 5308 1248 5351 sorores
1261 5294 1337 5349 duas
1352 5294 1684 5371 vitasaignitlcantlia

64 5383 149 5459 pedit
163 5384 207 5441 illi
215 5385 312 5459 magis
324 5383 429 5458 ingere
440 5388 469 5443 et
479 5384 600 5456 salvari,
617 5400 704 5460 quam
720 5387 795 5444 mate
847 5406 914 5471 qaas
928 5387 1138 5461 interpretetur
1156 5382 1318 5456 laboriosa,
1334 5384 1485 5459 significat
1497 5388 1589 5447 vitam
1610 5389 1683 5446 acti·

64 5478 131 5535 eet
146 5475 291 5549 superari.
315 5475 389 5531 Vitia
404 5475 497 5548 igitur
510 5474 656 5549 fugimus,
678 5477 795 5549 quando
846 5495 924 5550 ran,
939 5492 1008 5555 quo
1022 5477 1070 5533 eet
1082 5472 1248 5533 fecundain
1257 5472 1436 5532 tructuhoni
1445 5477 1558 5550 operia,
1568 5477 1623 5533 aeb
1633 5493 1683 5551 pa·

64 5564 268 5629 recensionem
279 5564 473 5637 declinamps,
485 5568 517 5622 nt
527 5565 557 5621 in
568 5565 685 5623 luxuria
695 5565 795 5624 carnis
847 5584 913 5626 rum
925 5566 1007 5625 ridet
1021 5563 1139 5625 inlucet
1150 5563 1418 5636 contemplationis.
1432 5564 1553 5623 eacoat
1563 5567 1683 5640 quein·

64 5676 97 5733 a,
112 5659 144 5717 iu
159 5656 204 5713 ira
219 5654 451 5715 contentionem.
476 5654 630 5717 Desideria
645 5657 793 5736 legimus,
845 5660 1024 5736 terpretatur
1041 5656 1135 5714 visunt
1146 5654 1339 5731 principiam,
1355 5653 1494 5729 designat
1506 5655 1605 5714 uitam
1612 5672 1694 5716 eou-

64 4276 164 4335 ίΧΙΧ.
175 4277 317 4352 [tedrpaa
333 4279 450 4334 uitiiset
462 4294 562 4334 rorum
573 4279 788 4335 occasionibus.
